[
    {
        "date": "2025-06-30",
        "symbol": "FRO",
        "reportedCurrency": "USD",
        "cik": "0000913290",
        "fillingDate": "2025-08-29",
        "acceptedDate": "2025-08-29 16:11:02",
        "calendarYear": "2025",
        "period": "Q2",
        "revenue": 480077000,
        "costOfRevenue": 336547000,
        "grossProfit": 143530000,
        "grossProfitRatio": 0.2989728731,
        "researchAndDevelopmentExpenses": 0,
        "generalAndAdministrativeExpenses": 11517000,
        "sellingAndMarketingExpenses": 0,
        "sellingGeneralAndAdministrativeExpenses": 11517000,
        "otherExpenses": 135000,
        "operatingExpenses": 11652000,
        "costAndExpenses": 348199000,
        "interestIncome": 4759000,
        "interestExpense": 60389000,
        "depreciationAndAmortization": 82170000,
        "ebitda": 221624000,
        "ebitdaratio": 0.4616426115,
        "operatingIncome": 131878000,
        "operatingIncomeRatio": 0.2747017666,
        "totalOtherIncomeExpensesNet": -52813000,
        "incomeBeforeTax": 79065000,
        "incomeBeforeTaxRatio": 0.1646923306,
        "incomeTaxExpense": 1522000,
        "netIncome": 77543000,
        "netIncomeRatio": 0.1615220058,
        "eps": 0.35,
        "epsdiluted": 0.35,
        "weightedAverageShsOut": 222623000,
        "weightedAverageShsOutDil": 222623000,
        "link": "https://www.sec.gov/Archives/edgar/data/913290/000091957425005407/0000919574-25-005407-index.htm",
        "finalLink": "https://www.sec.gov/Archives/edgar/data/913290/000091957425005407/d11974450_ex1.htm"
    },
    {
        "date": "2025-03-31",
        "symbol": "FRO",
        "reportedCurrency": "USD",
        "cik": "0000913290",
        "fillingDate": "2025-05-23",
        "acceptedDate": "2025-05-23 16:04:50",
        "calendarYear": "2025",
        "period": "Q1",
        "revenue": 427866000,
        "costOfRevenue": 321578000,
        "grossProfit": 106288000,
        "grossProfitRatio": 0.2484142231,
        "researchAndDevelopmentExpenses": 0,
        "generalAndAdministrativeExpenses": 13348000,
        "sellingAndMarketingExpenses": 0,
        "sellingGeneralAndAdministrativeExpenses": 13348000,
        "otherExpenses": -227000,
        "operatingExpenses": 13121000,
        "costAndExpenses": 334699000,
        "interestIncome": 4484000,
        "interestExpense": 62799000,
        "depreciationAndAmortization": 81261000,
        "ebitda": 98087000,
        "ebitdaratio": 0.2292470072,
        "operatingIncome": 93167000,
        "operatingIncomeRatio": 0.21774808,
        "totalOtherIncomeExpensesNet": -57879000,
        "incomeBeforeTax": 35288000,
        "incomeBeforeTaxRatio": 0.0824744196,
        "incomeTaxExpense": 2001000,
        "netIncome": 33287000,
        "netIncomeRatio": 0.0777977217,
        "eps": 0.15,
        "epsdiluted": 0.15,
        "weightedAverageShsOut": 222623000,
        "weightedAverageShsOutDil": 222623000,
        "link": "https://www.sec.gov/Archives/edgar/data/913290/000091957425003385/0000919574-25-003385-index.htm",
        "finalLink": "https://www.sec.gov/Archives/edgar/data/913290/000091957425003385/d11810056_6-k.htm"
    },
    {
        "date": "2024-12-31",
        "symbol": "FRO",
        "reportedCurrency": "USD",
        "cik": "0000913290",
        "fillingDate": "2025-03-03",
        "acceptedDate": "2025-03-03 16:24:48",
        "calendarYear": "2024",
        "period": "Q4",
        "revenue": 425644000,
        "costOfRevenue": 228918000,
        "grossProfit": 196726000,
        "grossProfitRatio": 0.4621843606,
        "researchAndDevelopmentExpenses": 0,
        "generalAndAdministrativeExpenses": 1709000,
        "sellingAndMarketingExpenses": 0,
        "sellingGeneralAndAdministrativeExpenses": 1709000,
        "otherExpenses": 65301000,
        "operatingExpenses": 67010000,
        "costAndExpenses": 295928000,
        "interestIncome": 2910000,
        "interestExpense": 75129000,
        "depreciationAndAmortization": 83148000,
        "ebitda": 224796000,
        "ebitdaratio": 0.5281314902,
        "operatingIncome": 129716000,
        "operatingIncomeRatio": 0.3047523282,
        "totalOtherIncomeExpensesNet": -142755000,
        "incomeBeforeTax": 66519000,
        "incomeBeforeTaxRatio": 0.1562784862,
        "incomeTaxExpense": -214000,
        "netIncome": 66733000,
        "netIncomeRatio": 0.1567812538,
        "eps": 0.3,
        "epsdiluted": 0.3,
        "weightedAverageShsOut": 222623000,
        "weightedAverageShsOutDil": 222623000,
        "link": "https://www.sec.gov/Archives/edgar/data/913290/000091957425001757/0000919574-25-001757-index.htm",
        "finalLink": "https://www.sec.gov/Archives/edgar/data/913290/000091957425001757/d11619606_ex1.htm"
    },
    {
        "date": "2024-09-30",
        "symbol": "FRO",
        "reportedCurrency": "USD",
        "cik": "0000913290",
        "fillingDate": "2024-09-30",
        "acceptedDate": "2024-09-30 00:00:00",
        "calendarYear": "2024",
        "period": "Q3",
        "revenue": 490318000,
        "costOfRevenue": 338587000,
        "grossProfit": 151731000,
        "grossProfitRatio": 0.3094542725,
        "researchAndDevelopmentExpenses": 0,
        "generalAndAdministrativeExpenses": 6965000,
        "sellingAndMarketingExpenses": 0,
        "sellingGeneralAndAdministrativeExpenses": 6965000,
        "otherExpenses": -45000,
        "operatingExpenses": 6920000,
        "costAndExpenses": 345507000,
        "interestIncome": 5054000,
        "interestExpense": 82439000,
        "depreciationAndAmortization": 84156000,
        "ebitda": 231848000,
        "ebitdaratio": 0.4728523122,
        "operatingIncome": 144811000,
        "operatingIncomeRatio": 0.2953409828,
        "totalOtherIncomeExpensesNet": -79558000,
        "incomeBeforeTax": 65253000,
        "incomeBeforeTaxRatio": 0.1330830196,
        "incomeTaxExpense": 4796000,
        "netIncome": 60457000,
        "netIncomeRatio": 0.1233016124,
        "eps": 0.27,
        "epsdiluted": 0.27,
        "weightedAverageShsOut": 222623000,
        "weightedAverageShsOutDil": 222623000,
        "link": null,
        "finalLink": null
    },
    {
        "date": "2024-06-30",
        "symbol": "FRO",
        "reportedCurrency": "USD",
        "cik": "0000913290",
        "fillingDate": "2024-09-27",
        "acceptedDate": "2024-09-27 16:06:37",
        "calendarYear": "2024",
        "period": "Q2",
        "revenue": 556026000,
        "costOfRevenue": 339028000,
        "grossProfit": 216998000,
        "grossProfitRatio": 0.3902659228,
        "researchAndDevelopmentExpenses": 0,
        "generalAndAdministrativeExpenses": 12566000,
        "sellingAndMarketingExpenses": 0,
        "sellingGeneralAndAdministrativeExpenses": 12566000,
        "otherExpenses": -51487000,
        "operatingExpenses": -38921000,
        "costAndExpenses": 300107000,
        "interestIncome": 5334000,
        "interestExpense": 82555000,
        "depreciationAndAmortization": 83714000,
        "ebitda": 288146000,
        "ebitdaratio": 0.5182239679,
        "operatingIncome": 255919000,
        "operatingIncomeRatio": 0.4602644481,
        "totalOtherIncomeExpensesNet": -66804000,
        "incomeBeforeTax": 189115000,
        "incomeBeforeTaxRatio": 0.3401189872,
        "incomeTaxExpense": 1541000,
        "netIncome": 187574000,
        "netIncomeRatio": 0.3373475341,
        "eps": 0.84,
        "epsdiluted": 0.84,
        "weightedAverageShsOut": 222623000,
        "weightedAverageShsOutDil": 222623000,
        "link": "https://www.sec.gov/Archives/edgar/data/913290/000091329024000004/0000913290-24-000004-index.htm",
        "finalLink": "https://www.sec.gov/Archives/edgar/data/913290/000091329024000004/0000913290-24-000004.txt"
    },
    {
        "date": "2024-03-31",
        "symbol": "FRO",
        "reportedCurrency": "USD",
        "cik": "0000913290",
        "fillingDate": "2024-03-31",
        "acceptedDate": "2024-03-29 20:00:00",
        "calendarYear": "2024",
        "period": "Q1",
        "revenue": 578397000,
        "costOfRevenue": 355026000,
        "grossProfit": 223371000,
        "grossProfitRatio": 0.3861897624,
        "researchAndDevelopmentExpenses": 0,
        "generalAndAdministrativeExpenses": 14846000,
        "sellingAndMarketingExpenses": 0,
        "sellingGeneralAndAdministrativeExpenses": 14846000,
        "otherExpenses": 0,
        "operatingExpenses": 14846000,
        "costAndExpenses": 369872000,
        "interestIncome": 2227000,
        "interestExpense": 71376000,
        "depreciationAndAmortization": 88012000,
        "ebitda": 296537000,
        "ebitdaratio": 0.5126876523,
        "operatingIncome": 208525000,
        "operatingIncomeRatio": 0.360522271,
        "totalOtherIncomeExpensesNet": -68900000,
        "incomeBeforeTax": 181153000,
        "incomeBeforeTaxRatio": 0.3131983741,
        "incomeTaxExpense": 1548000,
        "netIncome": 180819000,
        "netIncomeRatio": 0.3126209161,
        "eps": 0.81,
        "epsdiluted": 0.81,
        "weightedAverageShsOut": 222623000,
        "weightedAverageShsOutDil": 222623000,
        "link": null,
        "finalLink": null
    },
    {
        "date": "2023-12-31",
        "symbol": "FRO",
        "reportedCurrency": "USD",
        "cik": "0000913290",
        "fillingDate": "2024-04-26",
        "acceptedDate": "2024-04-26 16:40:17",
        "calendarYear": "2023",
        "period": "Q4",
        "revenue": 415004000,
        "costOfRevenue": 263065999,
        "grossProfit": 151938001,
        "grossProfitRatio": 0.3661121363,
        "researchAndDevelopmentExpenses": 0,
        "generalAndAdministrativeExpenses": 13891000,
        "sellingAndMarketingExpenses": 0,
        "sellingGeneralAndAdministrativeExpenses": 13891000,
        "otherExpenses": 0,
        "operatingExpenses": 13891000,
        "costAndExpenses": 276957000,
        "interestIncome": 5366000,
        "interestExpense": 48057000,
        "depreciationAndAmortization": 60018000,
        "ebitda": 233916000,
        "ebitdaratio": 0.5636475793,
        "operatingIncome": 138047000,
        "operatingIncomeRatio": 0.3326401673,
        "totalOtherIncomeExpensesNet": -19450000,
        "incomeBeforeTax": 118479000,
        "incomeBeforeTaxRatio": 0.2854888146,
        "incomeTaxExpense": 226000,
        "netIncome": 118371000,
        "netIncomeRatio": 0.2852285761,
        "eps": 0.53,
        "epsdiluted": 0.53,
        "weightedAverageShsOut": 222622889,
        "weightedAverageShsOutDil": 222622889,
        "link": "https://www.sec.gov/Archives/edgar/data/913290/000091329024000002/0000913290-24-000002-index.htm",
        "finalLink": "https://www.sec.gov/Archives/edgar/data/913290/000091329024000002/fro-20231231.htm"
    },
    {
        "date": "2023-09-30",
        "symbol": "FRO",
        "reportedCurrency": "USD",
        "cik": "0000913290",
        "fillingDate": "2023-12-13",
        "acceptedDate": "2023-12-13 06:11:10",
        "calendarYear": "2023",
        "period": "Q3",
        "revenue": 377085000,
        "costOfRevenue": 247435000,
        "grossProfit": 129650000,
        "grossProfitRatio": 0.3438216848,
        "researchAndDevelopmentExpenses": 0,
        "generalAndAdministrativeExpenses": 15298000,
        "sellingAndMarketingExpenses": 0,
        "sellingGeneralAndAdministrativeExpenses": 15298000,
        "otherExpenses": 0,
        "operatingExpenses": 14898000,
        "costAndExpenses": 262333000,
        "interestIncome": 3800000,
        "interestExpense": 38110000,
        "depreciationAndAmortization": 58282000,
        "ebitda": 205829000,
        "ebitdaratio": 0.5458424493,
        "operatingIncome": 114752000,
        "operatingIncomeRatio": 0.3043133511,
        "totalOtherIncomeExpensesNet": -7005000,
        "incomeBeforeTax": 107747000,
        "incomeBeforeTaxRatio": 0.2857366376,
        "incomeTaxExpense": 4000,
        "netIncome": 107743000,
        "netIncomeRatio": 0.2857260299,
        "eps": 0.48,
        "epsdiluted": 0.48,
        "weightedAverageShsOut": 222623000,
        "weightedAverageShsOutDil": 222623000,
        "link": "https://www.sec.gov/Archives/edgar/data/913290/000091329023000011/0000913290-23-000011-index.htm",
        "finalLink": "https://www.sec.gov/Archives/edgar/data/913290/000091329023000011/0000913290-23-000011.txt"
    },
    {
        "date": "2023-06-30",
        "symbol": "FRO",
        "reportedCurrency": "USD",
        "cik": "0000913290",
        "fillingDate": "2023-09-14",
        "acceptedDate": "2023-09-14 16:20:34",
        "calendarYear": "2023",
        "period": "Q2",
        "revenue": 512763000,
        "costOfRevenue": 257478000,
        "grossProfit": 255285000,
        "grossProfitRatio": 0.4978615852,
        "researchAndDevelopmentExpenses": 0,
        "generalAndAdministrativeExpenses": 11701000,
        "sellingAndMarketingExpenses": 0,
        "sellingGeneralAndAdministrativeExpenses": 11701000,
        "otherExpenses": 0,
        "operatingExpenses": 2310000,
        "costAndExpenses": 259788000,
        "interestIncome": 4855000,
        "interestExpense": 32390000,
        "depreciationAndAmortization": 57096000,
        "ebitda": 300721000,
        "ebitdaratio": 0.5864717228,
        "operatingIncome": 252975000,
        "operatingIncomeRatio": 0.4933565799,
        "totalOtherIncomeExpensesNet": -22140000,
        "incomeBeforeTax": 230835000,
        "incomeBeforeTaxRatio": 0.4501787375,
        "incomeTaxExpense": 161000,
        "netIncome": 230674000,
        "netIncomeRatio": 0.4498647523,
        "eps": 1.04,
        "epsdiluted": 1.04,
        "weightedAverageShsOut": 222622889,
        "weightedAverageShsOutDil": 222622889,
        "link": "https://www.sec.gov/Archives/edgar/data/913290/000091329023000008/0000913290-23-000008-index.htm",
        "finalLink": "https://www.sec.gov/Archives/edgar/data/913290/000091329023000008/0000913290-23-000008.txt"
    },
    {
        "date": "2023-03-31",
        "symbol": "FRO",
        "reportedCurrency": "USD",
        "cik": "0000913290",
        "fillingDate": "2023-09-14",
        "acceptedDate": "2023-09-14 16:20:34",
        "calendarYear": "2023",
        "period": "Q1",
        "revenue": 497332000,
        "costOfRevenue": 258091000,
        "grossProfit": 239241000,
        "grossProfitRatio": 0.4810488768,
        "researchAndDevelopmentExpenses": 0,
        "generalAndAdministrativeExpenses": 12638000,
        "sellingAndMarketingExpenses": 0,
        "sellingGeneralAndAdministrativeExpenses": 12638000,
        "otherExpenses": -14289000,
        "operatingExpenses": -1651000,
        "costAndExpenses": 256440000,
        "interestIncome": 2873000,
        "interestExpense": 45417000,
        "depreciationAndAmortization": 55546000,
        "ebitda": 282149000,
        "ebitdaratio": 0.5673252475,
        "operatingIncome": 240892000,
        "operatingIncomeRatio": 0.4843685908,
        "totalOtherIncomeExpensesNet": -41452000,
        "incomeBeforeTax": 199440000,
        "incomeBeforeTaxRatio": 0.4010198419,
        "incomeTaxExpense": -186000,
        "netIncome": 199626000,
        "netIncomeRatio": 0.4013938375,
        "eps": 0.9,
        "epsdiluted": 0.9,
        "weightedAverageShsOut": 222623000,
        "weightedAverageShsOutDil": 222623000,
        "link": "https://www.sec.gov/Archives/edgar/data/913290/000091329023000008/0000913290-23-000008-index.htm",
        "finalLink": "https://www.sec.gov/Archives/edgar/data/913290/000091329023000008/0000913290-23-000008.txt"
    },
    {
        "date": "2022-12-31",
        "symbol": "FRO",
        "reportedCurrency": "USD",
        "cik": "0000913290",
        "fillingDate": "2023-04-28",
        "acceptedDate": "2023-04-28 16:06:14",
        "calendarYear": "2022",
        "period": "Q4",
        "revenue": 530141000,
        "costOfRevenue": 265811000,
        "grossProfit": 264330000,
        "grossProfitRatio": 0.4986032018,
        "researchAndDevelopmentExpenses": 0,
        "generalAndAdministrativeExpenses": 18393000,
        "sellingAndMarketingExpenses": 0,
        "sellingGeneralAndAdministrativeExpenses": 18393000,
        "otherExpenses": -451000,
        "operatingExpenses": 17942000,
        "costAndExpenses": 283753000,
        "interestIncome": 1077000,
        "interestExpense": 35857000,
        "depreciationAndAmortization": 49459000,
        "ebitda": 290961000,
        "ebitdaratio": 0.5488370075,
        "operatingIncome": 246388000,
        "operatingIncomeRatio": 0.4647593753,
        "totalOtherIncomeExpensesNet": -6152000,
        "incomeBeforeTax": 240236000,
        "incomeBeforeTaxRatio": 0.4531549154,
        "incomeTaxExpense": 202000,
        "netIncome": 242853000,
        "netIncomeRatio": 0.458091338,
        "eps": 1.08,
        "epsdiluted": 1.08,
        "weightedAverageShsOut": 222253704,
        "weightedAverageShsOutDil": 222253704,
        "link": "https://www.sec.gov/Archives/edgar/data/913290/000091329023000005/0000913290-23-000005-index.htm",
        "finalLink": "https://www.sec.gov/Archives/edgar/data/913290/000091329023000005/fro-20221231.htm"
    },
    {
        "date": "2022-09-30",
        "symbol": "FRO",
        "reportedCurrency": "USD",
        "cik": "0000913290",
        "fillingDate": "2022-09-30",
        "acceptedDate": "2022-09-30 00:00:00",
        "calendarYear": "2022",
        "period": "Q3",
        "revenue": 382186000,
        "costOfRevenue": 259882000,
        "grossProfit": 122304000,
        "grossProfitRatio": 0.320011722,
        "researchAndDevelopmentExpenses": 0,
        "generalAndAdministrativeExpenses": 13667000,
        "sellingAndMarketingExpenses": 0,
        "sellingGeneralAndAdministrativeExpenses": 13667000,
        "otherExpenses": -1944000,
        "operatingExpenses": 11723000,
        "costAndExpenses": 271605000,
        "interestIncome": 198000,
        "interestExpense": 26961000,
        "depreciationAndAmortization": 39225000,
        "ebitda": 220829000,
        "ebitdaratio": 0.5778050478,
        "operatingIncome": 110581000,
        "operatingIncomeRatio": 0.2893381757,
        "totalOtherIncomeExpensesNet": 42260000,
        "incomeBeforeTax": 154643000,
        "incomeBeforeTaxRatio": 0.4046275897,
        "incomeTaxExpense": 204000,
        "netIncome": 154439000,
        "netIncomeRatio": 0.4040938182,
        "eps": 0.69,
        "epsdiluted": 0.69,
        "weightedAverageShsOut": 222622889,
        "weightedAverageShsOutDil": 223824638,
        "link": null,
        "finalLink": null
    },
    {
        "date": "2022-06-30",
        "symbol": "FRO",
        "reportedCurrency": "USD",
        "cik": "0000913290",
        "fillingDate": "2022-08-25",
        "acceptedDate": "2022-08-25 17:21:23",
        "calendarYear": "2022",
        "period": "Q2",
        "revenue": 300440000,
        "costOfRevenue": 228774000,
        "grossProfit": 71666000,
        "grossProfitRatio": 0.2385368127,
        "researchAndDevelopmentExpenses": 0,
        "generalAndAdministrativeExpenses": 9098000,
        "sellingAndMarketingExpenses": 0,
        "sellingGeneralAndAdministrativeExpenses": 9098000,
        "otherExpenses": -264000,
        "operatingExpenses": 8834000,
        "costAndExpenses": 237608000,
        "interestIncome": 141000,
        "interestExpense": 10100000,
        "depreciationAndAmortization": 37512000,
        "ebitda": 103556000,
        "ebitdaratio": 0.3446811343,
        "operatingIncome": 62904000,
        "operatingIncomeRatio": 0.2093729197,
        "totalOtherIncomeExpensesNet": -15788000,
        "incomeBeforeTax": 47116000,
        "incomeBeforeTaxRatio": 0.1568233258,
        "incomeTaxExpense": 19000,
        "netIncome": 47097000,
        "netIncomeRatio": 0.1567600852,
        "eps": 0.23,
        "epsdiluted": 0.23,
        "weightedAverageShsOut": 204769565,
        "weightedAverageShsOutDil": 204769565,
        "link": "https://www.sec.gov/Archives/edgar/data/913290/000091957422005258/0000919574-22-005258-index.html",
        "finalLink": "https://www.sec.gov/Archives/edgar/data/913290/000091957422005258/d9745877_6-k.htm"
    },
    {
        "date": "2022-03-31",
        "symbol": "FRO",
        "reportedCurrency": "USD",
        "cik": "0000913290",
        "fillingDate": "2022-06-14",
        "acceptedDate": "2022-06-14 16:15:02",
        "calendarYear": "2022",
        "period": "Q1",
        "revenue": 217441000,
        "costOfRevenue": 194741000,
        "grossProfit": 22700000,
        "grossProfitRatio": 0.104396135,
        "researchAndDevelopmentExpenses": 0,
        "generalAndAdministrativeExpenses": 7142000,
        "sellingAndMarketingExpenses": 0,
        "sellingGeneralAndAdministrativeExpenses": 7142000,
        "otherExpenses": 0,
        "operatingExpenses": 7142000,
        "costAndExpenses": 201883000,
        "interestIncome": 47000,
        "interestExpense": 16966000,
        "depreciationAndAmortization": 38974000,
        "ebitda": 87075000,
        "ebitdaratio": 0.4004534563,
        "operatingIncome": -22491000,
        "operatingIncomeRatio": -0.1034349548,
        "totalOtherIncomeExpensesNet": 8208000,
        "incomeBeforeTax": 31135000,
        "incomeBeforeTaxRatio": 0.1431882672,
        "incomeTaxExpense": -13000,
        "netIncome": 31148000,
        "netIncomeRatio": 0.1432480535,
        "eps": 0.15,
        "epsdiluted": 0.15,
        "weightedAverageShsOut": 203531000,
        "weightedAverageShsOutDil": 203531000,
        "link": "https://www.sec.gov/Archives/edgar/data/913290/000091329022000006/0000913290-22-000006-index.htm",
        "finalLink": "https://www.sec.gov/Archives/edgar/data/913290/000091329022000006/0000913290-22-000006.txt"
    },
    {
        "date": "2021-12-31",
        "symbol": "FRO",
        "reportedCurrency": "USD",
        "cik": "0000913290",
        "fillingDate": "2022-03-17",
        "acceptedDate": "2022-03-17 16:51:58",
        "calendarYear": "2021",
        "period": "Q4",
        "revenue": 213546000,
        "costOfRevenue": 193480000,
        "grossProfit": 20066000,
        "grossProfitRatio": 0.0939657029,
        "researchAndDevelopmentExpenses": 0,
        "generalAndAdministrativeExpenses": 7107000,
        "sellingAndMarketingExpenses": 0,
        "sellingGeneralAndAdministrativeExpenses": 7107000,
        "otherExpenses": -4482000,
        "operatingExpenses": 2625000,
        "costAndExpenses": 196105000,
        "interestIncome": 10000,
        "interestExpense": 16801000,
        "depreciationAndAmortization": 38586000,
        "ebitda": 79827000,
        "ebitdaratio": 0.3738164143,
        "operatingIncome": 36308000,
        "operatingIncomeRatio": 0.1700242571,
        "totalOtherIncomeExpensesNet": 2199000,
        "incomeBeforeTax": 24440000,
        "incomeBeforeTaxRatio": 0.1144484092,
        "incomeTaxExpense": 4657000,
        "netIncome": 19783000,
        "netIncomeRatio": 0.0926404615,
        "eps": 0.1,
        "epsdiluted": 0.1,
        "weightedAverageShsOut": 197830000,
        "weightedAverageShsOutDil": 197830000,
        "link": "https://www.sec.gov/Archives/edgar/data/913290/000091329022000003/0000913290-22-000003-index.htm",
        "finalLink": "https://www.sec.gov/Archives/edgar/data/913290/000091329022000003/fro-20211231.htm"
    },
    {
        "date": "2021-09-30",
        "symbol": "FRO",
        "reportedCurrency": "USD",
        "cik": "0000913290",
        "fillingDate": "2021-12-01",
        "acceptedDate": "2021-12-01 16:54:01",
        "calendarYear": "2021",
        "period": "Q3",
        "revenue": 171825000,
        "costOfRevenue": 185880000,
        "grossProfit": -14055000,
        "grossProfitRatio": -0.0817983413,
        "researchAndDevelopmentExpenses": 0,
        "generalAndAdministrativeExpenses": 6452000,
        "sellingAndMarketingExpenses": 0,
        "sellingGeneralAndAdministrativeExpenses": 6452000,
        "otherExpenses": 984000,
        "operatingExpenses": 6174000,
        "costAndExpenses": 192054000,
        "interestIncome": 26000,
        "interestExpense": 15222000,
        "depreciationAndAmortization": 37454000,
        "ebitda": 19485000,
        "ebitdaratio": 0.1134002619,
        "operatingIncome": -19238000,
        "operatingIncomeRatio": -0.1119627528,
        "totalOtherIncomeExpensesNet": -13953000,
        "incomeBeforeTax": -33191000,
        "incomeBeforeTaxRatio": -0.1931674669,
        "incomeTaxExpense": 15000,
        "netIncome": -33206000,
        "netIncomeRatio": -0.193254765,
        "eps": -0.17,
        "epsdiluted": -0.17,
        "weightedAverageShsOut": 195329411,
        "weightedAverageShsOutDil": 195329412,
        "link": "https://www.sec.gov/Archives/edgar/data/913290/000091329021000011/0000913290-21-000011-index.htm",
        "finalLink": "https://www.sec.gov/Archives/edgar/data/913290/000091329021000011/0000913290-21-000011.txt"
    },
    {
        "date": "2021-06-30",
        "symbol": "FRO",
        "reportedCurrency": "USD",
        "cik": "0000913290",
        "fillingDate": "2021-08-30",
        "acceptedDate": "2021-08-30 16:05:31",
        "calendarYear": "2021",
        "period": "Q2",
        "revenue": 170018000,
        "costOfRevenue": 175316000,
        "grossProfit": -5298000,
        "grossProfitRatio": -0.0311614064,
        "researchAndDevelopmentExpenses": 0,
        "generalAndAdministrativeExpenses": 7947000,
        "sellingAndMarketingExpenses": 0,
        "sellingGeneralAndAdministrativeExpenses": 7947000,
        "otherExpenses": 1314000,
        "operatingExpenses": 7351000,
        "costAndExpenses": 182667000,
        "interestIncome": 38000,
        "interestExpense": 14654000,
        "depreciationAndAmortization": 36204000,
        "ebitda": 24202000,
        "ebitdaratio": 0.1423496336,
        "operatingIncome": -11688000,
        "operatingIncomeRatio": -0.0687456622,
        "totalOtherIncomeExpensesNet": -14968000,
        "incomeBeforeTax": -26656000,
        "incomeBeforeTaxRatio": -0.1567833994,
        "incomeTaxExpense": -25000,
        "netIncome": -26631000,
        "netIncomeRatio": -0.1566363562,
        "eps": -0.13,
        "epsdiluted": -0.13,
        "weightedAverageShsOut": 197692321,
        "weightedAverageShsOutDil": 204853846,
        "link": "https://www.sec.gov/Archives/edgar/data/913290/000091957421005611/0000919574-21-005611-index.html",
        "finalLink": "https://www.sec.gov/Archives/edgar/data/913290/000091957421005611/d8932126_6-k.htm"
    },
    {
        "date": "2021-03-31",
        "symbol": "FRO",
        "reportedCurrency": "USD",
        "cik": "0000913290",
        "fillingDate": "2021-06-01",
        "acceptedDate": "2021-06-01 16:35:26",
        "calendarYear": "2021",
        "period": "Q1",
        "revenue": 193991000,
        "costOfRevenue": 164106000,
        "grossProfit": 29885000,
        "grossProfitRatio": 0.1540535386,
        "researchAndDevelopmentExpenses": 0,
        "generalAndAdministrativeExpenses": 6384000,
        "sellingAndMarketingExpenses": 0,
        "sellingGeneralAndAdministrativeExpenses": 6384000,
        "otherExpenses": 690000,
        "operatingExpenses": 5847000,
        "costAndExpenses": 169953000,
        "interestIncome": 45000,
        "interestExpense": 14760000,
        "depreciationAndAmortization": 35530000,
        "ebitda": 79106000,
        "ebitdaratio": 0.4077818043,
        "operatingIncome": 24701000,
        "operatingIncomeRatio": 0.1273306494,
        "totalOtherIncomeExpensesNet": 4180000,
        "incomeBeforeTax": 28881000,
        "incomeBeforeTaxRatio": 0.1488780407,
        "incomeTaxExpense": -14000,
        "netIncome": 28895000,
        "netIncomeRatio": 0.148950209,
        "eps": 0.15,
        "epsdiluted": 0.15,
        "weightedAverageShsOut": 197692000,
        "weightedAverageShsOutDil": 197775000,
        "link": "https://www.sec.gov/Archives/edgar/data/913290/000091329021000006/0000913290-21-000006-index.htm",
        "finalLink": "https://www.sec.gov/Archives/edgar/data/913290/000091329021000006/0000913290-21-000006.txt"
    },
    {
        "date": "2020-12-31",
        "symbol": "FRO",
        "reportedCurrency": "USD",
        "cik": "0000913290",
        "fillingDate": "2021-03-18",
        "acceptedDate": "2021-03-18 17:21:41",
        "calendarYear": "2020",
        "period": "Q4",
        "revenue": 174873000,
        "costOfRevenue": 163357000,
        "grossProfit": 11516000,
        "grossProfitRatio": 0.0658535051,
        "researchAndDevelopmentExpenses": 0,
        "generalAndAdministrativeExpenses": 15650000,
        "sellingAndMarketingExpenses": 0,
        "sellingGeneralAndAdministrativeExpenses": 15650000,
        "otherExpenses": -19000,
        "operatingExpenses": 8654000,
        "costAndExpenses": 172011000,
        "interestIncome": 50000,
        "interestExpense": 15197000,
        "depreciationAndAmortization": 36114000,
        "ebitda": 43798000,
        "ebitdaratio": 0.2504560452,
        "operatingIncome": 2862000,
        "operatingIncomeRatio": 0.0163661629,
        "totalOtherIncomeExpensesNet": -11991000,
        "incomeBeforeTax": -9130000,
        "incomeBeforeTaxRatio": -0.0522093176,
        "incomeTaxExpense": 47000,
        "netIncome": -9187000,
        "netIncomeRatio": -0.0525352685,
        "eps": -0.0465,
        "epsdiluted": -0.0465,
        "weightedAverageShsOut": 197692321,
        "weightedAverageShsOutDil": 197692321,
        "link": "https://www.sec.gov/Archives/edgar/data/913290/000091329021000003/0000913290-21-000003-index.htm",
        "finalLink": "https://www.sec.gov/Archives/edgar/data/913290/000091329021000003/fro-20201231.htm"
    },
    {
        "date": "2020-09-30",
        "symbol": "FRO",
        "reportedCurrency": "USD",
        "cik": "0000913290",
        "fillingDate": "2020-12-09",
        "acceptedDate": "2020-12-09 08:42:55",
        "calendarYear": "2020",
        "period": "Q3",
        "revenue": 247410000,
        "costOfRevenue": 160857000,
        "grossProfit": 86553000,
        "grossProfitRatio": 0.3498363041,
        "researchAndDevelopmentExpenses": 0,
        "generalAndAdministrativeExpenses": 14283000,
        "sellingAndMarketingExpenses": 0,
        "sellingGeneralAndAdministrativeExpenses": 14283000,
        "otherExpenses": 0,
        "operatingExpenses": 14221000,
        "costAndExpenses": 175078000,
        "interestIncome": 58000,
        "interestExpense": 16104000,
        "depreciationAndAmortization": 37281000,
        "ebitda": 106904000,
        "ebitdaratio": 0.4320924781,
        "operatingIncome": 70957000,
        "operatingIncomeRatio": 0.2867992401,
        "totalOtherIncomeExpensesNet": -13845000,
        "incomeBeforeTax": 57112000,
        "incomeBeforeTaxRatio": 0.2308394972,
        "incomeTaxExpense": -14000,
        "netIncome": 57068000,
        "netIncomeRatio": 0.2306616547,
        "eps": 0.29,
        "epsdiluted": 0.29,
        "weightedAverageShsOut": 196786206,
        "weightedAverageShsOutDil": 196786207,
        "link": "https://www.sec.gov/Archives/edgar/data/913290/000091329020000006/0000913290-20-000006-index.htm",
        "finalLink": "https://www.sec.gov/Archives/edgar/data/913290/000091329020000006/0000913290-20-000006.txt"
    },
    {
        "date": "2020-06-30",
        "symbol": "FRO",
        "reportedCurrency": "USD",
        "cik": "0000913290",
        "fillingDate": "2020-05-29",
        "acceptedDate": "2020-05-29 16:09:35",
        "calendarYear": "2020",
        "period": "Q2",
        "revenue": 387085000,
        "costOfRevenue": 161662000,
        "grossProfit": 225423000,
        "grossProfitRatio": 0.5823604635,
        "researchAndDevelopmentExpenses": 0,
        "generalAndAdministrativeExpenses": 12783000,
        "sellingAndMarketingExpenses": 0,
        "sellingGeneralAndAdministrativeExpenses": 12783000,
        "otherExpenses": 368000,
        "operatingExpenses": 12632000,
        "costAndExpenses": 174294000,
        "interestIncome": 117000,
        "interestExpense": 18225000,
        "depreciationAndAmortization": 35329000,
        "ebitda": 254974000,
        "ebitdaratio": 0.6587028689,
        "operatingIncome": 225526000,
        "operatingIncomeRatio": 0.5826265549,
        "totalOtherIncomeExpensesNet": -25853000,
        "incomeBeforeTax": 199670000,
        "incomeBeforeTaxRatio": 0.5158298565,
        "incomeTaxExpense": -55000,
        "netIncome": 199662000,
        "netIncomeRatio": 0.5158091892,
        "eps": 1.01,
        "epsdiluted": 1.01,
        "weightedAverageShsOut": 197684158,
        "weightedAverageShsOutDil": 197684158,
        "link": "https://www.sec.gov/Archives/edgar/data/913290/000162828020008636/0001628280-20-008636-index.htm",
        "finalLink": "https://www.sec.gov/Archives/edgar/data/913290/000162828020008636/0001628280-20-008636.txt"
    },
    {
        "date": "2020-03-31",
        "symbol": "FRO",
        "reportedCurrency": "USD",
        "cik": "0000913290",
        "fillingDate": "2020-05-29",
        "acceptedDate": "2020-05-29 16:09:35",
        "calendarYear": "2020",
        "period": "Q1",
        "revenue": 411819000,
        "costOfRevenue": 198611000,
        "grossProfit": 213208000,
        "grossProfitRatio": 0.5177225917,
        "researchAndDevelopmentExpenses": 0,
        "generalAndAdministrativeExpenses": 16091000,
        "sellingAndMarketingExpenses": 0,
        "sellingGeneralAndAdministrativeExpenses": 16091000,
        "otherExpenses": 0,
        "operatingExpenses": 15974000,
        "costAndExpenses": 214585000,
        "interestIncome": 480000,
        "interestExpense": 22634000,
        "depreciationAndAmortization": 34272000,
        "ebitda": 222245000,
        "ebitdaratio": 0.5396666982,
        "operatingIncome": 208450000,
        "operatingIncomeRatio": 0.5061689723,
        "totalOtherIncomeExpensesNet": -43111000,
        "incomeBeforeTax": 165339000,
        "incomeBeforeTaxRatio": 0.4014846328,
        "incomeTaxExpense": 8000,
        "netIncome": 165331000,
        "netIncomeRatio": 0.4014652068,
        "eps": 0.87,
        "epsdiluted": 0.84,
        "weightedAverageShsOut": 189428000,
        "weightedAverageShsOutDil": 197765000,
        "link": "https://www.sec.gov/Archives/edgar/data/913290/000162828020008636/0001628280-20-008636-index.htm",
        "finalLink": "https://www.sec.gov/Archives/edgar/data/913290/000162828020008636/0001628280-20-008636.txt"
    },
    {
        "date": "2019-12-31",
        "symbol": "FRO",
        "reportedCurrency": "USD",
        "cik": "0000913290",
        "fillingDate": "2020-03-20",
        "acceptedDate": "2020-03-19 18:13:23",
        "calendarYear": "2019",
        "period": "Q4",
        "revenue": 217050000,
        "costOfRevenue": 160577000,
        "grossProfit": 56473000,
        "grossProfitRatio": 0.2601842893,
        "researchAndDevelopmentExpenses": 0,
        "generalAndAdministrativeExpenses": 9305000,
        "sellingAndMarketingExpenses": 0,
        "sellingGeneralAndAdministrativeExpenses": 9305000,
        "otherExpenses": 2124000,
        "operatingExpenses": 338000,
        "costAndExpenses": 160915000,
        "interestIncome": 490000,
        "interestExpense": 24694000,
        "depreciationAndAmortization": 34554000,
        "ebitda": 133804000,
        "ebitdaratio": 0.616466252,
        "operatingIncome": 57847000,
        "operatingIncomeRatio": 0.266514628,
        "totalOtherIncomeExpensesNet": -22534000,
        "incomeBeforeTax": 25709000,
        "incomeBeforeTaxRatio": 0.1184473624,
        "incomeTaxExpense": 219000,
        "netIncome": 25380000,
        "netIncomeRatio": 0.1169315826,
        "eps": 0.15,
        "epsdiluted": 0.15,
        "weightedAverageShsOut": 169200000,
        "weightedAverageShsOutDil": 169200000,
        "link": "https://www.sec.gov/Archives/edgar/data/913290/000162828020003843/0001628280-20-003843-index.htm",
        "finalLink": "https://www.sec.gov/Archives/edgar/data/913290/000162828020003843/froltd-201920f.htm"
    },
    {
        "date": "2019-09-30",
        "symbol": "FRO",
        "reportedCurrency": "USD",
        "cik": "0000913290",
        "fillingDate": "2019-12-11",
        "acceptedDate": "2019-12-11 16:58:46",
        "calendarYear": "2019",
        "period": "Q3",
        "revenue": 187640000,
        "costOfRevenue": 169605000,
        "grossProfit": 18035000,
        "grossProfitRatio": 0.0961149009,
        "researchAndDevelopmentExpenses": 0,
        "generalAndAdministrativeExpenses": 11016000,
        "sellingAndMarketingExpenses": 0,
        "sellingGeneralAndAdministrativeExpenses": 11016000,
        "otherExpenses": 1277000,
        "operatingExpenses": 7175000,
        "costAndExpenses": 176780000,
        "interestIncome": 342000,
        "interestExpense": 23082000,
        "depreciationAndAmortization": 31001000,
        "ebitda": 44133000,
        "ebitdaratio": 0.2352003837,
        "operatingIncome": 12115000,
        "operatingIncomeRatio": 0.0645651247,
        "totalOtherIncomeExpensesNet": -22065000,
        "incomeBeforeTax": -9950000,
        "incomeBeforeTaxRatio": -0.0530270731,
        "incomeTaxExpense": 18000,
        "netIncome": -9962000,
        "netIncomeRatio": -0.0530910254,
        "eps": -0.06,
        "epsdiluted": -0.06,
        "weightedAverageShsOut": 166033333,
        "weightedAverageShsOutDil": 166033333,
        "link": "https://www.sec.gov/Archives/edgar/data/913290/000091329019000012/0000913290-19-000012-index.htm",
        "finalLink": "https://www.sec.gov/Archives/edgar/data/913290/000091329019000012/0000913290-19-000012.txt"
    },
    {
        "date": "2019-06-30",
        "symbol": "FRO",
        "reportedCurrency": "USD",
        "cik": "0000913290",
        "fillingDate": "2019-05-22",
        "acceptedDate": "2019-05-22 17:25:26",
        "calendarYear": "2019",
        "period": "Q2",
        "revenue": 193408000,
        "costOfRevenue": 158815000,
        "grossProfit": 34593000,
        "grossProfitRatio": 0.1788602333,
        "researchAndDevelopmentExpenses": 0,
        "generalAndAdministrativeExpenses": 10988000,
        "sellingAndMarketingExpenses": 0,
        "sellingGeneralAndAdministrativeExpenses": 10988000,
        "otherExpenses": 0,
        "operatingExpenses": 10988000,
        "costAndExpenses": 169803000,
        "interestIncome": 413000,
        "interestExpense": 23244000,
        "depreciationAndAmortization": 28318000,
        "ebitda": 51700000,
        "ebitdaratio": 0.2673105559,
        "operatingIncome": 26840000,
        "operatingIncomeRatio": 0.1387739907,
        "totalOtherIncomeExpensesNet": -25860000,
        "incomeBeforeTax": 980000,
        "incomeBeforeTaxRatio": 0.0050670086,
        "incomeTaxExpense": -25000,
        "netIncome": 1082000,
        "netIncomeRatio": 0.0055943911,
        "eps": 0.0065,
        "epsdiluted": 0.0065,
        "weightedAverageShsOut": 166033333,
        "weightedAverageShsOutDil": 166033333,
        "link": "https://www.sec.gov/Archives/edgar/data/913290/000091329019000006/0000913290-19-000006-index.htm",
        "finalLink": "https://www.sec.gov/Archives/edgar/data/913290/000091329019000006/0000913290-19-000006.txt"
    },
    {
        "date": "2019-03-31",
        "symbol": "FRO",
        "reportedCurrency": "USD",
        "cik": "0000913290",
        "fillingDate": "2019-05-22",
        "acceptedDate": "2019-05-22 17:25:26",
        "calendarYear": "2019",
        "period": "Q1",
        "revenue": 238275000,
        "costOfRevenue": 159749000,
        "grossProfit": 78526000,
        "grossProfitRatio": 0.3295603819,
        "researchAndDevelopmentExpenses": 0,
        "generalAndAdministrativeExpenses": 9892000,
        "sellingAndMarketingExpenses": 0,
        "sellingGeneralAndAdministrativeExpenses": 9892000,
        "otherExpenses": 0,
        "operatingExpenses": 9892000,
        "costAndExpenses": 169641000,
        "interestIncome": 261000,
        "interestExpense": 23441000,
        "depreciationAndAmortization": 27401000,
        "ebitda": 97066000,
        "ebitdaratio": 0.4073696359,
        "operatingIncome": 68923000,
        "operatingIncomeRatio": 0.2892582101,
        "totalOtherIncomeExpensesNet": -28770000,
        "incomeBeforeTax": 40153000,
        "incomeBeforeTaxRatio": 0.1685153709,
        "incomeTaxExpense": 42000,
        "netIncome": 40031000,
        "netIncomeRatio": 0.1680033575,
        "eps": 0.24,
        "epsdiluted": 0.24,
        "weightedAverageShsOut": 169809000,
        "weightedAverageShsOutDil": 169809000,
        "link": "https://www.sec.gov/Archives/edgar/data/913290/000091329019000006/0000913290-19-000006-index.htm",
        "finalLink": "https://www.sec.gov/Archives/edgar/data/913290/000091329019000006/0000913290-19-000006.txt"
    },
    {
        "date": "2018-12-31",
        "symbol": "FRO",
        "reportedCurrency": "USD",
        "cik": "0000913290",
        "fillingDate": "2019-03-28",
        "acceptedDate": "2019-03-28 16:18:14",
        "calendarYear": "2018",
        "period": "Q4",
        "revenue": 217050000,
        "costOfRevenue": 160577000,
        "grossProfit": 56473000,
        "grossProfitRatio": 0.2601842893,
        "researchAndDevelopmentExpenses": 0,
        "generalAndAdministrativeExpenses": 9305000,
        "sellingAndMarketingExpenses": 0,
        "sellingGeneralAndAdministrativeExpenses": 9305000,
        "otherExpenses": 2124000,
        "operatingExpenses": 338000,
        "costAndExpenses": 160915000,
        "interestIncome": 287000,
        "interestExpense": 22961000,
        "depreciationAndAmortization": 28921000,
        "ebitda": 76720000,
        "ebitdaratio": 0.3534669431,
        "operatingIncome": 57847000,
        "operatingIncomeRatio": 0.266514628,
        "totalOtherIncomeExpensesNet": -32138000,
        "incomeBeforeTax": 25709000,
        "incomeBeforeTaxRatio": 0.1184473624,
        "incomeTaxExpense": 219000,
        "netIncome": 25380000,
        "netIncomeRatio": 0.1169315826,
        "eps": 0.15,
        "epsdiluted": 0.15,
        "weightedAverageShsOut": 169200000,
        "weightedAverageShsOutDil": 169200000,
        "link": "https://www.sec.gov/Archives/edgar/data/913290/000091329019000004/0000913290-19-000004-index.htm",
        "finalLink": "https://www.sec.gov/Archives/edgar/data/913290/000091329019000004/froltd-201820f.htm"
    },
    {
        "date": "2018-09-30",
        "symbol": "FRO",
        "reportedCurrency": "USD",
        "cik": "0000913290",
        "fillingDate": "2018-11-23",
        "acceptedDate": "2018-11-23 17:27:35",
        "calendarYear": "2018",
        "period": "Q3",
        "revenue": 188774000,
        "costOfRevenue": 169243000,
        "grossProfit": 19531000,
        "grossProfitRatio": 0.1034623412,
        "researchAndDevelopmentExpenses": 0,
        "generalAndAdministrativeExpenses": 9220000,
        "sellingAndMarketingExpenses": 0,
        "sellingGeneralAndAdministrativeExpenses": 9220000,
        "otherExpenses": 4881000,
        "operatingExpenses": 1311000,
        "costAndExpenses": 170554000,
        "interestIncome": 160000,
        "interestExpense": 24602000,
        "depreciationAndAmortization": 31333000,
        "ebitda": 57687000,
        "ebitdaratio": 0.3055876339,
        "operatingIncome": 23101000,
        "operatingIncomeRatio": 0.1223738439,
        "totalOtherIncomeExpensesNet": -20740000,
        "incomeBeforeTax": 2361000,
        "incomeBeforeTaxRatio": 0.012507019,
        "incomeTaxExpense": 24000,
        "netIncome": 2241000,
        "netIncomeRatio": 0.0118713382,
        "eps": 0.01,
        "epsdiluted": 0.01,
        "weightedAverageShsOut": 169809324,
        "weightedAverageShsOutDil": 169809324,
        "link": "https://www.sec.gov/Archives/edgar/data/913290/000091329018000011/0000913290-18-000011-index.htm",
        "finalLink": "https://www.sec.gov/Archives/edgar/data/913290/000091329018000011/0000913290-18-000011.txt"
    },
    {
        "date": "2018-06-30",
        "symbol": "FRO",
        "reportedCurrency": "USD",
        "cik": "0000913290",
        "fillingDate": "2018-06-20",
        "acceptedDate": "2018-06-20 10:56:25",
        "calendarYear": "2018",
        "period": "Q2",
        "revenue": 166821000,
        "costOfRevenue": 164505000,
        "grossProfit": 2316000,
        "grossProfitRatio": 0.0138831442,
        "researchAndDevelopmentExpenses": 0,
        "generalAndAdministrativeExpenses": 9221000,
        "sellingAndMarketingExpenses": 0,
        "sellingGeneralAndAdministrativeExpenses": 9221000,
        "otherExpenses": 6588000,
        "operatingExpenses": 9775000,
        "costAndExpenses": 174280000,
        "interestIncome": 256000,
        "interestExpense": 24110000,
        "depreciationAndAmortization": 32373000,
        "ebitda": 33255000,
        "ebitdaratio": 0.1993454062,
        "operatingIncome": -1009000,
        "operatingIncomeRatio": -0.0060483992,
        "totalOtherIncomeExpensesNet": -21601001,
        "incomeBeforeTax": -22610000,
        "incomeBeforeTaxRatio": -0.1355344951,
        "incomeTaxExpense": 59000,
        "netIncome": -22860000,
        "netIncomeRatio": -0.1370331073,
        "eps": -0.13,
        "epsdiluted": -0.13,
        "weightedAverageShsOut": 175846153,
        "weightedAverageShsOutDil": 175846154,
        "link": "https://www.sec.gov/Archives/edgar/data/913290/000091329018000006/0000913290-18-000006-index.htm",
        "finalLink": "https://www.sec.gov/Archives/edgar/data/913290/000091329018000006/0000913290-18-000006.txt"
    },
    {
        "date": "2018-03-31",
        "symbol": "FRO",
        "reportedCurrency": "USD",
        "cik": "0000913290",
        "fillingDate": "2018-06-20",
        "acceptedDate": "2018-06-20 10:56:25",
        "calendarYear": "2018",
        "period": "Q1",
        "revenue": 169621000,
        "costOfRevenue": 157880000,
        "grossProfit": 11741000,
        "grossProfitRatio": 0.0692190236,
        "researchAndDevelopmentExpenses": 0,
        "generalAndAdministrativeExpenses": 9548000,
        "sellingAndMarketingExpenses": 0,
        "sellingGeneralAndAdministrativeExpenses": 9548000,
        "otherExpenses": 0,
        "operatingExpenses": 9548000,
        "costAndExpenses": 167428000,
        "interestIncome": 140000,
        "interestExpense": 21602000,
        "depreciationAndAmortization": 31791000,
        "ebitda": 40019000,
        "ebitdaratio": 0.2359318716,
        "operatingIncome": 2772000,
        "operatingIncomeRatio": 0.0163423161,
        "totalOtherIncomeExpensesNet": -16314000,
        "incomeBeforeTax": -13542000,
        "incomeBeforeTaxRatio": -0.0798368127,
        "incomeTaxExpense": 14000,
        "netIncome": -13641000,
        "netIncomeRatio": -0.0804204668,
        "eps": -0.0803,
        "epsdiluted": -0.0803,
        "weightedAverageShsOut": 169809000,
        "weightedAverageShsOutDil": 169809000,
        "link": "https://www.sec.gov/Archives/edgar/data/913290/000091329018000006/0000913290-18-000006-index.htm",
        "finalLink": "https://www.sec.gov/Archives/edgar/data/913290/000091329018000006/0000913290-18-000006.txt"
    },
    {
        "date": "2017-12-31",
        "symbol": "FRO",
        "reportedCurrency": "USD",
        "cik": "0000913290",
        "fillingDate": "2018-03-19",
        "acceptedDate": "2018-03-19 12:40:45",
        "calendarYear": "2017",
        "period": "Q4",
        "revenue": 178580000,
        "costOfRevenue": 151156000,
        "grossProfit": 27424000,
        "grossProfitRatio": 0.1535670288,
        "researchAndDevelopmentExpenses": 0,
        "generalAndAdministrativeExpenses": 8884000,
        "sellingAndMarketingExpenses": 0,
        "sellingGeneralAndAdministrativeExpenses": 8884000,
        "otherExpenses": 0,
        "operatingExpenses": 8881000,
        "costAndExpenses": 160037000,
        "interestIncome": 250000,
        "interestExpense": 20070000,
        "depreciationAndAmortization": 36916000,
        "ebitda": -191632000,
        "ebitdaratio": -1.0730876918,
        "operatingIncome": -230261000,
        "operatingIncomeRatio": -1.2893997088,
        "totalOtherIncomeExpensesNet": -17828000,
        "incomeBeforeTax": -248090000,
        "incomeBeforeTaxRatio": -1.3892373166,
        "incomeTaxExpense": 181000,
        "netIncome": -248432000,
        "netIncomeRatio": -1.3911524247,
        "eps": -1.46,
        "epsdiluted": -1.46,
        "weightedAverageShsOut": 169809412,
        "weightedAverageShsOutDil": 170158904,
        "link": "https://www.sec.gov/Archives/edgar/data/913290/000091329018000003/0000913290-18-000003-index.htm",
        "finalLink": "https://www.sec.gov/Archives/edgar/data/913290/000091329018000003/froltd-201720f.htm"
    },
    {
        "date": "2017-09-30",
        "symbol": "FRO",
        "reportedCurrency": "USD",
        "cik": "0000913290",
        "fillingDate": "2017-09-30",
        "acceptedDate": "2017-09-30 00:00:00",
        "calendarYear": "2017",
        "period": "Q3",
        "revenue": 140471000,
        "costOfRevenue": 137094000,
        "grossProfit": 3377000,
        "grossProfitRatio": 0.0240405493,
        "researchAndDevelopmentExpenses": 0,
        "generalAndAdministrativeExpenses": 9552000,
        "sellingAndMarketingExpenses": 0,
        "sellingGeneralAndAdministrativeExpenses": 9552000,
        "otherExpenses": 6821000,
        "operatingExpenses": 15501000,
        "costAndExpenses": 152595000,
        "interestIncome": 70000,
        "interestExpense": 18745000,
        "depreciationAndAmortization": 35721000,
        "ebitda": 30079999,
        "ebitdaratio": 0.2141367186,
        "operatingIncome": -5389000,
        "operatingIncomeRatio": -0.0383637904,
        "totalOtherIncomeExpensesNet": -18497000,
        "incomeBeforeTax": -23886000,
        "incomeBeforeTaxRatio": -0.1700422151,
        "incomeTaxExpense": 16000,
        "netIncome": -24071000,
        "netIncomeRatio": -0.1713592129,
        "eps": -0.14,
        "epsdiluted": -0.14,
        "weightedAverageShsOut": 169809457,
        "weightedAverageShsOutDil": 171935714,
        "link": null,
        "finalLink": null
    },
    {
        "date": "2017-06-30",
        "symbol": "FRO",
        "reportedCurrency": "USD",
        "cik": "0000913290",
        "fillingDate": "2017-06-08",
        "acceptedDate": "2017-06-08 17:20:20",
        "calendarYear": "2017",
        "period": "Q2",
        "revenue": 150148000,
        "costOfRevenue": 137404000,
        "grossProfit": 12744000,
        "grossProfitRatio": 0.0848762554,
        "researchAndDevelopmentExpenses": 0,
        "generalAndAdministrativeExpenses": 10599000,
        "sellingAndMarketingExpenses": 0,
        "sellingGeneralAndAdministrativeExpenses": 10599000,
        "otherExpenses": 0,
        "operatingExpenses": 10599000,
        "costAndExpenses": 148003000,
        "interestIncome": 142000,
        "interestExpense": 15976000,
        "depreciationAndAmortization": 35336000,
        "ebitda": 31667000,
        "ebitdaratio": 0.2109052402,
        "operatingIncome": -1406000,
        "operatingIncomeRatio": -0.0093640941,
        "totalOtherIncomeExpensesNet": -17762000,
        "incomeBeforeTax": -19168000,
        "incomeBeforeTaxRatio": -0.1276607081,
        "incomeTaxExpense": 63000,
        "netIncome": -19379000,
        "netIncomeRatio": -0.1290659882,
        "eps": -0.11,
        "epsdiluted": -0.11,
        "weightedAverageShsOut": 169809502,
        "weightedAverageShsOutDil": 176172727,
        "link": "https://www.sec.gov/Archives/edgar/data/913290/000091329017000006/0000913290-17-000006-index.htm",
        "finalLink": "https://www.sec.gov/Archives/edgar/data/913290/000091329017000006/0000913290-17-000006.txt"
    },
    {
        "date": "2017-03-31",
        "symbol": "FRO",
        "reportedCurrency": "USD",
        "cik": "0000913290",
        "fillingDate": "2017-06-08",
        "acceptedDate": "2017-06-08 17:20:20",
        "calendarYear": "2017",
        "period": "Q1",
        "revenue": 177127000,
        "costOfRevenue": 130861000,
        "grossProfit": 46266000,
        "grossProfitRatio": 0.2612024141,
        "researchAndDevelopmentExpenses": 0,
        "generalAndAdministrativeExpenses": 8568000,
        "sellingAndMarketingExpenses": 0,
        "sellingGeneralAndAdministrativeExpenses": 8568000,
        "otherExpenses": 0,
        "operatingExpenses": 8568000,
        "costAndExpenses": 139429000,
        "interestIncome": 126000,
        "interestExpense": 15024000,
        "depreciationAndAmortization": 35280000,
        "ebitda": 76269000,
        "ebitdaratio": 0.4305893511,
        "operatingIncome": 40785000,
        "operatingIncomeRatio": 0.2302585151,
        "totalOtherIncomeExpensesNet": -13674000,
        "incomeBeforeTax": 27111000,
        "incomeBeforeTaxRatio": 0.1530596691,
        "incomeTaxExpense": 30000,
        "netIncome": 27020000,
        "netIncomeRatio": 0.1525459134,
        "eps": 0.16,
        "epsdiluted": 0.16,
        "weightedAverageShsOut": 169809000,
        "weightedAverageShsOutDil": 169809000,
        "link": "https://www.sec.gov/Archives/edgar/data/913290/000091329017000006/0000913290-17-000006-index.htm",
        "finalLink": "https://www.sec.gov/Archives/edgar/data/913290/000091329017000006/0000913290-17-000006.txt"
    },
    {
        "date": "2016-12-31",
        "symbol": "FRO",
        "reportedCurrency": "USD",
        "cik": "0000913290",
        "fillingDate": "2016-11-30",
        "acceptedDate": "2016-11-30 16:10:25",
        "calendarYear": "2016",
        "period": "Q4",
        "revenue": 178290000,
        "costOfRevenue": 127645000,
        "grossProfit": 50645000,
        "grossProfitRatio": 0.2840596781,
        "researchAndDevelopmentExpenses": 0,
        "generalAndAdministrativeExpenses": 8726000,
        "sellingAndMarketingExpenses": 0,
        "sellingGeneralAndAdministrativeExpenses": 8726000,
        "otherExpenses": 7149000,
        "operatingExpenses": 12726000,
        "costAndExpenses": 140371000,
        "interestIncome": 108000,
        "interestExpense": 14197000,
        "depreciationAndAmortization": 34720000,
        "ebitda": 67550000,
        "ebitdaratio": 0.3788771103,
        "operatingIncome": 17834000,
        "operatingIncomeRatio": 0.1000280442,
        "totalOtherIncomeExpensesNet": 797000,
        "incomeBeforeTax": 18632000,
        "incomeBeforeTaxRatio": 0.1045038981,
        "incomeTaxExpense": 168000,
        "netIncome": 18320000,
        "netIncomeRatio": 0.1027539402,
        "eps": 0.12,
        "epsdiluted": 0.12,
        "weightedAverageShsOut": 152666667,
        "weightedAverageShsOutDil": 152666667,
        "link": "https://www.sec.gov/Archives/edgar/data/913290/000091957416016947/0000919574-16-016947-index.htm",
        "finalLink": "https://www.sec.gov/Archives/edgar/data/913290/000091957416016947/0000919574-16-016947.txt"
    },
    {
        "date": "2016-09-30",
        "symbol": "FRO",
        "reportedCurrency": "USD",
        "cik": "0000913290",
        "fillingDate": "2016-11-30",
        "acceptedDate": "2016-11-30 16:10:25",
        "calendarYear": "2016",
        "period": "Q3",
        "revenue": 157157000,
        "costOfRevenue": 125068000,
        "grossProfit": 32089000,
        "grossProfitRatio": 0.2041843507,
        "researchAndDevelopmentExpenses": 0,
        "generalAndAdministrativeExpenses": 9413000,
        "sellingAndMarketingExpenses": 0,
        "sellingGeneralAndAdministrativeExpenses": 9413000,
        "otherExpenses": 8710000,
        "operatingExpenses": 12083000,
        "costAndExpenses": 137151000,
        "interestIncome": 76000,
        "interestExpense": 14717000,
        "depreciationAndAmortization": 34472000,
        "ebitda": 53831000,
        "ebitdaratio": 0.3425300814,
        "operatingIncome": 19832000,
        "operatingIncomeRatio": 0.1261922791,
        "totalOtherIncomeExpensesNet": -14150000,
        "incomeBeforeTax": 5682000,
        "incomeBeforeTaxRatio": 0.0361549279,
        "incomeTaxExpense": 73000,
        "netIncome": 5471000,
        "netIncomeRatio": 0.0348123214,
        "eps": 0.03,
        "epsdiluted": 0.03,
        "weightedAverageShsOut": 182366666,
        "weightedAverageShsOutDil": 182366667,
        "link": "https://www.sec.gov/Archives/edgar/data/913290/000091957416016947/0000919574-16-016947-index.htm",
        "finalLink": "https://www.sec.gov/Archives/edgar/data/913290/000091957416016947/0000919574-16-016947.txt"
    },
    {
        "date": "2016-06-30",
        "symbol": "FRO",
        "reportedCurrency": "USD",
        "cik": "0000913290",
        "fillingDate": "2016-06-01",
        "acceptedDate": "2016-06-01 16:13:42",
        "calendarYear": "2016",
        "period": "Q2",
        "revenue": 191756000,
        "costOfRevenue": 120390000,
        "grossProfit": 71366000,
        "grossProfitRatio": 0.3721708838,
        "researchAndDevelopmentExpenses": 0,
        "generalAndAdministrativeExpenses": 8846000,
        "sellingAndMarketingExpenses": 0,
        "sellingGeneralAndAdministrativeExpenses": 8846000,
        "otherExpenses": 0,
        "operatingExpenses": 8846000,
        "costAndExpenses": 129236000,
        "interestIncome": 96000,
        "interestExpense": 13829000,
        "depreciationAndAmortization": 35818000,
        "ebitda": 98571000,
        "ebitdaratio": 0.5140438891,
        "operatingIncome": 37040000,
        "operatingIncomeRatio": 0.1931621436,
        "totalOtherIncomeExpensesNet": -22524000,
        "incomeBeforeTax": 14516000,
        "incomeBeforeTaxRatio": 0.0757003692,
        "incomeTaxExpense": 54000,
        "netIncome": 14312000,
        "netIncomeRatio": 0.0746365172,
        "eps": 0.09,
        "epsdiluted": 0.09,
        "weightedAverageShsOut": 159022222,
        "weightedAverageShsOutDil": 159022222,
        "link": "https://www.sec.gov/Archives/edgar/data/913290/000091957416013474/0000919574-16-013474-index.htm",
        "finalLink": "https://www.sec.gov/Archives/edgar/data/913290/000091957416013474/0000919574-16-013474.txt"
    },
    {
        "date": "2016-03-31",
        "symbol": "FRO",
        "reportedCurrency": "USD",
        "cik": "0000913290",
        "fillingDate": "2016-06-01",
        "acceptedDate": "2016-06-01 16:13:42",
        "calendarYear": "2016",
        "period": "Q1",
        "revenue": 227103000,
        "costOfRevenue": 116942000,
        "grossProfit": 110161000,
        "grossProfitRatio": 0.4850706508,
        "researchAndDevelopmentExpenses": 0,
        "generalAndAdministrativeExpenses": 10773000,
        "sellingAndMarketingExpenses": 0,
        "sellingGeneralAndAdministrativeExpenses": 10773000,
        "otherExpenses": 0,
        "operatingExpenses": 10773000,
        "costAndExpenses": 127715000,
        "interestIncome": 87000,
        "interestExpense": 13944000,
        "depreciationAndAmortization": 38060000,
        "ebitda": 141095000,
        "ebitdaratio": 0.6212819734,
        "operatingIncome": 102774000,
        "operatingIncomeRatio": 0.4525435595,
        "totalOtherIncomeExpensesNet": -23746000,
        "incomeBeforeTax": 79028000,
        "incomeBeforeTaxRatio": 0.3479830738,
        "incomeTaxExpense": 50000,
        "netIncome": 78906000,
        "netIncomeRatio": 0.3474458726,
        "eps": 0.5,
        "epsdiluted": 0.5,
        "weightedAverageShsOut": 116712000,
        "weightedAverageShsOutDil": 116712000,
        "link": "https://www.sec.gov/Archives/edgar/data/913290/000091957416013474/0000919574-16-013474-index.htm",
        "finalLink": "https://www.sec.gov/Archives/edgar/data/913290/000091957416013474/0000919574-16-013474.txt"
    },
    {
        "date": "2015-12-31",
        "symbol": "FRO",
        "reportedCurrency": "USD",
        "cik": "0000913290",
        "fillingDate": "2015-11-25",
        "acceptedDate": "2015-11-25 16:35:36",
        "calendarYear": "2015",
        "period": "Q4",
        "revenue": 154023000,
        "costOfRevenue": 84522000,
        "grossProfit": 69501000,
        "grossProfitRatio": 0.4512378021,
        "researchAndDevelopmentExpenses": 0,
        "generalAndAdministrativeExpenses": 5246000,
        "sellingAndMarketingExpenses": 0,
        "sellingGeneralAndAdministrativeExpenses": 5246000,
        "otherExpenses": 0,
        "operatingExpenses": 5246000,
        "costAndExpenses": 89768000,
        "interestIncome": 34000,
        "interestExpense": 8307000,
        "depreciationAndAmortization": 24209000,
        "ebitda": 176488000,
        "ebitdaratio": 1.1458548399,
        "operatingIncome": 76748000,
        "operatingIncomeRatio": 0.4982892165,
        "totalOtherIncomeExpensesNet": -17979000,
        "incomeBeforeTax": 58769000,
        "incomeBeforeTaxRatio": 0.3815598969,
        "incomeTaxExpense": 150000,
        "netIncome": 58558000,
        "netIncomeRatio": 0.3801899716,
        "eps": 0.37,
        "epsdiluted": 0.37,
        "weightedAverageShsOut": 156387529,
        "weightedAverageShsOutDil": 156387529,
        "link": "https://www.sec.gov/Archives/edgar/data/913290/000091957415008418/0000919574-15-008418-index.htm",
        "finalLink": "https://www.sec.gov/Archives/edgar/data/913290/000091957415008418/0000919574-15-008418.txt"
    },
    {
        "date": "2015-09-30",
        "symbol": "FRO",
        "reportedCurrency": "USD",
        "cik": "0000913290",
        "fillingDate": "2015-08-27",
        "acceptedDate": "2015-08-27 16:01:16",
        "calendarYear": "2015",
        "period": "Q3",
        "revenue": 121513000,
        "costOfRevenue": 69147000,
        "grossProfit": 52366000,
        "grossProfitRatio": 0.4309497749,
        "researchAndDevelopmentExpenses": 0,
        "generalAndAdministrativeExpenses": 34940000,
        "sellingAndMarketingExpenses": 0,
        "sellingGeneralAndAdministrativeExpenses": 34940000,
        "otherExpenses": 0,
        "operatingExpenses": 34940000,
        "costAndExpenses": 104087000,
        "interestIncome": 31000,
        "interestExpense": 9027000,
        "depreciationAndAmortization": 14632000,
        "ebitda": 41276000,
        "ebitdaratio": 0.3396838198,
        "operatingIncome": 19252000,
        "operatingIncomeRatio": 0.1584357229,
        "totalOtherIncomeExpensesNet": -1635000,
        "incomeBeforeTax": 17617000,
        "incomeBeforeTaxRatio": 0.1449803725,
        "incomeTaxExpense": 45000,
        "netIncome": 17427000,
        "netIncomeRatio": 0.1434167538,
        "eps": 0.45,
        "epsdiluted": 0.45,
        "weightedAverageShsOut": 38726667,
        "weightedAverageShsOutDil": 38726667,
        "link": "https://www.sec.gov/Archives/edgar/data/913290/000091957415006528/0000919574-15-006528-index.htm",
        "finalLink": "https://www.sec.gov/Archives/edgar/data/913290/000091957415006528/0000919574-15-006528.txt"
    },
    {
        "date": "2015-06-30",
        "symbol": "FRO",
        "reportedCurrency": "USD",
        "cik": "0000913290",
        "fillingDate": "2015-03-03",
        "acceptedDate": "2015-03-03 17:02:15",
        "calendarYear": "2015",
        "period": "Q2",
        "revenue": 134777000,
        "costOfRevenue": 73144000,
        "grossProfit": 61633000,
        "grossProfitRatio": 0.4572961262,
        "researchAndDevelopmentExpenses": 0,
        "generalAndAdministrativeExpenses": 28626000,
        "sellingAndMarketingExpenses": 0,
        "sellingGeneralAndAdministrativeExpenses": 28626000,
        "otherExpenses": -256000,
        "operatingExpenses": 28626000,
        "costAndExpenses": 101770000,
        "interestIncome": 14000,
        "interestExpense": 12199000,
        "depreciationAndAmortization": 17131000,
        "ebitda": 50217000,
        "ebitdaratio": 0.3725932466,
        "operatingIncome": 33007000,
        "operatingIncomeRatio": 0.2449008362,
        "totalOtherIncomeExpensesNet": -15511000,
        "incomeBeforeTax": 17496000,
        "incomeBeforeTaxRatio": 0.1298144342,
        "incomeTaxExpense": -51000,
        "netIncome": 17370000,
        "netIncomeRatio": 0.1288795566,
        "eps": 0.45,
        "epsdiluted": 0.45,
        "weightedAverageShsOut": 38726667,
        "weightedAverageShsOutDil": 38726667,
        "link": "https://www.sec.gov/Archives/edgar/data/913290/000091957415002570/0000919574-15-002570-index.htm",
        "finalLink": "https://www.sec.gov/Archives/edgar/data/913290/000091957415002570/0000919574-15-002570.txt"
    },
    {
        "date": "2015-03-31",
        "symbol": "FRO",
        "reportedCurrency": "USD",
        "cik": "0000913290",
        "fillingDate": "2015-03-03",
        "acceptedDate": "2015-03-03 17:02:15",
        "calendarYear": "2015",
        "period": "Q1",
        "revenue": 144377000,
        "costOfRevenue": 78686000,
        "grossProfit": 65691000,
        "grossProfitRatio": 0.4549962944,
        "researchAndDevelopmentExpenses": 0,
        "generalAndAdministrativeExpenses": 26207000,
        "sellingAndMarketingExpenses": 0,
        "sellingGeneralAndAdministrativeExpenses": 26207000,
        "otherExpenses": 263000,
        "operatingExpenses": 26207000,
        "costAndExpenses": 104893000,
        "interestIncome": 11000,
        "interestExpense": 14683000,
        "depreciationAndAmortization": 17117000,
        "ebitda": 63021000,
        "ebitdaratio": 0.4365030441,
        "operatingIncome": 39484000,
        "operatingIncomeRatio": 0.2734784626,
        "totalOtherIncomeExpensesNet": -8263000,
        "incomeBeforeTax": 31221000,
        "incomeBeforeTaxRatio": 0.216246355,
        "incomeTaxExpense": 53000,
        "netIncome": 31124000,
        "netIncomeRatio": 0.2155745029,
        "eps": 1.25,
        "epsdiluted": 1.25,
        "weightedAverageShsOut": 24899200,
        "weightedAverageShsOutDil": 24899200,
        "link": "https://www.sec.gov/Archives/edgar/data/913290/000091957415002570/0000919574-15-002570-index.htm",
        "finalLink": "https://www.sec.gov/Archives/edgar/data/913290/000091957415002570/0000919574-15-002570.txt"
    },
    {
        "date": "2014-12-31",
        "symbol": "FRO",
        "reportedCurrency": "USD",
        "cik": "0000913290",
        "fillingDate": "2015-03-16",
        "acceptedDate": "2015-03-16 17:29:30",
        "calendarYear": "2014",
        "period": "Q4",
        "revenue": 135099000,
        "costOfRevenue": 99455000,
        "grossProfit": 35644000,
        "grossProfitRatio": 0.2638361498,
        "researchAndDevelopmentExpenses": 0,
        "generalAndAdministrativeExpenses": 27093000,
        "sellingAndMarketingExpenses": 0,
        "sellingGeneralAndAdministrativeExpenses": 27093000,
        "otherExpenses": 0,
        "operatingExpenses": 27093000,
        "costAndExpenses": 126548000,
        "interestIncome": 15000,
        "interestExpense": 15391000,
        "depreciationAndAmortization": 17094000,
        "ebitda": -22147000,
        "ebitdaratio": -0.1639316353,
        "operatingIncome": 48898000,
        "operatingIncomeRatio": 0.3619419833,
        "totalOtherIncomeExpensesNet": -41807000,
        "incomeBeforeTax": -12859000,
        "incomeBeforeTaxRatio": -0.0951820517,
        "incomeTaxExpense": 268000,
        "netIncome": -12976000,
        "netIncomeRatio": -0.0960480833,
        "eps": -0.61,
        "epsdiluted": -0.61,
        "weightedAverageShsOut": 21133520,
        "weightedAverageShsOutDil": 21133520,
        "link": "https://www.sec.gov/Archives/edgar/data/913290/000091329015000004/0000913290-15-000004-index.htm",
        "finalLink": "https://www.sec.gov/Archives/edgar/data/913290/000091329015000004/froltd-201420f.htm"
    },
    {
        "date": "2014-09-30",
        "symbol": "FRO",
        "reportedCurrency": "USD",
        "cik": "0000913290",
        "fillingDate": "2014-08-28",
        "acceptedDate": "2014-08-28 16:11:07",
        "calendarYear": "2014",
        "period": "Q3",
        "revenue": 135619000,
        "costOfRevenue": 113558000,
        "grossProfit": 22061000,
        "grossProfitRatio": 0.1626689476,
        "researchAndDevelopmentExpenses": 0,
        "generalAndAdministrativeExpenses": 18059000,
        "sellingAndMarketingExpenses": 0,
        "sellingGeneralAndAdministrativeExpenses": 18059000,
        "otherExpenses": 0,
        "operatingExpenses": 18059000,
        "costAndExpenses": 131617000,
        "interestIncome": 14000,
        "interestExpense": 26425000,
        "depreciationAndAmortization": 28504000,
        "ebitda": -9423000,
        "ebitdaratio": -0.0694814148,
        "operatingIncome": -37529000,
        "operatingIncomeRatio": -0.2767237629,
        "totalOtherIncomeExpensesNet": -26823000,
        "incomeBeforeTax": -64352000,
        "incomeBeforeTaxRatio": -0.4745057846,
        "incomeTaxExpense": 23000,
        "netIncome": -59647000,
        "netIncomeRatio": -0.4398130056,
        "eps": -3,
        "epsdiluted": -3,
        "weightedAverageShsOut": 19882333,
        "weightedAverageShsOutDil": 19882333,
        "link": "https://www.sec.gov/Archives/edgar/data/913290/000091957414005015/0000919574-14-005015-index.htm",
        "finalLink": "https://www.sec.gov/Archives/edgar/data/913290/000091957414005015/0000919574-14-005015.txt"
    },
    {
        "date": "2014-06-30",
        "symbol": "FRO",
        "reportedCurrency": "USD",
        "cik": "0000913290",
        "fillingDate": "2014-03-03",
        "acceptedDate": "2014-03-03 16:05:01",
        "calendarYear": "2014",
        "period": "Q2",
        "revenue": 118972000,
        "costOfRevenue": 117900000,
        "grossProfit": 1072000,
        "grossProfitRatio": 0.0090105235,
        "researchAndDevelopmentExpenses": 0,
        "generalAndAdministrativeExpenses": 10442000,
        "sellingAndMarketingExpenses": 0,
        "sellingGeneralAndAdministrativeExpenses": 10442000,
        "otherExpenses": 0,
        "operatingExpenses": 10442000,
        "costAndExpenses": 128342000,
        "interestIncome": 11000,
        "interestExpense": 21216000,
        "depreciationAndAmortization": 23357000,
        "ebitda": -34275000,
        "ebitdaratio": -0.2880929967,
        "operatingIncome": -65548000,
        "operatingIncomeRatio": -0.5509531655,
        "totalOtherIncomeExpensesNet": 618000,
        "incomeBeforeTax": -78848000,
        "incomeBeforeTaxRatio": -0.6627441751,
        "incomeTaxExpense": 98000,
        "netIncome": -78230000,
        "netIncomeRatio": -0.6575496756,
        "eps": -4.05,
        "epsdiluted": -4.05,
        "weightedAverageShsOut": 19316049,
        "weightedAverageShsOutDil": 19316049,
        "link": "https://www.sec.gov/Archives/edgar/data/913290/000091957414002033/0000919574-14-002033-index.htm",
        "finalLink": "https://www.sec.gov/Archives/edgar/data/913290/000091957414002033/0000919574-14-002033.txt"
    },
    {
        "date": "2014-03-31",
        "symbol": "FRO",
        "reportedCurrency": "USD",
        "cik": "0000913290",
        "fillingDate": "2014-03-03",
        "acceptedDate": "2014-03-03 16:05:01",
        "calendarYear": "2014",
        "period": "Q1",
        "revenue": 169998000,
        "costOfRevenue": 126599000,
        "grossProfit": 43399000,
        "grossProfitRatio": 0.2552912387,
        "researchAndDevelopmentExpenses": 0,
        "generalAndAdministrativeExpenses": 22093000,
        "sellingAndMarketingExpenses": 0,
        "sellingGeneralAndAdministrativeExpenses": 22093000,
        "otherExpenses": 0,
        "operatingExpenses": 22093000,
        "costAndExpenses": 148692000,
        "interestIncome": 7000,
        "interestExpense": 21565000,
        "depreciationAndAmortization": 23544000,
        "ebitda": 29967000,
        "ebitdaratio": 0.1762785445,
        "operatingIncome": 5579000,
        "operatingIncomeRatio": 0.0328180332,
        "totalOtherIncomeExpensesNet": -17734000,
        "incomeBeforeTax": -15142000,
        "incomeBeforeTaxRatio": -0.0890716361,
        "incomeTaxExpense": 70000,
        "netIncome": -12085000,
        "netIncomeRatio": -0.0710890716,
        "eps": -0.65,
        "epsdiluted": -0.65,
        "weightedAverageShsOut": 18592308,
        "weightedAverageShsOutDil": 18592308,
        "link": "https://www.sec.gov/Archives/edgar/data/913290/000091957414002033/0000919574-14-002033-index.htm",
        "finalLink": "https://www.sec.gov/Archives/edgar/data/913290/000091957414002033/0000919574-14-002033.txt"
    },
    {
        "date": "2013-12-31",
        "symbol": "FRO",
        "reportedCurrency": "USD",
        "cik": "0000913290",
        "fillingDate": "2014-03-21",
        "acceptedDate": "2014-03-21 12:42:43",
        "calendarYear": "2013",
        "period": "Q4",
        "revenue": 143571000,
        "costOfRevenue": 126812000,
        "grossProfit": 16759000,
        "grossProfitRatio": 0.1167297017,
        "researchAndDevelopmentExpenses": 0,
        "generalAndAdministrativeExpenses": 10169000,
        "sellingAndMarketingExpenses": 0,
        "sellingGeneralAndAdministrativeExpenses": 10169000,
        "otherExpenses": 0,
        "operatingExpenses": 10169000,
        "costAndExpenses": 136981000,
        "interestIncome": 2000,
        "interestExpense": 22417000,
        "depreciationAndAmortization": 24241000,
        "ebitda": 19000000,
        "ebitdaratio": 0.1323387035,
        "operatingIncome": 20416000,
        "operatingIncomeRatio": 0.1422014195,
        "totalOtherIncomeExpensesNet": -18950000,
        "incomeBeforeTax": -13800000,
        "incomeBeforeTaxRatio": -0.0961196899,
        "incomeTaxExpense": 9000,
        "netIncome": -13031000,
        "netIncomeRatio": -0.090763455,
        "eps": -0.77,
        "epsdiluted": -0.77,
        "weightedAverageShsOut": 16877850,
        "weightedAverageShsOutDil": 16877850,
        "link": "https://www.sec.gov/Archives/edgar/data/913290/000091329014000007/0000913290-14-000007-index.htm",
        "finalLink": "https://www.sec.gov/Archives/edgar/data/913290/000091329014000007/froltd-201320f.htm"
    },
    {
        "date": "2013-09-30",
        "symbol": "FRO",
        "reportedCurrency": "USD",
        "cik": "0000913290",
        "fillingDate": "2013-12-13",
        "acceptedDate": "2013-12-13 08:43:21",
        "calendarYear": "2013",
        "period": "Q3",
        "revenue": 126494000,
        "costOfRevenue": 126214000,
        "grossProfit": 280000,
        "grossProfitRatio": 0.0022135437,
        "researchAndDevelopmentExpenses": 0,
        "generalAndAdministrativeExpenses": 7412000,
        "sellingAndMarketingExpenses": 0,
        "sellingGeneralAndAdministrativeExpenses": 7412000,
        "otherExpenses": 0,
        "operatingExpenses": 7412000,
        "costAndExpenses": 133626000,
        "interestIncome": 12000,
        "interestExpense": 22775000,
        "depreciationAndAmortization": 24728000,
        "ebitda": 7384000,
        "ebitdaratio": 0.0583743102,
        "operatingIncome": -20668000,
        "operatingIncomeRatio": -0.163391149,
        "totalOtherIncomeExpensesNet": -16377000,
        "incomeBeforeTax": -37045000,
        "incomeBeforeTaxRatio": -0.2928597404,
        "incomeTaxExpense": 84000,
        "netIncome": -36446000,
        "netIncomeRatio": -0.2881243379,
        "eps": -2.3,
        "epsdiluted": -2.3,
        "weightedAverageShsOut": 15846087,
        "weightedAverageShsOutDil": 15846087,
        "link": "https://www.sec.gov/Archives/edgar/data/913290/000091329013000005/0000913290-13-000005-index.htm",
        "finalLink": "https://www.sec.gov/Archives/edgar/data/913290/000091329013000005/0000913290-13-000005.txt"
    },
    {
        "date": "2013-06-30",
        "symbol": "FRO",
        "reportedCurrency": "USD",
        "cik": "0000913290",
        "fillingDate": "2013-05-30",
        "acceptedDate": "2013-05-30 12:09:33",
        "calendarYear": "2013",
        "period": "Q2",
        "revenue": 121222000,
        "costOfRevenue": 133453000,
        "grossProfit": -12231000,
        "grossProfitRatio": -0.1008975269,
        "researchAndDevelopmentExpenses": 0,
        "generalAndAdministrativeExpenses": 7325000,
        "sellingAndMarketingExpenses": 0,
        "sellingGeneralAndAdministrativeExpenses": 7325000,
        "otherExpenses": 0,
        "operatingExpenses": 7325000,
        "costAndExpenses": 140778000,
        "interestIncome": 36000,
        "interestExpense": 22908000,
        "depreciationAndAmortization": 26946000,
        "ebitda": -70506000,
        "ebitdaratio": -0.5816270974,
        "operatingIncome": -100055000,
        "operatingIncomeRatio": -0.825386481,
        "totalOtherIncomeExpensesNet": -20305000,
        "incomeBeforeTax": -120360000,
        "incomeBeforeTaxRatio": -0.9928890795,
        "incomeTaxExpense": 94000,
        "netIncome": -120277000,
        "netIncomeRatio": -0.9922043853,
        "eps": -7.72,
        "epsdiluted": -7.72,
        "weightedAverageShsOut": 15583200,
        "weightedAverageShsOutDil": 15583200,
        "link": "https://www.sec.gov/Archives/edgar/data/913290/000144530513001404/0001445305-13-001404-index.htm",
        "finalLink": "https://www.sec.gov/Archives/edgar/data/913290/000144530513001404/0001445305-13-001404.txt"
    },
    {
        "date": "2013-03-31",
        "symbol": "FRO",
        "reportedCurrency": "USD",
        "cik": "0000913290",
        "fillingDate": "2013-05-30",
        "acceptedDate": "2013-05-30 12:09:33",
        "calendarYear": "2013",
        "period": "Q1",
        "revenue": 125903000,
        "costOfRevenue": 127112000,
        "grossProfit": -1209000,
        "grossProfitRatio": -0.0096026306,
        "researchAndDevelopmentExpenses": 0,
        "generalAndAdministrativeExpenses": 8431000,
        "sellingAndMarketingExpenses": 0,
        "sellingGeneralAndAdministrativeExpenses": 8431000,
        "otherExpenses": 0,
        "operatingExpenses": 8431000,
        "costAndExpenses": 135543000,
        "interestIncome": 33000,
        "interestExpense": 22618000,
        "depreciationAndAmortization": 26269000,
        "ebitda": 21927000,
        "ebitdaratio": 0.1741578834,
        "operatingIncome": -127000,
        "operatingIncomeRatio": -0.0010087131,
        "totalOtherIncomeExpensesNet": -18262000,
        "incomeBeforeTax": -18389000,
        "incomeBeforeTaxRatio": -0.1460568851,
        "incomeTaxExpense": 97000,
        "netIncome": -18755000,
        "netIncomeRatio": -0.1489638849,
        "eps": -1.2,
        "epsdiluted": -1.2,
        "weightedAverageShsOut": 15629167,
        "weightedAverageShsOutDil": 15629167,
        "link": "https://www.sec.gov/Archives/edgar/data/913290/000144530513001404/0001445305-13-001404-index.htm",
        "finalLink": "https://www.sec.gov/Archives/edgar/data/913290/000144530513001404/0001445305-13-001404.txt"
    },
    {
        "date": "2012-12-31",
        "symbol": "FRO",
        "reportedCurrency": "USD",
        "cik": "0000913290",
        "fillingDate": "2012-11-29",
        "acceptedDate": "2012-11-29 16:03:36",
        "calendarYear": "2012",
        "period": "Q4",
        "revenue": 197436000,
        "costOfRevenue": 148096000,
        "grossProfit": 49340000,
        "grossProfitRatio": 0.2499037663,
        "researchAndDevelopmentExpenses": 0,
        "generalAndAdministrativeExpenses": 21186000,
        "sellingAndMarketingExpenses": 0,
        "sellingGeneralAndAdministrativeExpenses": 21186000,
        "otherExpenses": -198000,
        "operatingExpenses": 21186000,
        "costAndExpenses": 169282000,
        "interestIncome": 40000,
        "interestExpense": 23149000,
        "depreciationAndAmortization": 28088000,
        "ebitda": 34436000,
        "ebitdaratio": 0.1744160133,
        "operatingIncome": 6693000,
        "operatingIncomeRatio": 0.0338995928,
        "totalOtherIncomeExpensesNet": -20178000,
        "incomeBeforeTax": -16801000,
        "incomeBeforeTaxRatio": -0.0850959298,
        "incomeTaxExpense": 122000,
        "netIncome": -16566000,
        "netIncomeRatio": -0.0839056707,
        "eps": -1.06,
        "epsdiluted": -1.06,
        "weightedAverageShsOut": 15571700,
        "weightedAverageShsOutDil": 15571700,
        "link": "https://www.sec.gov/Archives/edgar/data/913290/000091957412006606/0000919574-12-006606-index.htm",
        "finalLink": "https://www.sec.gov/Archives/edgar/data/913290/000091957412006606/0000919574-12-006606.txt"
    },
    {
        "date": "2012-09-30",
        "symbol": "FRO",
        "reportedCurrency": "USD",
        "cik": "0000913290",
        "fillingDate": "2012-11-29",
        "acceptedDate": "2012-11-29 16:21:35",
        "calendarYear": "2012",
        "period": "Q3",
        "revenue": 126809000,
        "costOfRevenue": 119433000,
        "grossProfit": 7376000,
        "grossProfitRatio": 0.0581662185,
        "researchAndDevelopmentExpenses": 0,
        "generalAndAdministrativeExpenses": 8338000,
        "sellingAndMarketingExpenses": 0,
        "sellingGeneralAndAdministrativeExpenses": 8338000,
        "otherExpenses": 1707000,
        "operatingExpenses": 36639000,
        "costAndExpenses": 156072000,
        "interestIncome": 40000,
        "interestExpense": 23551000,
        "depreciationAndAmortization": 28439000,
        "ebitda": -876000,
        "ebitdaratio": -0.006908027,
        "operatingIncome": -25975000,
        "operatingIncomeRatio": -0.2048356189,
        "totalOtherIncomeExpensesNet": -13631000,
        "incomeBeforeTax": -49158000,
        "incomeBeforeTaxRatio": -0.3876538731,
        "incomeTaxExpense": 95000,
        "netIncome": -49017000,
        "netIncomeRatio": -0.3865419647,
        "eps": -3.15,
        "epsdiluted": -3.15,
        "weightedAverageShsOut": 15560952,
        "weightedAverageShsOutDil": 15560952,
        "link": "https://www.sec.gov/Archives/edgar/data/913290/000144530512003762/0001445305-12-003762-index.htm",
        "finalLink": "https://www.sec.gov/Archives/edgar/data/913290/000144530512003762/0001445305-12-003762.txt"
    },
    {
        "date": "2012-06-30",
        "symbol": "FRO",
        "reportedCurrency": "USD",
        "cik": "0000913290",
        "fillingDate": "2012-06-01",
        "acceptedDate": "2012-06-01 12:02:02",
        "calendarYear": "2012",
        "period": "Q2",
        "revenue": 176576000,
        "costOfRevenue": 112506000,
        "grossProfit": 64070000,
        "grossProfitRatio": 0.362846593,
        "researchAndDevelopmentExpenses": 0,
        "generalAndAdministrativeExpenses": 25803000,
        "sellingAndMarketingExpenses": 0,
        "sellingGeneralAndAdministrativeExpenses": 25803000,
        "otherExpenses": 18922000,
        "operatingExpenses": 44725000,
        "costAndExpenses": 157231000,
        "interestIncome": 30000,
        "interestExpense": 23945000,
        "depreciationAndAmortization": 29327000,
        "ebitda": 39243000,
        "ebitdaratio": 0.2222442461,
        "operatingIncome": 1069000,
        "operatingIncomeRatio": 0.0060540504,
        "totalOtherIncomeExpensesNet": -25137000,
        "incomeBeforeTax": -24325000,
        "incomeBeforeTaxRatio": -0.1377593784,
        "incomeTaxExpense": 77000,
        "netIncome": -24346000,
        "netIncomeRatio": -0.1378783074,
        "eps": -1.55,
        "epsdiluted": -1.55,
        "weightedAverageShsOut": 15707097,
        "weightedAverageShsOutDil": 15707097,
        "link": "https://www.sec.gov/Archives/edgar/data/913290/000091957412003889/0000919574-12-003889-index.htm",
        "finalLink": "https://www.sec.gov/Archives/edgar/data/913290/000091957412003889/0000919574-12-003889.txt"
    },
    {
        "date": "2012-03-31",
        "symbol": "FRO",
        "reportedCurrency": "USD",
        "cik": "0000913290",
        "fillingDate": "2012-02-27",
        "acceptedDate": "2012-02-27 15:03:52",
        "calendarYear": "2012",
        "period": "Q1",
        "revenue": 167286000,
        "costOfRevenue": 100100000,
        "grossProfit": 67186000,
        "grossProfitRatio": 0.4016235668,
        "researchAndDevelopmentExpenses": 0,
        "generalAndAdministrativeExpenses": 23287000,
        "sellingAndMarketingExpenses": 0,
        "sellingGeneralAndAdministrativeExpenses": 23287000,
        "otherExpenses": 29399000,
        "operatingExpenses": 52686000,
        "costAndExpenses": 152786000,
        "interestIncome": 20000,
        "interestExpense": 24317000,
        "depreciationAndAmortization": 29534000,
        "ebitda": 43891000,
        "ebitdaratio": 0.2623710293,
        "operatingIncome": 25450000,
        "operatingIncomeRatio": 0.1521346676,
        "totalOtherIncomeExpensesNet": -18270000,
        "incomeBeforeTax": 6888000,
        "incomeBeforeTaxRatio": 0.0411749937,
        "incomeTaxExpense": 85000,
        "netIncome": 7175000,
        "netIncomeRatio": 0.0428906185,
        "eps": 0.45,
        "epsdiluted": 0.45,
        "weightedAverageShsOut": 15944444,
        "weightedAverageShsOutDil": 15944444,
        "link": "https://www.sec.gov/Archives/edgar/data/913290/000091957412001879/0000919574-12-001879-index.htm",
        "finalLink": "https://www.sec.gov/Archives/edgar/data/913290/000091957412001879/0000919574-12-001879.txt"
    },
    {
        "date": "2011-12-31",
        "symbol": "FRO",
        "reportedCurrency": "USD",
        "cik": "0000913290",
        "fillingDate": "2011-11-28",
        "acceptedDate": "2011-11-28 12:10:48",
        "calendarYear": "2011",
        "period": "Q4",
        "revenue": 161012000,
        "costOfRevenue": 121529000,
        "grossProfit": 39483000,
        "grossProfitRatio": 0.2452177477,
        "researchAndDevelopmentExpenses": 0,
        "generalAndAdministrativeExpenses": 0,
        "sellingAndMarketingExpenses": 0,
        "sellingGeneralAndAdministrativeExpenses": 9879000,
        "otherExpenses": -72402000,
        "operatingExpenses": -62523000,
        "costAndExpenses": 59006000,
        "interestIncome": 29000,
        "interestExpense": 37188000,
        "depreciationAndAmortization": 49626000,
        "ebitda": -256948000,
        "ebitdaratio": -1.5958313666,
        "operatingIncome": -326502000,
        "operatingIncomeRatio": -2.0278115917,
        "totalOtherIncomeExpensesNet": -17260000,
        "incomeBeforeTax": -343762000,
        "incomeBeforeTaxRatio": -2.1350085708,
        "incomeTaxExpense": 349000,
        "netIncome": -343666000,
        "netIncomeRatio": -2.1344123419,
        "eps": -22.07,
        "epsdiluted": -22.07,
        "weightedAverageShsOut": 15571700,
        "weightedAverageShsOutDil": 15571700,
        "link": "https://www.sec.gov/Archives/edgar/data/913290/000091957411006538/0000919574-11-006538-index.htm",
        "finalLink": "https://www.sec.gov/Archives/edgar/data/913290/000091957411006538/0000919574-11-006538.txt"
    },
    {
        "date": "2011-09-30",
        "symbol": "FRO",
        "reportedCurrency": "USD",
        "cik": "0000913290",
        "fillingDate": "2011-08-31",
        "acceptedDate": "2011-08-30 18:42:26",
        "calendarYear": "2011",
        "period": "Q3",
        "revenue": 173914000,
        "costOfRevenue": 134179000,
        "grossProfit": 39735000,
        "grossProfitRatio": 0.2284749934,
        "researchAndDevelopmentExpenses": 0,
        "generalAndAdministrativeExpenses": 9871000,
        "sellingAndMarketingExpenses": 0,
        "sellingGeneralAndAdministrativeExpenses": 9871000,
        "otherExpenses": 167259000,
        "operatingExpenses": 177130000,
        "costAndExpenses": 311309000,
        "interestIncome": 251000,
        "interestExpense": 32522000,
        "depreciationAndAmortization": 49992000,
        "ebitda": -83954000,
        "ebitdaratio": -0.482732845,
        "operatingIncome": -135814000,
        "operatingIncomeRatio": -0.7809262049,
        "totalOtherIncomeExpensesNet": -30654000,
        "incomeBeforeTax": -166468000,
        "incomeBeforeTaxRatio": -0.9571857355,
        "incomeTaxExpense": 76000,
        "netIncome": -166156000,
        "netIncomeRatio": -0.9553917453,
        "eps": -10.67,
        "epsdiluted": -10.67,
        "weightedAverageShsOut": 15571700,
        "weightedAverageShsOutDil": 15571700,
        "link": "https://www.sec.gov/Archives/edgar/data/913290/000091957411005150/0000919574-11-005150-index.htm",
        "finalLink": "https://www.sec.gov/Archives/edgar/data/913290/000091957411005150/0000919574-11-005150.txt"
    },
    {
        "date": "2011-06-30",
        "symbol": "FRO",
        "reportedCurrency": "USD",
        "cik": "0000913290",
        "fillingDate": "2011-05-26",
        "acceptedDate": "2011-05-26 11:08:18",
        "calendarYear": "2011",
        "period": "Q2",
        "revenue": 219398000,
        "costOfRevenue": 149301000,
        "grossProfit": 70097000,
        "grossProfitRatio": 0.3194969872,
        "researchAndDevelopmentExpenses": 0,
        "generalAndAdministrativeExpenses": 8698000,
        "sellingAndMarketingExpenses": 0,
        "sellingGeneralAndAdministrativeExpenses": 8698000,
        "otherExpenses": 50429000,
        "operatingExpenses": 59127000,
        "costAndExpenses": 208428000,
        "interestIncome": 1517000,
        "interestExpense": 35698000,
        "depreciationAndAmortization": 50801000,
        "ebitda": 51290000,
        "ebitdaratio": 0.2337760599,
        "operatingIncome": -1063000,
        "operatingIncomeRatio": -0.0048450761,
        "totalOtherIncomeExpensesNet": -34146000,
        "incomeBeforeTax": -35209000,
        "incomeBeforeTaxRatio": -0.1604800408,
        "incomeTaxExpense": 44000,
        "netIncome": -35244000,
        "netIncomeRatio": -0.1606395683,
        "eps": -2.25,
        "epsdiluted": -2.25,
        "weightedAverageShsOut": 15664000,
        "weightedAverageShsOutDil": 15664000,
        "link": "https://www.sec.gov/Archives/edgar/data/913290/000091957411003631/0000919574-11-003631-index.htm",
        "finalLink": "https://www.sec.gov/Archives/edgar/data/913290/000091957411003631/0000919574-11-003631.txt"
    },
    {
        "date": "2011-03-31",
        "symbol": "FRO",
        "reportedCurrency": "USD",
        "cik": "0000913290",
        "fillingDate": "2011-02-24",
        "acceptedDate": "2011-02-24 17:02:58",
        "calendarYear": "2011",
        "period": "Q1",
        "revenue": 234809000,
        "costOfRevenue": 126804000,
        "grossProfit": 108005000,
        "grossProfitRatio": 0.4599695923,
        "researchAndDevelopmentExpenses": 0,
        "generalAndAdministrativeExpenses": 26915000,
        "sellingAndMarketingExpenses": 0,
        "sellingGeneralAndAdministrativeExpenses": 26915000,
        "otherExpenses": 51508000,
        "operatingExpenses": 78423000,
        "costAndExpenses": 205227000,
        "interestIncome": 2161000,
        "interestExpense": 36089000,
        "depreciationAndAmortization": 52100000,
        "ebitda": 83612000,
        "ebitdaratio": 0.3560851586,
        "operatingIncome": 42812000,
        "operatingIncomeRatio": 0.1823269125,
        "totalOtherIncomeExpensesNet": -25851000,
        "incomeBeforeTax": 16961000,
        "incomeBeforeTaxRatio": 0.0722331768,
        "incomeTaxExpense": 63000,
        "netIncome": 15465000,
        "netIncomeRatio": 0.0658620411,
        "eps": 1,
        "epsdiluted": 1,
        "weightedAverageShsOut": 15465000,
        "weightedAverageShsOutDil": 15465000,
        "link": "https://www.sec.gov/Archives/edgar/data/913290/000091957411001762/0000919574-11-001762-index.htm",
        "finalLink": "https://www.sec.gov/Archives/edgar/data/913290/000091957411001762/0000919574-11-001762.txt"
    },
    {
        "date": "2010-12-31",
        "symbol": "FRO",
        "reportedCurrency": "USD",
        "cik": "0000913290",
        "fillingDate": "2011-04-04",
        "acceptedDate": "2011-04-04 16:02:26",
        "calendarYear": "2010",
        "period": "Q4",
        "revenue": 230776000,
        "costOfRevenue": 120936000,
        "grossProfit": 109840000,
        "grossProfitRatio": 0.4759593719,
        "researchAndDevelopmentExpenses": 0,
        "generalAndAdministrativeExpenses": 27562000,
        "sellingAndMarketingExpenses": 0,
        "sellingGeneralAndAdministrativeExpenses": 27562000,
        "otherExpenses": 52972000,
        "operatingExpenses": 80534000,
        "costAndExpenses": 201470000,
        "interestIncome": 2724000,
        "interestExpense": 37677000,
        "depreciationAndAmortization": 53348000,
        "ebitda": 84863000,
        "ebitdaratio": 0.36772888,
        "operatingIncome": 29306000,
        "operatingIncomeRatio": 0.1269889417,
        "totalOtherIncomeExpensesNet": -40207000,
        "incomeBeforeTax": -10901000,
        "incomeBeforeTaxRatio": -0.0472362811,
        "incomeTaxExpense": 62000,
        "netIncome": -11845000,
        "netIncomeRatio": -0.0513268277,
        "eps": -0.76,
        "epsdiluted": -0.76,
        "weightedAverageShsOut": 15571700,
        "weightedAverageShsOutDil": 15571700,
        "link": "https://www.sec.gov/Archives/edgar/data/913290/000091957411002596/0000919574-11-002596-index.htm",
        "finalLink": "https://www.sec.gov/Archives/edgar/data/913290/000091957411002596/d1184224_20-f.htm"
    },
    {
        "date": "2010-09-30",
        "symbol": "FRO",
        "reportedCurrency": "USD",
        "cik": "0000913290",
        "fillingDate": "2010-09-30",
        "acceptedDate": "2010-09-30 00:00:00",
        "calendarYear": "2010",
        "period": "Q3",
        "revenue": 257954000,
        "costOfRevenue": 120750000,
        "grossProfit": 137204000,
        "grossProfitRatio": 0.5318932833,
        "researchAndDevelopmentExpenses": 0,
        "generalAndAdministrativeExpenses": 34782000,
        "sellingAndMarketingExpenses": 0,
        "sellingGeneralAndAdministrativeExpenses": 34782000,
        "otherExpenses": 53985000,
        "operatingExpenses": 88767000,
        "costAndExpenses": 209517000,
        "interestIncome": 2732000,
        "interestExpense": 39175000,
        "depreciationAndAmortization": 54385000,
        "ebitda": 106333000,
        "ebitdaratio": 0.4122169069,
        "operatingIncome": 48437000,
        "operatingIncomeRatio": 0.1877737891,
        "totalOtherIncomeExpensesNet": -35664000,
        "incomeBeforeTax": 12773000,
        "incomeBeforeTaxRatio": 0.0495165805,
        "incomeTaxExpense": 52000,
        "netIncome": 12258000,
        "netIncomeRatio": 0.0475201005,
        "eps": 0.16,
        "epsdiluted": 0.16,
        "weightedAverageShsOut": 15571700,
        "weightedAverageShsOutDil": 15571700,
        "link": null,
        "finalLink": null
    },
    {
        "date": "2010-06-30",
        "symbol": "FRO",
        "reportedCurrency": "USD",
        "cik": "0000913290",
        "fillingDate": "2010-05-25",
        "acceptedDate": "2010-05-25 12:02:25",
        "calendarYear": "2010",
        "period": "Q2",
        "revenue": 365780000,
        "costOfRevenue": 123396000,
        "grossProfit": 242384000,
        "grossProfitRatio": 0.6626496801,
        "researchAndDevelopmentExpenses": 0,
        "generalAndAdministrativeExpenses": 71565000,
        "sellingAndMarketingExpenses": 0,
        "sellingGeneralAndAdministrativeExpenses": 71565000,
        "otherExpenses": 52841000,
        "operatingExpenses": 124406000,
        "costAndExpenses": 247802000,
        "interestIncome": 3900000,
        "interestExpense": 37555000,
        "depreciationAndAmortization": 53185000,
        "ebitda": 172285000,
        "ebitdaratio": 0.4710071628,
        "operatingIncome": 117978000,
        "operatingIncomeRatio": 0.3225381377,
        "totalOtherIncomeExpensesNet": -36433000,
        "incomeBeforeTax": 81545000,
        "incomeBeforeTaxRatio": 0.2229345508,
        "incomeTaxExpense": 55000,
        "netIncome": 81306000,
        "netIncomeRatio": 0.2222811526,
        "eps": 5.2,
        "epsdiluted": 5.2,
        "weightedAverageShsOut": 15635769,
        "weightedAverageShsOutDil": 15635769,
        "link": "https://www.sec.gov/Archives/edgar/data/913290/000091957410003729/0000919574-10-003729-index.htm",
        "finalLink": "https://www.sec.gov/Archives/edgar/data/913290/000091957410003729/0000919574-10-003729.txt"
    },
    {
        "date": "2010-03-31",
        "symbol": "FRO",
        "reportedCurrency": "USD",
        "cik": "0000913290",
        "fillingDate": "2010-05-25",
        "acceptedDate": "2010-05-25 12:02:25",
        "calendarYear": "2010",
        "period": "Q1",
        "revenue": 341640000,
        "costOfRevenue": 113305000,
        "grossProfit": 228335000,
        "grossProfitRatio": 0.6683497249,
        "researchAndDevelopmentExpenses": 0,
        "generalAndAdministrativeExpenses": 19191000,
        "sellingAndMarketingExpenses": 0,
        "sellingGeneralAndAdministrativeExpenses": 19191000,
        "otherExpenses": 96953000,
        "operatingExpenses": 116144000,
        "costAndExpenses": 229449000,
        "interestIncome": 4076000,
        "interestExpense": 35511000,
        "depreciationAndAmortization": 53369000,
        "ebitda": 169685000,
        "ebitdaratio": 0.4966777895,
        "operatingIncome": 112191000,
        "operatingIncomeRatio": 0.3283895328,
        "totalOtherIncomeExpensesNet": -31386000,
        "incomeBeforeTax": 80805000,
        "incomeBeforeTaxRatio": 0.2365208992,
        "incomeTaxExpense": 49000,
        "netIncome": 79688000,
        "netIncomeRatio": 0.2332513757,
        "eps": 5.1,
        "epsdiluted": 5.1,
        "weightedAverageShsOut": 15625098,
        "weightedAverageShsOutDil": 15625098,
        "link": "https://www.sec.gov/Archives/edgar/data/913290/000091957410003729/0000919574-10-003729-index.htm",
        "finalLink": "https://www.sec.gov/Archives/edgar/data/913290/000091957410003729/0000919574-10-003729.txt"
    },
    {
        "date": "2009-12-31",
        "symbol": "FRO",
        "reportedCurrency": "USD",
        "cik": "0000913290",
        "fillingDate": "2010-03-29",
        "acceptedDate": "2010-03-29 14:58:26",
        "calendarYear": "2009",
        "period": "Q4",
        "revenue": 262141000,
        "costOfRevenue": 115443000,
        "grossProfit": 146698000,
        "grossProfitRatio": 0.5596148638,
        "researchAndDevelopmentExpenses": 0,
        "generalAndAdministrativeExpenses": -120986000,
        "sellingAndMarketingExpenses": 0,
        "sellingGeneralAndAdministrativeExpenses": -120986000,
        "otherExpenses": 228820000,
        "operatingExpenses": 107834000,
        "costAndExpenses": 223277000,
        "interestIncome": 5726000,
        "interestExpense": 40479000,
        "depreciationAndAmortization": 59802000,
        "ebitda": 105214000,
        "ebitdaratio": 0.4013641514,
        "operatingIncome": 38864000,
        "operatingIncomeRatio": 0.1482560912,
        "totalOtherIncomeExpensesNet": -33931000,
        "incomeBeforeTax": 4933000,
        "incomeBeforeTaxRatio": 0.018818117,
        "incomeTaxExpense": 255000,
        "netIncome": 3923000,
        "netIncomeRatio": 0.0149652286,
        "eps": 0.25,
        "epsdiluted": 0.25,
        "weightedAverageShsOut": 15620428,
        "weightedAverageShsOutDil": 15625098,
        "link": "https://www.sec.gov/Archives/edgar/data/913290/000091957410002762/0000919574-10-002762-index.htm",
        "finalLink": "https://www.sec.gov/Archives/edgar/data/913290/000091957410002762/d1084721_20-f.htm"
    },
    {
        "date": "2009-09-30",
        "symbol": "FRO",
        "reportedCurrency": "USD",
        "cik": "0000913290",
        "fillingDate": "2009-09-01",
        "acceptedDate": "2009-09-01 13:27:23",
        "calendarYear": "2009",
        "period": "Q3",
        "revenue": 236069000,
        "costOfRevenue": 98022000,
        "grossProfit": 138047000,
        "grossProfitRatio": 0.5847739432,
        "researchAndDevelopmentExpenses": 0,
        "generalAndAdministrativeExpenses": 49683000,
        "sellingAndMarketingExpenses": 0,
        "sellingGeneralAndAdministrativeExpenses": 49683000,
        "otherExpenses": 60213000,
        "operatingExpenses": 109896000,
        "costAndExpenses": 207918000,
        "interestIncome": 5619000,
        "interestExpense": 39758000,
        "depreciationAndAmortization": 60496000,
        "ebitda": 95462000,
        "ebitdaratio": 0.4043817697,
        "operatingIncome": 28151000,
        "operatingIncomeRatio": 0.1192490331,
        "totalOtherIncomeExpensesNet": -32943000,
        "incomeBeforeTax": -4792000,
        "incomeBeforeTaxRatio": -0.0202991498,
        "incomeTaxExpense": 60000,
        "netIncome": -5610000,
        "netIncomeRatio": -0.0237642384,
        "eps": -0.35,
        "epsdiluted": -0.35,
        "weightedAverageShsOut": 16028571,
        "weightedAverageShsOutDil": 16028571,
        "link": "https://www.sec.gov/Archives/edgar/data/913290/000091957409015170/0000919574-09-015170-index.htm",
        "finalLink": "https://www.sec.gov/Archives/edgar/data/913290/000091957409015170/0000919574-09-015170.txt"
    },
    {
        "date": "2009-06-30",
        "symbol": "FRO",
        "reportedCurrency": "USD",
        "cik": "0000913290",
        "fillingDate": "2009-09-01",
        "acceptedDate": "2009-09-01 13:27:23",
        "calendarYear": "2009",
        "period": "Q2",
        "revenue": 281536000,
        "costOfRevenue": 99485000,
        "grossProfit": 182051000,
        "grossProfitRatio": 0.6466348886,
        "researchAndDevelopmentExpenses": 0,
        "generalAndAdministrativeExpenses": 60250000,
        "sellingAndMarketingExpenses": 0,
        "sellingGeneralAndAdministrativeExpenses": 60250000,
        "otherExpenses": 59667000,
        "operatingExpenses": 119917000,
        "costAndExpenses": 219402000,
        "interestIncome": 5551000,
        "interestExpense": 40131000,
        "depreciationAndAmortization": 59936000,
        "ebitda": 128457000,
        "ebitdaratio": 0.4562720221,
        "operatingIncome": 62134000,
        "operatingIncomeRatio": 0.2206964651,
        "totalOtherIncomeExpensesNet": -33744000,
        "incomeBeforeTax": 28390000,
        "incomeBeforeTaxRatio": 0.1008396795,
        "incomeTaxExpense": 48000,
        "netIncome": 27770000,
        "netIncomeRatio": 0.0986374744,
        "eps": 1.8,
        "epsdiluted": 1.8,
        "weightedAverageShsOut": 15427778,
        "weightedAverageShsOutDil": 15427778,
        "link": "https://www.sec.gov/Archives/edgar/data/913290/000091957409015170/0000919574-09-015170-index.htm",
        "finalLink": "https://www.sec.gov/Archives/edgar/data/913290/000091957409015170/0000919574-09-015170.txt"
    },
    {
        "date": "2009-03-31",
        "symbol": "FRO",
        "reportedCurrency": "USD",
        "cik": "0000913290",
        "fillingDate": "2009-03-31",
        "acceptedDate": "2009-03-31 00:00:00",
        "calendarYear": "2009",
        "period": "Q1",
        "revenue": 356601000,
        "costOfRevenue": 112806000,
        "grossProfit": 243795000,
        "grossProfitRatio": 0.6836632539,
        "researchAndDevelopmentExpenses": 0,
        "generalAndAdministrativeExpenses": 74718000,
        "sellingAndMarketingExpenses": 0,
        "sellingGeneralAndAdministrativeExpenses": 74718000,
        "otherExpenses": 58116000,
        "operatingExpenses": 132834000,
        "costAndExpenses": 245640000,
        "interestIncome": 6073000,
        "interestExpense": 40620000,
        "depreciationAndAmortization": 58361000,
        "ebitda": 176283000,
        "ebitdaratio": 0.4943424163,
        "operatingIncome": 110961000,
        "operatingIncomeRatio": 0.3111628963,
        "totalOtherIncomeExpensesNet": -33659000,
        "incomeBeforeTax": 77302000,
        "incomeBeforeTaxRatio": 0.2167744903,
        "incomeTaxExpense": -2000,
        "netIncome": 76618000,
        "netIncomeRatio": 0.2148563801,
        "eps": 4.9,
        "epsdiluted": 4.9,
        "weightedAverageShsOut": 15636327,
        "weightedAverageShsOutDil": 15636327,
        "link": null,
        "finalLink": null
    },
    {
        "date": "2008-12-31",
        "symbol": "FRO",
        "reportedCurrency": "USD",
        "cik": "0000913290",
        "fillingDate": "2009-04-30",
        "acceptedDate": "2009-04-30 16:45:57",
        "calendarYear": "2008",
        "period": "Q4",
        "revenue": 593806000,
        "costOfRevenue": 252622000,
        "grossProfit": 341184000,
        "grossProfitRatio": 0.574571493,
        "researchAndDevelopmentExpenses": 0,
        "generalAndAdministrativeExpenses": 9335000,
        "sellingAndMarketingExpenses": 0,
        "sellingGeneralAndAdministrativeExpenses": 9335000,
        "otherExpenses": 74213000,
        "operatingExpenses": 83548000,
        "costAndExpenses": 336170000,
        "interestIncome": 9573000,
        "interestExpense": 45480000,
        "depreciationAndAmortization": 58841000,
        "ebitda": 185575000,
        "ebitdaratio": 0.312517893,
        "operatingIncome": 115343000,
        "operatingIncomeRatio": 0.1942435745,
        "totalOtherIncomeExpensesNet": -62689000,
        "incomeBeforeTax": 52654000,
        "incomeBeforeTaxRatio": 0.0886720579,
        "incomeTaxExpense": 213000,
        "netIncome": 51552000,
        "netIncomeRatio": 0.0868162329,
        "eps": 3.31,
        "epsdiluted": 3.31,
        "weightedAverageShsOut": 15571700,
        "weightedAverageShsOutDil": 15571700,
        "link": "https://www.sec.gov/Archives/edgar/data/913290/000091957409009523/0000919574-09-009523-index.htm",
        "finalLink": "https://www.sec.gov/Archives/edgar/data/913290/000091957409009523/d990591_20-f.htm"
    },
    {
        "date": "2008-09-30",
        "symbol": "FRO",
        "reportedCurrency": "USD",
        "cik": "0000913290",
        "fillingDate": "2008-09-30",
        "acceptedDate": "2008-09-30 00:00:00",
        "calendarYear": "2008",
        "period": "Q3",
        "revenue": 276377000,
        "costOfRevenue": 152866000,
        "grossProfit": 123511000,
        "grossProfitRatio": 0.446893193,
        "researchAndDevelopmentExpenses": 0,
        "generalAndAdministrativeExpenses": 8560000,
        "sellingAndMarketingExpenses": 0,
        "sellingGeneralAndAdministrativeExpenses": 8560000,
        "otherExpenses": 62939000,
        "operatingExpenses": 71499000,
        "costAndExpenses": 224365000,
        "interestIncome": 12597000,
        "interestExpense": 48993000,
        "depreciationAndAmortization": 56547000,
        "ebitda": 208517000,
        "ebitdaratio": 0.7544658202,
        "operatingIncome": 56859000,
        "operatingIncomeRatio": 0.2057298545,
        "totalOtherIncomeExpensesNet": 51431000,
        "incomeBeforeTax": 22689000,
        "incomeBeforeTaxRatio": 0.0820943856,
        "incomeTaxExpense": -1056000,
        "netIncome": 22689000,
        "netIncomeRatio": 0.0820943856,
        "eps": 6.95,
        "epsdiluted": 6.95,
        "weightedAverageShsOut": 15571700,
        "weightedAverageShsOutDil": 15571700,
        "link": null,
        "finalLink": null
    },
    {
        "date": "2008-06-30",
        "symbol": "FRO",
        "reportedCurrency": "USD",
        "cik": "0000913290",
        "fillingDate": "2008-06-30",
        "acceptedDate": "2008-06-30 00:00:00",
        "calendarYear": "2008",
        "period": "Q2",
        "revenue": 674270000,
        "costOfRevenue": 192406000,
        "grossProfit": 481864000,
        "grossProfitRatio": 0.7146454684,
        "researchAndDevelopmentExpenses": 0,
        "generalAndAdministrativeExpenses": 100847000,
        "sellingAndMarketingExpenses": 0,
        "sellingGeneralAndAdministrativeExpenses": 100847000,
        "otherExpenses": 53885000,
        "operatingExpenses": 154732000,
        "costAndExpenses": 347138000,
        "interestIncome": 10004000,
        "interestExpense": 46833000,
        "depreciationAndAmortization": 53899000,
        "ebitda": 419902000,
        "ebitdaratio": 0.6227505302,
        "operatingIncome": 327132000,
        "operatingIncomeRatio": 0.4851646966,
        "totalOtherIncomeExpensesNet": -7962000,
        "incomeBeforeTax": 319170000,
        "incomeBeforeTaxRatio": 0.4733563706,
        "incomeTaxExpense": 97000,
        "netIncome": 318398000,
        "netIncomeRatio": 0.4722114287,
        "eps": 21.25,
        "epsdiluted": 21.25,
        "weightedAverageShsOut": 15571700,
        "weightedAverageShsOutDil": 15571700,
        "link": null,
        "finalLink": null
    },
    {
        "date": "2008-03-31",
        "symbol": "FRO",
        "reportedCurrency": "USD",
        "cik": "0000913290",
        "fillingDate": "2008-03-31",
        "acceptedDate": "2008-03-31 00:00:00",
        "calendarYear": "2008",
        "period": "Q1",
        "revenue": 543265000,
        "costOfRevenue": 173695000,
        "grossProfit": 369570000,
        "grossProfitRatio": 0.6802757402,
        "researchAndDevelopmentExpenses": 0,
        "generalAndAdministrativeExpenses": 79383000,
        "sellingAndMarketingExpenses": 0,
        "sellingGeneralAndAdministrativeExpenses": 79383000,
        "otherExpenses": 54779000,
        "operatingExpenses": 134162000,
        "costAndExpenses": 307857000,
        "interestIncome": 10862000,
        "interestExpense": 47932000,
        "depreciationAndAmortization": 54782000,
        "ebitda": 323864000,
        "ebitdaratio": 0.5961436868,
        "operatingIncome": 235408000,
        "operatingIncomeRatio": 0.4333207551,
        "totalOtherIncomeExpensesNet": -14258000,
        "incomeBeforeTax": 221150000,
        "incomeBeforeTaxRatio": 0.4070757365,
        "incomeTaxExpense": 211000,
        "netIncome": 220974000,
        "netIncomeRatio": 0.4067517694,
        "eps": 14.75,
        "epsdiluted": 14.75,
        "weightedAverageShsOut": 14971800,
        "weightedAverageShsOutDil": 14971800,
        "link": null,
        "finalLink": null
    },
    {
        "date": "2007-12-31",
        "symbol": "FRO",
        "reportedCurrency": "USD",
        "cik": "0000913290",
        "fillingDate": "2008-05-02",
        "acceptedDate": "2008-05-02 14:04:28",
        "calendarYear": "2007",
        "period": "Q4",
        "revenue": 316670000,
        "costOfRevenue": 156983000,
        "grossProfit": 159687000,
        "grossProfitRatio": 0.5042694287,
        "researchAndDevelopmentExpenses": 0,
        "generalAndAdministrativeExpenses": 0,
        "sellingAndMarketingExpenses": 0,
        "sellingGeneralAndAdministrativeExpenses": -9798000,
        "otherExpenses": 810482000,
        "operatingExpenses": 800684000,
        "costAndExpenses": 957667000,
        "interestIncome": 0,
        "interestExpense": 0,
        "depreciationAndAmortization": 366327000,
        "ebitda": -274670000,
        "ebitdaratio": -0.8673698172,
        "operatingIncome": 82748000,
        "operatingIncomeRatio": 0.2613067231,
        "totalOtherIncomeExpensesNet": 110434000,
        "incomeBeforeTax": 193182000,
        "incomeBeforeTaxRatio": 0.6100419996,
        "incomeTaxExpense": 254000,
        "netIncome": 198370000,
        "netIncomeRatio": 0.626424985,
        "eps": 13.26,
        "epsdiluted": 13.26,
        "weightedAverageShsOut": 14965033,
        "weightedAverageShsOutDil": 14965033,
        "link": "https://www.sec.gov/Archives/edgar/data/913290/000091957408002717/0000919574-08-002717-index.htm",
        "finalLink": "https://www.sec.gov/Archives/edgar/data/913290/000091957408002717/d859932_20-f.htm"
    },
    {
        "date": "2007-09-30",
        "symbol": "FRO",
        "reportedCurrency": "USD",
        "cik": "0000913290",
        "fillingDate": "2007-09-30",
        "acceptedDate": "2007-09-30 00:00:00",
        "calendarYear": "2007",
        "period": "Q3",
        "revenue": 276378000,
        "costOfRevenue": 152867000,
        "grossProfit": 123511000,
        "grossProfitRatio": 0.446891576,
        "researchAndDevelopmentExpenses": 0,
        "generalAndAdministrativeExpenses": 0,
        "sellingAndMarketingExpenses": 0,
        "sellingGeneralAndAdministrativeExpenses": 14015000,
        "otherExpenses": 42597000,
        "operatingExpenses": 56612000,
        "costAndExpenses": 209479000,
        "interestIncome": 12596000,
        "interestExpense": 131040000,
        "depreciationAndAmortization": -47477000,
        "ebitda": 209487000,
        "ebitdaratio": 0.7579727764,
        "operatingIncome": 66899000,
        "operatingIncomeRatio": 0.2420561694,
        "totalOtherIncomeExpensesNet": -64307000,
        "incomeBeforeTax": 24171000,
        "incomeBeforeTaxRatio": 0.0874563098,
        "incomeTaxExpense": 3000,
        "netIncome": 24171000,
        "netIncomeRatio": 0.0874563098,
        "eps": 6.95,
        "epsdiluted": 6.95,
        "weightedAverageShsOut": 15517410,
        "weightedAverageShsOutDil": 15517410,
        "link": null,
        "finalLink": null
    },
    {
        "date": "2007-06-30",
        "symbol": "FRO",
        "reportedCurrency": "USD",
        "cik": "0000913290",
        "fillingDate": "2007-03-21",
        "acceptedDate": "2007-03-21 13:04:21",
        "calendarYear": "2007",
        "period": "Q2",
        "revenue": 347091000,
        "costOfRevenue": 152132000,
        "grossProfit": 194959000,
        "grossProfitRatio": 0.5616941955,
        "researchAndDevelopmentExpenses": 0,
        "generalAndAdministrativeExpenses": 0,
        "sellingAndMarketingExpenses": 0,
        "sellingGeneralAndAdministrativeExpenses": 22297000,
        "otherExpenses": -18254000,
        "operatingExpenses": 4043000,
        "costAndExpenses": 156175000,
        "interestIncome": 15667000,
        "interestExpense": 55144000,
        "depreciationAndAmortization": -47939000,
        "ebitda": 126998000,
        "ebitdaratio": 0.3658925181,
        "operatingIncome": 190916000,
        "operatingIncomeRatio": 0.5500459534,
        "totalOtherIncomeExpensesNet": -5439000,
        "incomeBeforeTax": 145469000,
        "incomeBeforeTaxRatio": 0.4191091097,
        "incomeTaxExpense": 127000,
        "netIncome": 189071000,
        "netIncomeRatio": 0.5447303445,
        "eps": 12.55,
        "epsdiluted": 12.55,
        "weightedAverageShsOut": 14974024,
        "weightedAverageShsOutDil": 14974024,
        "link": "https://www.sec.gov/Archives/edgar/data/913290/000091957407001850/0000919574-07-001850-index.htm",
        "finalLink": "https://www.sec.gov/Archives/edgar/data/913290/000091957407001850/0000919574-07-001850.txt"
    },
    {
        "date": "2007-03-31",
        "symbol": "FRO",
        "reportedCurrency": "USD",
        "cik": "0000913290",
        "fillingDate": "2007-03-21",
        "acceptedDate": "2007-03-21 13:04:21",
        "calendarYear": "2007",
        "period": "Q1",
        "revenue": 361504000,
        "costOfRevenue": 143597000,
        "grossProfit": 217907000,
        "grossProfitRatio": 0.6027789457,
        "researchAndDevelopmentExpenses": 0,
        "generalAndAdministrativeExpenses": 0,
        "sellingAndMarketingExpenses": 0,
        "sellingGeneralAndAdministrativeExpenses": 9953000,
        "otherExpenses": 27665000,
        "operatingExpenses": 37618000,
        "costAndExpenses": 181215000,
        "interestIncome": 11679000,
        "interestExpense": 53831000,
        "depreciationAndAmortization": -49665000,
        "ebitda": 162992000,
        "ebitdaratio": 0.4508719129,
        "operatingIncome": 180289000,
        "operatingIncomeRatio": 0.4987192396,
        "totalOtherIncomeExpensesNet": -28493000,
        "incomeBeforeTax": 141155000,
        "incomeBeforeTaxRatio": 0.3904659423,
        "incomeTaxExpense": 35000,
        "netIncome": 158791000,
        "netIncomeRatio": 0.439251018,
        "eps": 10.6,
        "epsdiluted": 10.6,
        "weightedAverageShsOut": 14980283,
        "weightedAverageShsOutDil": 14980283,
        "link": "https://www.sec.gov/Archives/edgar/data/913290/000091957407001850/0000919574-07-001850-index.htm",
        "finalLink": "https://www.sec.gov/Archives/edgar/data/913290/000091957407001850/0000919574-07-001850.txt"
    },
    {
        "date": "2006-12-31",
        "symbol": "FRO",
        "reportedCurrency": "USD",
        "cik": "0000913290",
        "fillingDate": "2007-07-02",
        "acceptedDate": "2007-07-02 17:16:35",
        "calendarYear": "2006",
        "period": "Q4",
        "revenue": 352465000,
        "costOfRevenue": 140986000,
        "grossProfit": 211479000,
        "grossProfitRatio": 0.6,
        "researchAndDevelopmentExpenses": 0,
        "generalAndAdministrativeExpenses": 0,
        "sellingAndMarketingExpenses": 0,
        "sellingGeneralAndAdministrativeExpenses": 12259000,
        "otherExpenses": 693268000,
        "operatingExpenses": 705527000,
        "costAndExpenses": 846513000,
        "interestIncome": 0,
        "interestExpense": 0,
        "depreciationAndAmortization": 359742000,
        "ebitda": -134306000,
        "ebitdaratio": -0.3810477636,
        "operatingIncome": 222483000,
        "operatingIncomeRatio": 0.6312201211,
        "totalOtherIncomeExpensesNet": -36986000,
        "incomeBeforeTax": 185497000,
        "incomeBeforeTaxRatio": 0.5262848793,
        "incomeTaxExpense": 41000,
        "netIncome": 134601000,
        "netIncomeRatio": 0.3818847261,
        "eps": 12.39,
        "epsdiluted": 12.39,
        "weightedAverageShsOut": 14964901,
        "weightedAverageShsOutDil": 14965033,
        "link": "https://www.sec.gov/Archives/edgar/data/913290/000091957407003317/0000919574-07-003317-index.htm",
        "finalLink": "https://www.sec.gov/Archives/edgar/data/913290/000091957407003317/d762642_20-f.txt"
    },
    {
        "date": "2006-09-30",
        "symbol": "FRO",
        "reportedCurrency": "USD",
        "cik": "0000913290",
        "fillingDate": "2007-07-02",
        "acceptedDate": "2007-07-02 17:16:35",
        "calendarYear": "2006",
        "period": "Q3",
        "revenue": 404694000,
        "costOfRevenue": 161144000,
        "grossProfit": 243550000,
        "grossProfitRatio": 0.6018127276,
        "researchAndDevelopmentExpenses": 0,
        "generalAndAdministrativeExpenses": 0,
        "sellingAndMarketingExpenses": 0,
        "sellingGeneralAndAdministrativeExpenses": 8036000,
        "otherExpenses": 50835000,
        "operatingExpenses": 58871000,
        "costAndExpenses": 220015000,
        "interestIncome": 10983000,
        "interestExpense": 199898000,
        "depreciationAndAmortization": -51892000,
        "ebitda": 235514000,
        "ebitdaratio": 0.5819557493,
        "operatingIncome": 184679000,
        "operatingIncomeRatio": 0.4563423228,
        "totalOtherIncomeExpensesNet": -45173000,
        "incomeBeforeTax": 139506000,
        "incomeBeforeTaxRatio": 0.3447197142,
        "incomeTaxExpense": -2000,
        "netIncome": 98793000,
        "netIncomeRatio": 0.2441177779,
        "eps": 6.6,
        "epsdiluted": 6.6,
        "weightedAverageShsOut": 14965033,
        "weightedAverageShsOutDil": 14965033,
        "link": "https://www.sec.gov/Archives/edgar/data/913290/000091957407003317/0000919574-07-003317-index.htm",
        "finalLink": "https://www.sec.gov/Archives/edgar/data/913290/000091957407003317/d762642_20-f.txt"
    },
    {
        "date": "2006-06-30",
        "symbol": "FRO",
        "reportedCurrency": "USD",
        "cik": "0000913290",
        "fillingDate": "2006-06-30",
        "acceptedDate": "2006-06-30 00:00:00",
        "calendarYear": "2006",
        "period": "Q2",
        "revenue": 344887000,
        "costOfRevenue": 96953000,
        "grossProfit": 247934000,
        "grossProfitRatio": 0.7188847362,
        "researchAndDevelopmentExpenses": 0,
        "generalAndAdministrativeExpenses": 0,
        "sellingAndMarketingExpenses": 0,
        "sellingGeneralAndAdministrativeExpenses": 62535000,
        "otherExpenses": 40504000,
        "operatingExpenses": 103039000,
        "costAndExpenses": 199992000,
        "interestIncome": 12382000,
        "interestExpense": 165219000,
        "depreciationAndAmortization": -51795000,
        "ebitda": 182109000,
        "ebitdaratio": 0.5280251213,
        "operatingIncome": 144895000,
        "operatingIncomeRatio": 0.4201231128,
        "totalOtherIncomeExpensesNet": -37676000,
        "incomeBeforeTax": 107219000,
        "incomeBeforeTaxRatio": 0.3108815351,
        "incomeTaxExpense": 123000,
        "netIncome": 68562000,
        "netIncomeRatio": 0.1987955475,
        "eps": 4.5,
        "epsdiluted": 4.5,
        "weightedAverageShsOut": 14965033,
        "weightedAverageShsOutDil": 14965033,
        "link": null,
        "finalLink": null
    },
    {
        "date": "2006-03-31",
        "symbol": "FRO",
        "reportedCurrency": "USD",
        "cik": "0000913290",
        "fillingDate": "2006-03-31",
        "acceptedDate": "2006-03-31 00:00:00",
        "calendarYear": "2006",
        "period": "Q1",
        "revenue": 486867000,
        "costOfRevenue": 166444000,
        "grossProfit": 320423000,
        "grossProfitRatio": 0.6581325085,
        "researchAndDevelopmentExpenses": 0,
        "generalAndAdministrativeExpenses": 0,
        "sellingAndMarketingExpenses": 0,
        "sellingGeneralAndAdministrativeExpenses": 4731000,
        "otherExpenses": 40119000,
        "operatingExpenses": 44850000,
        "costAndExpenses": 211294000,
        "interestIncome": 10685000,
        "interestExpense": 0,
        "depreciationAndAmortization": -52206000,
        "ebitda": 300319000,
        "ebitdaratio": 0.6168399173,
        "operatingIncome": 275573000,
        "operatingIncomeRatio": 0.5660128947,
        "totalOtherIncomeExpensesNet": -27901000,
        "incomeBeforeTax": 247672000,
        "incomeBeforeTaxRatio": 0.5087056629,
        "incomeTaxExpense": 133431000,
        "netIncome": 219094000,
        "netIncomeRatio": 0.4500079077,
        "eps": 14.65,
        "epsdiluted": 14.65,
        "weightedAverageShsOut": 14965033,
        "weightedAverageShsOutDil": 14965033,
        "link": null,
        "finalLink": null
    },
    {
        "date": "2005-12-31",
        "symbol": "FRO",
        "reportedCurrency": "USD",
        "cik": "0000913290",
        "fillingDate": "2006-06-30",
        "acceptedDate": "2006-06-30 17:29:24",
        "calendarYear": "2005",
        "period": "Q4",
        "revenue": 430368000,
        "costOfRevenue": 135188000,
        "grossProfit": 295180000,
        "grossProfitRatio": 0.6858781322,
        "researchAndDevelopmentExpenses": 0,
        "generalAndAdministrativeExpenses": 0,
        "sellingAndMarketingExpenses": 0,
        "sellingGeneralAndAdministrativeExpenses": 6212000,
        "otherExpenses": 625808000,
        "operatingExpenses": 632020000,
        "costAndExpenses": 767208000,
        "interestIncome": 0,
        "interestExpense": 0,
        "depreciationAndAmortization": 363715000,
        "ebitda": 26875000,
        "ebitdaratio": 0.0624465574,
        "operatingIncome": 236875000,
        "operatingIncomeRatio": 0.5504010521,
        "totalOtherIncomeExpensesNet": -32599000,
        "incomeBeforeTax": 204276000,
        "incomeBeforeTaxRatio": 0.4746542494,
        "incomeTaxExpense": 101000,
        "netIncome": 133779000,
        "netIncomeRatio": 0.3108479255,
        "eps": 13.64,
        "epsdiluted": 13.64,
        "weightedAverageShsOut": 14964901,
        "weightedAverageShsOutDil": 14965033,
        "link": "https://www.sec.gov/Archives/edgar/data/913290/000091957406002877/0000919574-06-002877-index.htm",
        "finalLink": "https://www.sec.gov/Archives/edgar/data/913290/000091957406002877/d682923_20-f.txt"
    },
    {
        "date": "2005-09-30",
        "symbol": "FRO",
        "reportedCurrency": "USD",
        "cik": "0000913290",
        "fillingDate": "2005-09-30",
        "acceptedDate": "2005-09-30 00:00:00",
        "calendarYear": "2005",
        "period": "Q3",
        "revenue": 291546000,
        "costOfRevenue": 126149000,
        "grossProfit": 165397000,
        "grossProfitRatio": 0.5673101329,
        "researchAndDevelopmentExpenses": 0,
        "generalAndAdministrativeExpenses": 0,
        "sellingAndMarketingExpenses": 0,
        "sellingGeneralAndAdministrativeExpenses": 5931000,
        "otherExpenses": 17325000,
        "operatingExpenses": 23256000,
        "costAndExpenses": 149405000,
        "interestIncome": 0,
        "interestExpense": 117819000,
        "depreciationAndAmortization": -51731000,
        "ebitda": 139887000,
        "ebitdaratio": 0.4798110761,
        "operatingIncome": 142141000,
        "operatingIncomeRatio": 0.4875422746,
        "totalOtherIncomeExpensesNet": -18576000,
        "incomeBeforeTax": 123565000,
        "incomeBeforeTaxRatio": 0.4238267718,
        "incomeTaxExpense": 2000,
        "netIncome": 73797000,
        "netIncomeRatio": 0.2531230063,
        "eps": 4.95,
        "epsdiluted": 4.95,
        "weightedAverageShsOut": 14965033,
        "weightedAverageShsOutDil": 14965033,
        "link": null,
        "finalLink": null
    },
    {
        "date": "2005-06-30",
        "symbol": "FRO",
        "reportedCurrency": "USD",
        "cik": "0000913290",
        "fillingDate": "2005-06-30",
        "acceptedDate": "2005-06-30 00:00:00",
        "calendarYear": "2005",
        "period": "Q2",
        "revenue": 332363000,
        "costOfRevenue": 109982000,
        "grossProfit": 222381000,
        "grossProfitRatio": 0.6690907231,
        "researchAndDevelopmentExpenses": 0,
        "generalAndAdministrativeExpenses": 0,
        "sellingAndMarketingExpenses": 0,
        "sellingGeneralAndAdministrativeExpenses": 3883000,
        "otherExpenses": 33371000,
        "operatingExpenses": 37254000,
        "costAndExpenses": 147236000,
        "interestIncome": 10270000,
        "interestExpense": 136767000,
        "depreciationAndAmortization": -52347000,
        "ebitda": 211851000,
        "ebitdaratio": 0.6374084961,
        "operatingIncome": 185127000,
        "operatingIncomeRatio": 0.5570024341,
        "totalOtherIncomeExpensesNet": -31658000,
        "incomeBeforeTax": 153736000,
        "incomeBeforeTaxRatio": 0.4625544961,
        "incomeTaxExpense": -84000,
        "netIncome": 127515000,
        "netIncomeRatio": 0.3836618396,
        "eps": 8.5,
        "epsdiluted": 8.5,
        "weightedAverageShsOut": 14965033,
        "weightedAverageShsOutDil": 14965033,
        "link": null,
        "finalLink": null
    },
    {
        "date": "2005-03-31",
        "symbol": "FRO",
        "reportedCurrency": "USD",
        "cik": "0000913290",
        "fillingDate": "2005-03-31",
        "acceptedDate": "2005-03-31 00:00:00",
        "calendarYear": "2005",
        "period": "Q1",
        "revenue": 460624000,
        "costOfRevenue": 126325000,
        "grossProfit": 334299000,
        "grossProfitRatio": 0.7257524575,
        "researchAndDevelopmentExpenses": 0,
        "generalAndAdministrativeExpenses": 0,
        "sellingAndMarketingExpenses": 0,
        "sellingGeneralAndAdministrativeExpenses": 5155000,
        "otherExpenses": 19877000,
        "operatingExpenses": 25032000,
        "costAndExpenses": 151357000,
        "interestIncome": 8690000,
        "interestExpense": 0,
        "depreciationAndAmortization": -60762000,
        "ebitda": 303675000,
        "ebitdaratio": 0.6592687311,
        "operatingIncome": 309267000,
        "operatingIncomeRatio": 0.6714087846,
        "totalOtherIncomeExpensesNet": -23517000,
        "incomeBeforeTax": 286204000,
        "incomeBeforeTaxRatio": 0.6213397478,
        "incomeTaxExpense": 84768000,
        "netIncome": 279669000,
        "netIncomeRatio": 0.6071524714,
        "eps": 18.3,
        "epsdiluted": 18.3,
        "weightedAverageShsOut": 15500000,
        "weightedAverageShsOutDil": 15500000,
        "link": null,
        "finalLink": null
    },
    {
        "date": "2004-12-31",
        "symbol": "FRO",
        "reportedCurrency": "USD",
        "cik": "0000913290",
        "fillingDate": "2004-10-07",
        "acceptedDate": "2004-10-06 18:55:25",
        "calendarYear": "2004",
        "period": "Q4",
        "revenue": 638987000,
        "costOfRevenue": 146414000,
        "grossProfit": 492573000,
        "grossProfitRatio": 0.770865448,
        "researchAndDevelopmentExpenses": 0,
        "generalAndAdministrativeExpenses": 0,
        "sellingAndMarketingExpenses": 0,
        "sellingGeneralAndAdministrativeExpenses": 9441000,
        "otherExpenses": 566266000,
        "operatingExpenses": 575707000,
        "costAndExpenses": 722121000,
        "interestIncome": 0,
        "interestExpense": 0,
        "depreciationAndAmortization": 330033000,
        "ebitda": 246899000,
        "ebitdaratio": 0.3863912724,
        "operatingIncome": 458696000,
        "operatingIncomeRatio": 0.7178487199,
        "totalOtherIncomeExpensesNet": -39067000,
        "incomeBeforeTax": 419629000,
        "incomeBeforeTaxRatio": 0.6567097609,
        "incomeTaxExpense": 65000,
        "netIncome": 489182000,
        "netIncomeRatio": 0.7655586107,
        "eps": 31.56,
        "epsdiluted": 31.56,
        "weightedAverageShsOut": 15099131,
        "weightedAverageShsOutDil": 15500000,
        "link": "https://www.sec.gov/Archives/edgar/data/913290/000091957404002758/0000919574-04-002758-index.htm",
        "finalLink": "https://www.sec.gov/Archives/edgar/data/913290/000091957404002758/0000919574-04-002758.txt"
    },
    {
        "date": "2004-09-30",
        "symbol": "FRO",
        "reportedCurrency": "USD",
        "cik": "0000913290",
        "fillingDate": "2004-10-07",
        "acceptedDate": "2004-10-06 18:55:25",
        "calendarYear": "2004",
        "period": "Q3",
        "revenue": 410097000,
        "costOfRevenue": 138395000,
        "grossProfit": 271702000,
        "grossProfitRatio": 0.6625310597,
        "researchAndDevelopmentExpenses": 0,
        "generalAndAdministrativeExpenses": 0,
        "sellingAndMarketingExpenses": 0,
        "sellingGeneralAndAdministrativeExpenses": 4961000,
        "otherExpenses": 55278000,
        "operatingExpenses": 60239000,
        "costAndExpenses": 198634000,
        "interestIncome": 0,
        "interestExpense": 0,
        "depreciationAndAmortization": -48717000,
        "ebitda": 257691000,
        "ebitdaratio": 0.628365972,
        "operatingIncome": 220513000,
        "operatingIncomeRatio": 0.5377093712,
        "totalOtherIncomeExpensesNet": -56654000,
        "incomeBeforeTax": 163859000,
        "incomeBeforeTaxRatio": 0.3995615671,
        "incomeTaxExpense": 171509000,
        "netIncome": 150580000,
        "netIncomeRatio": 0.3671814229,
        "eps": 10.1,
        "epsdiluted": 10.1,
        "weightedAverageShsOut": 14886773,
        "weightedAverageShsOutDil": 14886773,
        "link": "https://www.sec.gov/Archives/edgar/data/913290/000091957404002758/0000919574-04-002758-index.htm",
        "finalLink": "https://www.sec.gov/Archives/edgar/data/913290/000091957404002758/0000919574-04-002758.txt"
    },
    {
        "date": "2004-06-30",
        "symbol": "FRO",
        "reportedCurrency": "USD",
        "cik": "0000913290",
        "fillingDate": "2004-03-05",
        "acceptedDate": "2004-03-05 14:46:58",
        "calendarYear": "2004",
        "period": "Q2",
        "revenue": 357004000,
        "costOfRevenue": 122140000,
        "grossProfit": 234864000,
        "grossProfitRatio": 0.6578749818,
        "researchAndDevelopmentExpenses": 0,
        "generalAndAdministrativeExpenses": 0,
        "sellingAndMarketingExpenses": 0,
        "sellingGeneralAndAdministrativeExpenses": 5236000,
        "otherExpenses": 46097000,
        "operatingExpenses": 51333000,
        "costAndExpenses": 173473000,
        "interestIncome": 8297000,
        "interestExpense": 82805000,
        "depreciationAndAmortization": -52421000,
        "ebitda": 199685000,
        "ebitdaratio": 0.5593354696,
        "operatingIncome": 183531000,
        "operatingIncomeRatio": 0.5140866769,
        "totalOtherIncomeExpensesNet": -11001000,
        "incomeBeforeTax": 173682000,
        "incomeBeforeTaxRatio": 0.4864987507,
        "incomeTaxExpense": 113000,
        "netIncome": 169188000,
        "netIncomeRatio": 0.4739106565,
        "eps": 11.45,
        "epsdiluted": 11.45,
        "weightedAverageShsOut": 14751800,
        "weightedAverageShsOutDil": 14751800,
        "link": "https://www.sec.gov/Archives/edgar/data/913290/000091957404000997/0000919574-04-000997-index.htm",
        "finalLink": "https://www.sec.gov/Archives/edgar/data/913290/000091957404000997/0000919574-04-000997.txt"
    },
    {
        "date": "2004-03-31",
        "symbol": "FRO",
        "reportedCurrency": "USD",
        "cik": "0000913290",
        "fillingDate": "2004-03-05",
        "acceptedDate": "2004-03-05 14:46:58",
        "calendarYear": "2004",
        "period": "Q1",
        "revenue": 450636000,
        "costOfRevenue": 124357000,
        "grossProfit": 326279000,
        "grossProfitRatio": 0.724041133,
        "researchAndDevelopmentExpenses": 0,
        "generalAndAdministrativeExpenses": 0,
        "sellingAndMarketingExpenses": 0,
        "sellingGeneralAndAdministrativeExpenses": 6115000,
        "otherExpenses": -244000,
        "operatingExpenses": 5871000,
        "costAndExpenses": 130228000,
        "interestIncome": 7962000,
        "interestExpense": 0,
        "depreciationAndAmortization": -45184000,
        "ebitda": 365591000,
        "ebitdaratio": 0.8112778384,
        "operatingIncome": 320408000,
        "operatingIncomeRatio": 0.7110128796,
        "totalOtherIncomeExpensesNet": -105975000,
        "incomeBeforeTax": 214433000,
        "incomeBeforeTaxRatio": 0.4758452498,
        "incomeTaxExpense": 0,
        "netIncome": 214433000,
        "netIncomeRatio": 0.4758452498,
        "eps": 14.55,
        "epsdiluted": 14.55,
        "weightedAverageShsOut": 14738214,
        "weightedAverageShsOutDil": 14738214,
        "link": "https://www.sec.gov/Archives/edgar/data/913290/000091957404000997/0000919574-04-000997-index.htm",
        "finalLink": "https://www.sec.gov/Archives/edgar/data/913290/000091957404000997/0000919574-04-000997.txt"
    },
    {
        "date": "2003-12-31",
        "symbol": "FRO",
        "reportedCurrency": "USD",
        "cik": "0000913290",
        "fillingDate": "2004-06-30",
        "acceptedDate": "2004-06-30 16:26:16",
        "calendarYear": "2003",
        "period": "Q4",
        "revenue": 543610000,
        "costOfRevenue": 376451000,
        "grossProfit": 167159000,
        "grossProfitRatio": 0.3074980225,
        "researchAndDevelopmentExpenses": 0,
        "generalAndAdministrativeExpenses": 0,
        "sellingAndMarketingExpenses": 0,
        "sellingGeneralAndAdministrativeExpenses": 7603000,
        "otherExpenses": 672254000,
        "operatingExpenses": 679857000,
        "costAndExpenses": 1056308000,
        "interestIncome": 0,
        "interestExpense": 0,
        "depreciationAndAmortization": 256060000,
        "ebitda": -256638000,
        "ebitdaratio": -0.4720994831,
        "operatingIncome": 9513000,
        "operatingIncomeRatio": 0.0174996781,
        "totalOtherIncomeExpensesNet": 60970000,
        "incomeBeforeTax": 70483000,
        "incomeBeforeTaxRatio": 0.1296572911,
        "incomeTaxExpense": 6000,
        "netIncome": 36710000,
        "netIncomeRatio": 0.0675300307,
        "eps": 4.78,
        "epsdiluted": 4.78,
        "weightedAverageShsOut": 14714226,
        "weightedAverageShsOutDil": 14738214,
        "link": "https://www.sec.gov/Archives/edgar/data/913290/000091957404002001/0000919574-04-002001-index.htm",
        "finalLink": "https://www.sec.gov/Archives/edgar/data/913290/000091957404002001/d496661_20-f.txt"
    },
    {
        "date": "2003-09-30",
        "symbol": "FRO",
        "reportedCurrency": "USD",
        "cik": "0000913290",
        "fillingDate": "2003-09-30",
        "acceptedDate": "2003-09-30 00:00:00",
        "calendarYear": "2003",
        "period": "Q3",
        "revenue": 142238000,
        "costOfRevenue": 47151000,
        "grossProfit": 95087000,
        "grossProfitRatio": 0.6685063063,
        "researchAndDevelopmentExpenses": 0,
        "generalAndAdministrativeExpenses": 0,
        "sellingAndMarketingExpenses": 0,
        "sellingGeneralAndAdministrativeExpenses": 4566000,
        "otherExpenses": -2218000,
        "operatingExpenses": 2348000,
        "costAndExpenses": 49499000,
        "interestIncome": 1467000,
        "interestExpense": 0,
        "depreciationAndAmortization": -37007000,
        "ebitda": 130050000,
        "ebitdaratio": 0.9143126309,
        "operatingIncome": 97435000,
        "operatingIncomeRatio": 0.68501385,
        "totalOtherIncomeExpensesNet": -59532000,
        "incomeBeforeTax": 37903000,
        "incomeBeforeTaxRatio": 0.2664759066,
        "incomeTaxExpense": 0,
        "netIncome": 37903000,
        "netIncomeRatio": 0.2664759066,
        "eps": 2.6,
        "epsdiluted": 2.6,
        "weightedAverageShsOut": 14698186,
        "weightedAverageShsOutDil": 14698186,
        "link": null,
        "finalLink": null
    },
    {
        "date": "2003-06-30",
        "symbol": "FRO",
        "reportedCurrency": "USD",
        "cik": "0000913290",
        "fillingDate": "2003-06-30",
        "acceptedDate": "2003-06-30 00:00:00",
        "calendarYear": "2003",
        "period": "Q2",
        "revenue": 228993000,
        "costOfRevenue": 48221000,
        "grossProfit": 180772000,
        "grossProfitRatio": 0.7894215107,
        "researchAndDevelopmentExpenses": 0,
        "generalAndAdministrativeExpenses": 0,
        "sellingAndMarketingExpenses": 0,
        "sellingGeneralAndAdministrativeExpenses": 2458000,
        "otherExpenses": 4271000,
        "operatingExpenses": 6729000,
        "costAndExpenses": 54950000,
        "interestIncome": 0,
        "interestExpense": 90498000,
        "depreciationAndAmortization": -35508000,
        "ebitda": 177746000,
        "ebitdaratio": 0.776207133,
        "operatingIncome": 174043000,
        "operatingIncomeRatio": 0.760036333,
        "totalOtherIncomeExpensesNet": -18977000,
        "incomeBeforeTax": 155066000,
        "incomeBeforeTaxRatio": 0.6771648042,
        "incomeTaxExpense": -1000,
        "netIncome": 155067000,
        "netIncomeRatio": 0.6771691711,
        "eps": 10.2,
        "epsdiluted": 10.2,
        "weightedAverageShsOut": 15221600,
        "weightedAverageShsOutDil": 15236600,
        "link": null,
        "finalLink": null
    },
    {
        "date": "2003-03-31",
        "symbol": "FRO",
        "reportedCurrency": "USD",
        "cik": "0000913290",
        "fillingDate": "2003-03-31",
        "acceptedDate": "2003-03-31 00:00:00",
        "calendarYear": "2003",
        "period": "Q1",
        "revenue": 258942000,
        "costOfRevenue": 50387000,
        "grossProfit": 208555000,
        "grossProfitRatio": 0.8054120228,
        "researchAndDevelopmentExpenses": 0,
        "generalAndAdministrativeExpenses": 0,
        "sellingAndMarketingExpenses": 0,
        "sellingGeneralAndAdministrativeExpenses": 3263000,
        "otherExpenses": -493000,
        "operatingExpenses": 2770000,
        "costAndExpenses": 53157000,
        "interestIncome": 0,
        "interestExpense": 77427000,
        "depreciationAndAmortization": -36638000,
        "ebitda": 218397000,
        "ebitdaratio": 0.8434205343,
        "operatingIncome": 205785000,
        "operatingIncomeRatio": 0.7947146465,
        "totalOtherIncomeExpensesNet": -28177000,
        "incomeBeforeTax": 177608000,
        "incomeBeforeTaxRatio": 0.6858987727,
        "incomeTaxExpense": -2000,
        "netIncome": 177610000,
        "netIncomeRatio": 0.6859064964,
        "eps": 11.6,
        "epsdiluted": 11.6,
        "weightedAverageShsOut": 15296013,
        "weightedAverageShsOutDil": 15296013,
        "link": null,
        "finalLink": null
    },
    {
        "date": "2002-12-31",
        "symbol": "FRO",
        "reportedCurrency": "USD",
        "cik": "0000913290",
        "fillingDate": "2003-07-15",
        "acceptedDate": "2003-07-15 17:13:15",
        "calendarYear": "2002",
        "period": "Q4",
        "revenue": 146834000,
        "costOfRevenue": 44264000,
        "grossProfit": 102570000,
        "grossProfitRatio": 0.698543934,
        "researchAndDevelopmentExpenses": 0,
        "generalAndAdministrativeExpenses": 0,
        "sellingAndMarketingExpenses": 0,
        "sellingGeneralAndAdministrativeExpenses": 3072000,
        "otherExpenses": 63405000,
        "operatingExpenses": 66477000,
        "costAndExpenses": 110741000,
        "interestIncome": 0,
        "interestExpense": 0,
        "depreciationAndAmortization": 245060000,
        "ebitda": 281153000,
        "ebitdaratio": 1.9147676969,
        "operatingIncome": 206013000,
        "operatingIncomeRatio": 1.4030333574,
        "totalOtherIncomeExpensesNet": -144781000,
        "incomeBeforeTax": 61232000,
        "incomeBeforeTaxRatio": 0.4170151327,
        "incomeTaxExpense": -24000,
        "netIncome": 45185000,
        "netIncomeRatio": 0.3077284553,
        "eps": 4,
        "epsdiluted": 4,
        "weightedAverageShsOut": 15285133,
        "weightedAverageShsOutDil": 15296013,
        "link": "https://www.sec.gov/Archives/edgar/data/913290/000091957403001400/0000919574-03-001400-index.htm",
        "finalLink": "https://www.sec.gov/Archives/edgar/data/913290/000091957403001400/d416646_20-f.txt"
    },
    {
        "date": "2002-09-30",
        "symbol": "FRO",
        "reportedCurrency": "USD",
        "cik": "0000913290",
        "fillingDate": "2002-09-30",
        "acceptedDate": "2002-09-30 00:00:00",
        "calendarYear": "2002",
        "period": "Q3",
        "revenue": 81985000,
        "costOfRevenue": 48745000,
        "grossProfit": 33240000,
        "grossProfitRatio": 0.4054400195,
        "researchAndDevelopmentExpenses": 0,
        "generalAndAdministrativeExpenses": 0,
        "sellingAndMarketingExpenses": 0,
        "sellingGeneralAndAdministrativeExpenses": 4657000,
        "otherExpenses": 35518000,
        "operatingExpenses": 40175000,
        "costAndExpenses": 88920000,
        "interestIncome": 2381000,
        "interestExpense": 149663000,
        "depreciationAndAmortization": -69538000,
        "ebitda": 27981000,
        "ebitdaratio": 0.3412941392,
        "operatingIncome": -6935000,
        "operatingIncomeRatio": -0.0845886443,
        "totalOtherIncomeExpensesNet": -30235000,
        "incomeBeforeTax": -37170000,
        "incomeBeforeTaxRatio": -0.4533756175,
        "incomeTaxExpense": 1000,
        "netIncome": -37171000,
        "netIncomeRatio": -0.4533878148,
        "eps": -2.43,
        "epsdiluted": -2.43,
        "weightedAverageShsOut": 15293313,
        "weightedAverageShsOutDil": 15293313,
        "link": null,
        "finalLink": null
    },
    {
        "date": "2002-06-30",
        "symbol": "FRO",
        "reportedCurrency": "USD",
        "cik": "0000913290",
        "fillingDate": "2002-06-30",
        "acceptedDate": "2002-06-30 00:00:00",
        "calendarYear": "2002",
        "period": "Q2",
        "revenue": 92798000,
        "costOfRevenue": 42474000,
        "grossProfit": 50324000,
        "grossProfitRatio": 0.5422961702,
        "researchAndDevelopmentExpenses": 0,
        "generalAndAdministrativeExpenses": 0,
        "sellingAndMarketingExpenses": 0,
        "sellingGeneralAndAdministrativeExpenses": 2655000,
        "otherExpenses": 34774000,
        "operatingExpenses": 37429000,
        "costAndExpenses": 79903000,
        "interestIncome": 2877000,
        "interestExpense": 90134000,
        "depreciationAndAmortization": -1581000,
        "ebitda": 56779000,
        "ebitdaratio": 0.611855859,
        "operatingIncome": 58360000,
        "operatingIncomeRatio": 0.6288928641,
        "totalOtherIncomeExpensesNet": -76269000,
        "incomeBeforeTax": -31774000,
        "incomeBeforeTaxRatio": -0.3423996207,
        "incomeTaxExpense": 1000,
        "netIncome": -31775000,
        "netIncomeRatio": -0.3424103968,
        "eps": -2.08,
        "epsdiluted": -2.08,
        "weightedAverageShsOut": 15293313,
        "weightedAverageShsOutDil": 15293313,
        "link": null,
        "finalLink": null
    },
    {
        "date": "2002-03-31",
        "symbol": "FRO",
        "reportedCurrency": "USD",
        "cik": "0000913290",
        "fillingDate": "2002-03-31",
        "acceptedDate": "2002-03-31 00:00:00",
        "calendarYear": "2002",
        "period": "Q1",
        "revenue": 94904000,
        "costOfRevenue": 36707000,
        "grossProfit": 58197000,
        "grossProfitRatio": 0.6132196746,
        "researchAndDevelopmentExpenses": 0,
        "generalAndAdministrativeExpenses": 0,
        "sellingAndMarketingExpenses": 0,
        "sellingGeneralAndAdministrativeExpenses": 2421000,
        "otherExpenses": 0,
        "operatingExpenses": 2421000,
        "costAndExpenses": 39128000,
        "interestIncome": 2555000,
        "interestExpense": 102771000,
        "depreciationAndAmortization": -34086000,
        "ebitda": 83551000,
        "ebitdaratio": 0.8803738515,
        "operatingIncome": 55776000,
        "operatingIncomeRatio": 0.5877096856,
        "totalOtherIncomeExpensesNet": -41739000,
        "incomeBeforeTax": 14866000,
        "incomeBeforeTaxRatio": 0.1566425019,
        "incomeTaxExpense": 3000,
        "netIncome": 14863000,
        "netIncomeRatio": 0.156610891,
        "eps": 0.95,
        "epsdiluted": 0.95,
        "weightedAverageShsOut": 15645263,
        "weightedAverageShsOutDil": 15645263,
        "link": null,
        "finalLink": null
    },
    {
        "date": "2001-12-31",
        "symbol": "FRO",
        "reportedCurrency": "USD",
        "cik": "0000913290",
        "fillingDate": "2002-07-01",
        "acceptedDate": "2002-07-01 16:58:36",
        "calendarYear": "2001",
        "period": "Q4",
        "revenue": 109593000,
        "costOfRevenue": 42183000,
        "grossProfit": 67410000,
        "grossProfitRatio": 0.6150940297,
        "researchAndDevelopmentExpenses": 0,
        "generalAndAdministrativeExpenses": 0,
        "sellingAndMarketingExpenses": 0,
        "sellingGeneralAndAdministrativeExpenses": 5050000,
        "otherExpenses": 144723000,
        "operatingExpenses": 149773000,
        "costAndExpenses": 191956000,
        "interestIncome": 0,
        "interestExpense": 0,
        "depreciationAndAmortization": 32461000,
        "ebitda": -49902000,
        "ebitdaratio": -0.4553393009,
        "operatingIncome": 27521000,
        "operatingIncomeRatio": 0.2511200533,
        "totalOtherIncomeExpensesNet": 16355000,
        "incomeBeforeTax": 43876000,
        "incomeBeforeTaxRatio": 0.4003540372,
        "incomeTaxExpense": 188000,
        "netIncome": 43688000,
        "netIncomeRatio": 0.3986385992,
        "eps": 2.79,
        "epsdiluted": 2.79,
        "weightedAverageShsOut": 15211659,
        "weightedAverageShsOutDil": 15645263,
        "link": "https://www.sec.gov/Archives/edgar/data/913290/000091957402001157/0000919574-02-001157-index.htm",
        "finalLink": "https://www.sec.gov/Archives/edgar/data/913290/000091957402001157/d334399_20-f.txt"
    },
    {
        "date": "2001-09-30",
        "symbol": "FRO",
        "reportedCurrency": "USD",
        "cik": "0000913290",
        "fillingDate": "2001-09-30",
        "acceptedDate": "2001-09-30 00:00:00",
        "calendarYear": "2001",
        "period": "Q3",
        "revenue": 132406000,
        "costOfRevenue": 42700000,
        "grossProfit": 89706000,
        "grossProfitRatio": 0.6775070616,
        "researchAndDevelopmentExpenses": 0,
        "generalAndAdministrativeExpenses": 0,
        "sellingAndMarketingExpenses": 0,
        "sellingGeneralAndAdministrativeExpenses": 1767000,
        "otherExpenses": 15288000,
        "operatingExpenses": 17055000,
        "costAndExpenses": 59755000,
        "interestIncome": 2234000,
        "interestExpense": 30681000,
        "depreciationAndAmortization": 31118000,
        "ebitda": 103769000,
        "ebitdaratio": 0.7837182605,
        "operatingIncome": 106761000,
        "operatingIncomeRatio": 0.8063154238,
        "totalOtherIncomeExpensesNet": -67204000,
        "incomeBeforeTax": 39557000,
        "incomeBeforeTaxRatio": 0.2987553434,
        "incomeTaxExpense": 271000,
        "netIncome": 39286000,
        "netIncomeRatio": 0.2967086084,
        "eps": 2.55,
        "epsdiluted": 2.55,
        "weightedAverageShsOut": 15382513,
        "weightedAverageShsOutDil": 15382513,
        "link": null,
        "finalLink": null
    },
    {
        "date": "2001-06-30",
        "symbol": "FRO",
        "reportedCurrency": "USD",
        "cik": "0000913290",
        "fillingDate": "2001-06-30",
        "acceptedDate": "2001-06-30 00:00:00",
        "calendarYear": "2001",
        "period": "Q2",
        "revenue": 195206000,
        "costOfRevenue": 43656000,
        "grossProfit": 151550000,
        "grossProfitRatio": 0.7763593332,
        "researchAndDevelopmentExpenses": 0,
        "generalAndAdministrativeExpenses": 0,
        "sellingAndMarketingExpenses": 0,
        "sellingGeneralAndAdministrativeExpenses": 5961000,
        "otherExpenses": 30610000,
        "operatingExpenses": 36571000,
        "costAndExpenses": 80227000,
        "interestIncome": 3301000,
        "interestExpense": 0,
        "depreciationAndAmortization": 30610000,
        "ebitda": 130555000,
        "ebitdaratio": 0.6688062867,
        "operatingIncome": 99945000,
        "operatingIncomeRatio": 0.511997582,
        "totalOtherIncomeExpensesNet": 0,
        "incomeBeforeTax": 114979000,
        "incomeBeforeTaxRatio": 0.5890136574,
        "incomeTaxExpense": -7746000,
        "netIncome": 107691000,
        "netIncomeRatio": 0.5516787394,
        "eps": 7,
        "epsdiluted": 7,
        "weightedAverageShsOut": 15388782,
        "weightedAverageShsOutDil": 15388782,
        "link": null,
        "finalLink": null
    },
    {
        "date": "2001-03-31",
        "symbol": "FRO",
        "reportedCurrency": "USD",
        "cik": "0000913290",
        "fillingDate": "2001-03-08",
        "acceptedDate": "2001-03-08 00:00:00",
        "calendarYear": "2001",
        "period": "Q1",
        "revenue": 222092000,
        "costOfRevenue": 36624000,
        "grossProfit": 185468000,
        "grossProfitRatio": 0.8350953659,
        "researchAndDevelopmentExpenses": 0,
        "generalAndAdministrativeExpenses": 0,
        "sellingAndMarketingExpenses": 0,
        "sellingGeneralAndAdministrativeExpenses": 3495000,
        "otherExpenses": 29323000,
        "operatingExpenses": 32818000,
        "costAndExpenses": 69442000,
        "interestIncome": 4592000,
        "interestExpense": 0,
        "depreciationAndAmortization": 29323000,
        "ebitda": 149290000,
        "ebitdaratio": 0.6721989086,
        "operatingIncome": 119967000,
        "operatingIncomeRatio": 0.5401680385,
        "totalOtherIncomeExpensesNet": 0,
        "incomeBeforeTax": 152650000,
        "incomeBeforeTaxRatio": 0.6873277741,
        "incomeTaxExpense": -41758000,
        "netIncome": 161725000,
        "netIncomeRatio": 0.7281892189,
        "eps": 10.5,
        "epsdiluted": 10.5,
        "weightedAverageShsOut": 15422070,
        "weightedAverageShsOutDil": 15422070,
        "link": "https://www.sec.gov/Archives/edgar/data/913290/000091957401500008/0000919574-01-500008-index.htm",
        "finalLink": "https://www.sec.gov/Archives/edgar/data/913290/000091957401500008/0000919574-01-500008.txt"
    },
    {
        "date": "2000-12-31",
        "symbol": "FRO",
        "reportedCurrency": "USD",
        "cik": "0000913290",
        "fillingDate": "2001-06-13",
        "acceptedDate": "2001-06-13 00:00:00",
        "calendarYear": "2000",
        "period": "Q4",
        "revenue": 247692000,
        "costOfRevenue": 34745000,
        "grossProfit": 212947000,
        "grossProfitRatio": 0.859724981,
        "researchAndDevelopmentExpenses": 0,
        "generalAndAdministrativeExpenses": 0,
        "sellingAndMarketingExpenses": 0,
        "sellingGeneralAndAdministrativeExpenses": 843000,
        "otherExpenses": 59733000,
        "operatingExpenses": 60576000,
        "costAndExpenses": 95321000,
        "interestIncome": 3134000,
        "interestExpense": 0,
        "depreciationAndAmortization": 29807000,
        "ebitda": 159367000,
        "ebitdaratio": 0.6434079421,
        "operatingIncome": 129560000,
        "operatingIncomeRatio": 0.5230689728,
        "totalOtherIncomeExpensesNet": 0,
        "incomeBeforeTax": 152371000,
        "incomeBeforeTaxRatio": 0.6151631865,
        "incomeTaxExpense": -51643000,
        "netIncome": 181203000,
        "netIncomeRatio": 0.7315658156,
        "eps": 11.75,
        "epsdiluted": 11.75,
        "weightedAverageShsOut": 15422070,
        "weightedAverageShsOutDil": 15422070,
        "link": "https://www.sec.gov/Archives/edgar/data/913290/000091957401500480/0000919574-01-500480-index.htm",
        "finalLink": "https://www.sec.gov/Archives/edgar/data/913290/000091957401500480/fr02089009ae8.txt"
    },
    {
        "date": "2000-09-30",
        "symbol": "FRO",
        "reportedCurrency": "USD",
        "cik": "0000913290",
        "fillingDate": "2000-09-30",
        "acceptedDate": "2000-09-30 00:00:00",
        "calendarYear": "2000",
        "period": "Q3",
        "revenue": 174156000,
        "costOfRevenue": 31410000,
        "grossProfit": 142746000,
        "grossProfitRatio": 0.8196444567,
        "researchAndDevelopmentExpenses": 0,
        "generalAndAdministrativeExpenses": 0,
        "sellingAndMarketingExpenses": 0,
        "sellingGeneralAndAdministrativeExpenses": 3275000,
        "otherExpenses": 22343000,
        "operatingExpenses": 25618000,
        "costAndExpenses": 57028000,
        "interestIncome": 2223000,
        "interestExpense": 0,
        "depreciationAndAmortization": 22343000,
        "ebitda": 137658000,
        "ebitdaratio": 0.7904292703,
        "operatingIncome": 115315000,
        "operatingIncomeRatio": 0.6621362457,
        "totalOtherIncomeExpensesNet": 0,
        "incomeBeforeTax": 117128000,
        "incomeBeforeTaxRatio": 0.6725464526,
        "incomeTaxExpense": 18332000,
        "netIncome": 96983000,
        "netIncomeRatio": 0.5568742966,
        "eps": 7.95,
        "epsdiluted": 7.95,
        "weightedAverageShsOut": 15613762,
        "weightedAverageShsOutDil": 15613762,
        "link": null,
        "finalLink": null
    },
    {
        "date": "2000-06-30",
        "symbol": "FRO",
        "reportedCurrency": "USD",
        "cik": "0000913290",
        "fillingDate": "2000-06-30",
        "acceptedDate": "2000-06-30 00:00:00",
        "calendarYear": "2000",
        "period": "Q2",
        "revenue": 108951000,
        "costOfRevenue": 29698000,
        "grossProfit": 79253000,
        "grossProfitRatio": 0.7274187479,
        "researchAndDevelopmentExpenses": 0,
        "generalAndAdministrativeExpenses": 0,
        "sellingAndMarketingExpenses": 0,
        "sellingGeneralAndAdministrativeExpenses": 3005000,
        "otherExpenses": 21041000,
        "operatingExpenses": 24046000,
        "costAndExpenses": 53744000,
        "interestIncome": 0,
        "interestExpense": 0,
        "depreciationAndAmortization": 21041000,
        "ebitda": 74461000,
        "ebitdaratio": 0.6834356729,
        "operatingIncome": 53420000,
        "operatingIncomeRatio": 0.4903121587,
        "totalOtherIncomeExpensesNet": 0,
        "incomeBeforeTax": 55207000,
        "incomeBeforeTaxRatio": 0.5067140274,
        "incomeTaxExpense": 18753000,
        "netIncome": 34667000,
        "netIncomeRatio": 0.3181889106,
        "eps": 2.84,
        "epsdiluted": 2.84,
        "weightedAverageShsOut": 15388782,
        "weightedAverageShsOutDil": 15388782,
        "link": null,
        "finalLink": null
    },
    {
        "date": "2000-03-31",
        "symbol": "FRO",
        "reportedCurrency": "USD",
        "cik": "0000913290",
        "fillingDate": "2000-03-31",
        "acceptedDate": "2000-03-31 00:00:00",
        "calendarYear": "2000",
        "period": "Q1",
        "revenue": 69145000,
        "costOfRevenue": 26953000,
        "grossProfit": 42192000,
        "grossProfitRatio": 0.610195965,
        "researchAndDevelopmentExpenses": 0,
        "generalAndAdministrativeExpenses": 0,
        "sellingAndMarketingExpenses": 0,
        "sellingGeneralAndAdministrativeExpenses": 2203000,
        "otherExpenses": 19689000,
        "operatingExpenses": 21892000,
        "costAndExpenses": 48845000,
        "interestIncome": 697000,
        "interestExpense": 0,
        "depreciationAndAmortization": 19689000,
        "ebitda": 39268000,
        "ebitdaratio": 0.5679080194,
        "operatingIncome": 19579000,
        "operatingIncomeRatio": 0.2831585798,
        "totalOtherIncomeExpensesNet": 0,
        "incomeBeforeTax": 20300000,
        "incomeBeforeTaxRatio": 0.2935859426,
        "incomeTaxExpense": 18565000,
        "netIncome": 1014000,
        "netIncomeRatio": 0.0146648348,
        "eps": 0.0832,
        "epsdiluted": 0.0832,
        "weightedAverageShsOut": 12192372,
        "weightedAverageShsOutDil": 12192372,
        "link": null,
        "finalLink": null
    },
    {
        "date": "1999-12-31",
        "symbol": "FRO",
        "reportedCurrency": "USD",
        "cik": "0000913290",
        "fillingDate": "2000-06-29",
        "acceptedDate": "2000-06-29 00:00:00",
        "calendarYear": "1999",
        "period": "Q4",
        "revenue": 73314000,
        "costOfRevenue": 0,
        "grossProfit": 73314000,
        "grossProfitRatio": 1,
        "researchAndDevelopmentExpenses": 0,
        "generalAndAdministrativeExpenses": 0,
        "sellingAndMarketingExpenses": 0,
        "sellingGeneralAndAdministrativeExpenses": 6483000,
        "otherExpenses": 81327000,
        "operatingExpenses": 87810000,
        "costAndExpenses": -26390000,
        "interestIncome": 0,
        "interestExpense": 0,
        "depreciationAndAmortization": 48335000,
        "ebitda": 155712000,
        "ebitdaratio": 2.1239053932,
        "operatingIncome": 107377000,
        "operatingIncomeRatio": 1.4646179447,
        "totalOtherIncomeExpensesNet": -7673000,
        "incomeBeforeTax": 99704000,
        "incomeBeforeTaxRatio": 1.3599585345,
        "incomeTaxExpense": 173573000,
        "netIncome": -66196000,
        "netIncomeRatio": -0.9029107674,
        "eps": -5.43,
        "epsdiluted": -5.43,
        "weightedAverageShsOut": 12192372,
        "weightedAverageShsOutDil": 12192372,
        "link": "https://www.sec.gov/Archives/edgar/data/913290/000091957400000629/0000919574-00-000629-index.htm",
        "finalLink": "https://www.sec.gov/Archives/edgar/data/913290/000091957400000629/0000919574-00-000629-0001.txt"
    },
    {
        "date": "1999-09-30",
        "symbol": "FRO",
        "reportedCurrency": "USD",
        "cik": "0000913290",
        "fillingDate": "1999-09-30",
        "acceptedDate": "1999-09-30 00:00:00",
        "calendarYear": "1999",
        "period": "Q3",
        "revenue": 56500000,
        "costOfRevenue": 39000000,
        "grossProfit": 17500000,
        "grossProfitRatio": 0.3097345133,
        "researchAndDevelopmentExpenses": 0,
        "generalAndAdministrativeExpenses": 0,
        "sellingAndMarketingExpenses": 0,
        "sellingGeneralAndAdministrativeExpenses": 1800000,
        "otherExpenses": 15200000,
        "operatingExpenses": 17000000,
        "costAndExpenses": 56000000,
        "interestIncome": 400000,
        "interestExpense": 0,
        "depreciationAndAmortization": 15200000,
        "ebitda": 22389000,
        "ebitdaratio": 0.3962654867,
        "operatingIncome": -300000,
        "operatingIncomeRatio": -0.0053097345,
        "totalOtherIncomeExpensesNet": 2213000,
        "incomeBeforeTax": 500000,
        "incomeBeforeTaxRatio": 0.0088495575,
        "incomeTaxExpense": 17000000,
        "netIncome": -17300000,
        "netIncomeRatio": -0.3061946903,
        "eps": -1.42,
        "epsdiluted": -1.42,
        "weightedAverageShsOut": 12192372,
        "weightedAverageShsOutDil": 12192372,
        "link": null,
        "finalLink": null
    },
    {
        "date": "1999-06-30",
        "symbol": "FRO",
        "reportedCurrency": "USD",
        "cik": "0000913290",
        "fillingDate": "1999-06-30",
        "acceptedDate": "1999-06-30 00:00:00",
        "calendarYear": "1999",
        "period": "Q2",
        "revenue": 54000000,
        "costOfRevenue": 30500000,
        "grossProfit": 23500000,
        "grossProfitRatio": 0.4351851852,
        "researchAndDevelopmentExpenses": 0,
        "generalAndAdministrativeExpenses": 0,
        "sellingAndMarketingExpenses": 0,
        "sellingGeneralAndAdministrativeExpenses": 7200000,
        "otherExpenses": 14000000,
        "operatingExpenses": 21200000,
        "costAndExpenses": 51700000,
        "interestIncome": 0,
        "interestExpense": 0,
        "depreciationAndAmortization": 14000000,
        "ebitda": 7300000,
        "ebitdaratio": 0.1351851852,
        "operatingIncome": -6700000,
        "operatingIncomeRatio": -0.1240740741,
        "totalOtherIncomeExpensesNet": -2300000,
        "incomeBeforeTax": 2300000,
        "incomeBeforeTaxRatio": 0.0425925926,
        "incomeTaxExpense": -3100000,
        "netIncome": -3600000,
        "netIncomeRatio": -0.0666666667,
        "eps": -0.23,
        "epsdiluted": -0.23,
        "weightedAverageShsOut": 15388782,
        "weightedAverageShsOutDil": 15388782,
        "link": null,
        "finalLink": null
    },
    {
        "date": "1999-03-31",
        "symbol": "FRO",
        "reportedCurrency": "USD",
        "cik": "0000913290",
        "fillingDate": "1999-03-31",
        "acceptedDate": "1999-03-31 00:00:00",
        "calendarYear": "1999",
        "period": "Q1",
        "revenue": 69400000,
        "costOfRevenue": 31900000,
        "grossProfit": 37500000,
        "grossProfitRatio": 0.5403458213,
        "researchAndDevelopmentExpenses": 0,
        "generalAndAdministrativeExpenses": 0,
        "sellingAndMarketingExpenses": 0,
        "sellingGeneralAndAdministrativeExpenses": 9100000,
        "otherExpenses": 13800000,
        "operatingExpenses": 22900000,
        "costAndExpenses": 54800000,
        "interestIncome": 600000,
        "interestExpense": 0,
        "depreciationAndAmortization": 13800000,
        "ebitda": 28700000,
        "ebitdaratio": 0.4135446686,
        "operatingIncome": 14900000,
        "operatingIncomeRatio": 0.2146974063,
        "totalOtherIncomeExpensesNet": -8217000,
        "incomeBeforeTax": 14600000,
        "incomeBeforeTaxRatio": 0.2103746398,
        "incomeTaxExpense": 14700000,
        "netIncome": 200000,
        "netIncomeRatio": 0.0028818444,
        "eps": 0.28,
        "epsdiluted": 0.28,
        "weightedAverageShsOut": 15388782,
        "weightedAverageShsOutDil": 15388782,
        "link": null,
        "finalLink": null
    },
    {
        "date": "1998-12-31",
        "symbol": "FRO",
        "reportedCurrency": "USD",
        "cik": "0000913290",
        "fillingDate": "1999-07-15",
        "acceptedDate": "1999-07-15 00:00:00",
        "calendarYear": "1998",
        "period": "Q4",
        "revenue": -4740000,
        "costOfRevenue": 0,
        "grossProfit": -4740000,
        "grossProfitRatio": 1,
        "researchAndDevelopmentExpenses": 0,
        "generalAndAdministrativeExpenses": 0,
        "sellingAndMarketingExpenses": 0,
        "sellingGeneralAndAdministrativeExpenses": -8643000,
        "otherExpenses": 32775000,
        "operatingExpenses": 24132000,
        "costAndExpenses": -66368000,
        "interestIncome": 0,
        "interestExpense": 0,
        "depreciationAndAmortization": 13959000,
        "ebitda": 84691000,
        "ebitdaratio": -17.8672995781,
        "operatingIncome": 70732000,
        "operatingIncomeRatio": -14.9223628692,
        "totalOtherIncomeExpensesNet": 0,
        "incomeBeforeTax": 61628000,
        "incomeBeforeTaxRatio": -13.0016877637,
        "incomeTaxExpense": 75933000,
        "netIncome": -5201000,
        "netIncomeRatio": 1.097257384,
        "eps": -0.34,
        "epsdiluted": -0.34,
        "weightedAverageShsOut": 15388782,
        "weightedAverageShsOutDil": 15388782,
        "link": "https://www.sec.gov/Archives/edgar/data/913290/000091957499000871/0000919574-99-000871-index.html",
        "finalLink": "https://www.sec.gov/Archives/edgar/data/913290/000091957499000871/"
    },
    {
        "date": "1998-09-30",
        "symbol": "FRO",
        "reportedCurrency": "USD",
        "cik": "0000913290",
        "fillingDate": "1998-09-30",
        "acceptedDate": "1998-09-30 00:00:00",
        "calendarYear": "1998",
        "period": "Q3",
        "revenue": 70400000,
        "costOfRevenue": 29400000,
        "grossProfit": 41000000,
        "grossProfitRatio": 0.5823863636,
        "researchAndDevelopmentExpenses": 0,
        "generalAndAdministrativeExpenses": 0,
        "sellingAndMarketingExpenses": 0,
        "sellingGeneralAndAdministrativeExpenses": 4900000,
        "otherExpenses": 14400000,
        "operatingExpenses": 19300000,
        "costAndExpenses": 48700000,
        "interestIncome": 0,
        "interestExpense": 0,
        "depreciationAndAmortization": 14400000,
        "ebitda": 33000000,
        "ebitdaratio": 0.46875,
        "operatingIncome": 18600000,
        "operatingIncomeRatio": 0.2642045455,
        "totalOtherIncomeExpensesNet": 0,
        "incomeBeforeTax": 21700000,
        "incomeBeforeTaxRatio": 0.3082386364,
        "incomeTaxExpense": 10300000,
        "netIncome": 8300000,
        "netIncomeRatio": 0.1178977273,
        "eps": 0.9,
        "epsdiluted": 0.9,
        "weightedAverageShsOut": 15388782,
        "weightedAverageShsOutDil": 15388782,
        "link": null,
        "finalLink": null
    },
    {
        "date": "1998-06-30",
        "symbol": "FRO",
        "reportedCurrency": "USD",
        "cik": "0000913290",
        "fillingDate": "1998-06-30",
        "acceptedDate": "1998-06-30 00:00:00",
        "calendarYear": "1998",
        "period": "Q2",
        "revenue": 67800000,
        "costOfRevenue": 29100000,
        "grossProfit": 38700000,
        "grossProfitRatio": 0.5707964602,
        "researchAndDevelopmentExpenses": 0,
        "generalAndAdministrativeExpenses": 0,
        "sellingAndMarketingExpenses": 0,
        "sellingGeneralAndAdministrativeExpenses": 6100000,
        "otherExpenses": 11600000,
        "operatingExpenses": 17700000,
        "costAndExpenses": 46800000,
        "interestIncome": 0,
        "interestExpense": 0,
        "depreciationAndAmortization": 11600000,
        "ebitda": 17900000,
        "ebitdaratio": 0.2640117994,
        "operatingIncome": 6300000,
        "operatingIncomeRatio": 0.092920354,
        "totalOtherIncomeExpensesNet": 14700000,
        "incomeBeforeTax": 21000000,
        "incomeBeforeTaxRatio": 0.3097345133,
        "incomeTaxExpense": -8400000,
        "netIncome": 14700000,
        "netIncomeRatio": 0.2168141593,
        "eps": 1.59,
        "epsdiluted": 1.59,
        "weightedAverageShsOut": 15388782,
        "weightedAverageShsOutDil": 15388782,
        "link": null,
        "finalLink": null
    },
    {
        "date": "1998-03-31",
        "symbol": "FRO",
        "reportedCurrency": "USD",
        "cik": "0000913290",
        "fillingDate": "1998-03-31",
        "acceptedDate": "1998-03-31 00:00:00",
        "calendarYear": "1998",
        "period": "Q1",
        "revenue": 70400000,
        "costOfRevenue": 32000000,
        "grossProfit": 38400000,
        "grossProfitRatio": 0.5454545455,
        "researchAndDevelopmentExpenses": 0,
        "generalAndAdministrativeExpenses": 0,
        "sellingAndMarketingExpenses": 0,
        "sellingGeneralAndAdministrativeExpenses": 5400000,
        "otherExpenses": 11700000,
        "operatingExpenses": 17100000,
        "costAndExpenses": 49100000,
        "interestIncome": 0,
        "interestExpense": 0,
        "depreciationAndAmortization": 11700000,
        "ebitda": 30500000,
        "ebitdaratio": 0.4332386364,
        "operatingIncome": 18800000,
        "operatingIncomeRatio": 0.2670454545,
        "totalOtherIncomeExpensesNet": 0,
        "incomeBeforeTax": 21300000,
        "incomeBeforeTaxRatio": 0.3025568182,
        "incomeTaxExpense": 9700000,
        "netIncome": 9100000,
        "netIncomeRatio": 0.1292613636,
        "eps": 0.99,
        "epsdiluted": 0.99,
        "weightedAverageShsOut": 15388782,
        "weightedAverageShsOutDil": 15388782,
        "link": null,
        "finalLink": null
    },
    {
        "date": "1997-12-31",
        "symbol": "FRO",
        "reportedCurrency": "USD",
        "cik": "0000913290",
        "fillingDate": "1997-12-31",
        "acceptedDate": "1997-12-30 19:00:00",
        "calendarYear": "1997",
        "period": "Q4",
        "revenue": 80300000,
        "costOfRevenue": 35200000,
        "grossProfit": 45100000,
        "grossProfitRatio": 0.5616438356,
        "researchAndDevelopmentExpenses": 0,
        "generalAndAdministrativeExpenses": 8700000,
        "sellingAndMarketingExpenses": 13200000,
        "sellingGeneralAndAdministrativeExpenses": 21900000,
        "otherExpenses": 0,
        "operatingExpenses": 21900000,
        "costAndExpenses": 57100000,
        "interestIncome": 0,
        "interestExpense": -14000000,
        "depreciationAndAmortization": -28000000,
        "ebitda": -4800000,
        "ebitdaratio": -0.0597758406,
        "operatingIncome": 23200000,
        "operatingIncomeRatio": 0.2889165629,
        "totalOtherIncomeExpensesNet": -14000000,
        "incomeBeforeTax": 9200000,
        "incomeBeforeTaxRatio": 0.1145703611,
        "incomeTaxExpense": 28000000,
        "netIncome": -18800000,
        "netIncomeRatio": -0.2341220423,
        "eps": -1.22,
        "epsdiluted": -1.22,
        "weightedAverageShsOut": 15388782,
        "weightedAverageShsOutDil": 15388782,
        "link": "",
        "finalLink": ""
    },
    {
        "date": "1997-09-30",
        "symbol": "FRO",
        "reportedCurrency": "USD",
        "cik": "0000913290",
        "fillingDate": "1997-09-30",
        "acceptedDate": "1997-09-30 00:00:00",
        "calendarYear": "1997",
        "period": "Q3",
        "revenue": 10200000,
        "costOfRevenue": 4400000,
        "grossProfit": 5800000,
        "grossProfitRatio": 0.568627451,
        "researchAndDevelopmentExpenses": 0,
        "generalAndAdministrativeExpenses": 0,
        "sellingAndMarketingExpenses": 0,
        "sellingGeneralAndAdministrativeExpenses": 800000,
        "otherExpenses": 3200000,
        "operatingExpenses": 4000000,
        "costAndExpenses": 8400000,
        "interestIncome": 0,
        "interestExpense": 0,
        "depreciationAndAmortization": -3300000,
        "ebitda": 5000000,
        "ebitdaratio": 0.4901960784,
        "operatingIncome": 10600000,
        "operatingIncomeRatio": 1.0392156863,
        "totalOtherIncomeExpensesNet": 6500000,
        "incomeBeforeTax": 8300000,
        "incomeBeforeTaxRatio": 0.8137254902,
        "incomeTaxExpense": 13000000,
        "netIncome": -2400000,
        "netIncomeRatio": -0.2352941176,
        "eps": -0.16,
        "epsdiluted": -0.16,
        "weightedAverageShsOut": 15388782,
        "weightedAverageShsOutDil": 15388782,
        "link": null,
        "finalLink": null
    },
    {
        "date": "1997-06-30",
        "symbol": "FRO",
        "reportedCurrency": "USD",
        "cik": "0000913290",
        "fillingDate": "1997-06-30",
        "acceptedDate": "1997-06-30 00:00:00",
        "calendarYear": "1997",
        "period": "Q2",
        "revenue": 12100000,
        "costOfRevenue": 3500000,
        "grossProfit": 8600000,
        "grossProfitRatio": 0.7107438017,
        "researchAndDevelopmentExpenses": 0,
        "generalAndAdministrativeExpenses": 0,
        "sellingAndMarketingExpenses": 0,
        "sellingGeneralAndAdministrativeExpenses": 1600000,
        "otherExpenses": 3200000,
        "operatingExpenses": 4800000,
        "costAndExpenses": 8300000,
        "interestIncome": 0,
        "interestExpense": 0,
        "depreciationAndAmortization": -3200000,
        "ebitda": 6700000,
        "ebitdaratio": 0.5537190083,
        "operatingIncome": 9900000,
        "operatingIncomeRatio": 0.8181818182,
        "totalOtherIncomeExpensesNet": 6400000,
        "incomeBeforeTax": 10200000,
        "incomeBeforeTaxRatio": 0.8429752066,
        "incomeTaxExpense": 7900000,
        "netIncome": 2000000,
        "netIncomeRatio": 0.1652892562,
        "eps": 0.22,
        "epsdiluted": 0.22,
        "weightedAverageShsOut": 15388782,
        "weightedAverageShsOutDil": 15388782,
        "link": null,
        "finalLink": null
    },
    {
        "date": "1997-03-31",
        "symbol": "FRO",
        "reportedCurrency": "USD",
        "cik": "0000913290",
        "fillingDate": "1997-03-31",
        "acceptedDate": "1997-03-31 00:00:00",
        "calendarYear": "1997",
        "period": "Q1",
        "revenue": 10900000,
        "costOfRevenue": 2000000,
        "grossProfit": 8900000,
        "grossProfitRatio": 0.8165137615,
        "researchAndDevelopmentExpenses": 0,
        "generalAndAdministrativeExpenses": 0,
        "sellingAndMarketingExpenses": 0,
        "sellingGeneralAndAdministrativeExpenses": 3200000,
        "otherExpenses": 3300000,
        "operatingExpenses": 6500000,
        "costAndExpenses": 8500000,
        "interestIncome": 0,
        "interestExpense": 0,
        "depreciationAndAmortization": -3300000,
        "ebitda": 5200000,
        "ebitdaratio": 0.4770642202,
        "operatingIncome": 8500000,
        "operatingIncomeRatio": 0.7798165138,
        "totalOtherIncomeExpensesNet": 6600000,
        "incomeBeforeTax": 9000000,
        "incomeBeforeTaxRatio": 0.8256880734,
        "incomeTaxExpense": 7600000,
        "netIncome": 900000,
        "netIncomeRatio": 0.0825688073,
        "eps": 0.091,
        "epsdiluted": 0.091,
        "weightedAverageShsOut": 15388782,
        "weightedAverageShsOutDil": 15388782,
        "link": null,
        "finalLink": null
    },
    {
        "date": "1996-12-31",
        "symbol": "FRO",
        "reportedCurrency": "USD",
        "cik": "0000913290",
        "fillingDate": "1996-12-31",
        "acceptedDate": "1996-12-31 00:00:00",
        "calendarYear": "1996",
        "period": "Q4",
        "revenue": 10600000,
        "costOfRevenue": 4000000,
        "grossProfit": 6600000,
        "grossProfitRatio": 0.6226415094,
        "researchAndDevelopmentExpenses": 0,
        "generalAndAdministrativeExpenses": 0,
        "sellingAndMarketingExpenses": 0,
        "sellingGeneralAndAdministrativeExpenses": 900000,
        "otherExpenses": 3200000,
        "operatingExpenses": 4100000,
        "costAndExpenses": 8100000,
        "interestIncome": 0,
        "interestExpense": 0,
        "depreciationAndAmortization": -3200000,
        "ebitda": 5600000,
        "ebitdaratio": 0.5283018868,
        "operatingIncome": 8800000,
        "operatingIncomeRatio": 0.8301886792,
        "totalOtherIncomeExpensesNet": 6400000,
        "incomeBeforeTax": 8900000,
        "incomeBeforeTaxRatio": 0.8396226415,
        "incomeTaxExpense": 8200000,
        "netIncome": 600000,
        "netIncomeRatio": 0.0566037736,
        "eps": 0.039,
        "epsdiluted": 0.039,
        "weightedAverageShsOut": 15388782,
        "weightedAverageShsOutDil": 15388782,
        "link": null,
        "finalLink": null
    },
    {
        "date": "1996-09-30",
        "symbol": "FRO",
        "reportedCurrency": "USD",
        "cik": "0000913290",
        "fillingDate": "1996-09-30",
        "acceptedDate": "1996-09-30 00:00:00",
        "calendarYear": "1996",
        "period": "Q3",
        "revenue": 10000000,
        "costOfRevenue": 4000000,
        "grossProfit": 6000000,
        "grossProfitRatio": 0.6,
        "researchAndDevelopmentExpenses": 0,
        "generalAndAdministrativeExpenses": 0,
        "sellingAndMarketingExpenses": 0,
        "sellingGeneralAndAdministrativeExpenses": 700000,
        "otherExpenses": 3300000,
        "operatingExpenses": 4000000,
        "costAndExpenses": 8000000,
        "interestIncome": 0,
        "interestExpense": 0,
        "depreciationAndAmortization": -3300000,
        "ebitda": 5100000,
        "ebitdaratio": 0.51,
        "operatingIncome": 8400000,
        "operatingIncomeRatio": 0.84,
        "totalOtherIncomeExpensesNet": 6600000,
        "incomeBeforeTax": 8600000,
        "incomeBeforeTaxRatio": 0.86,
        "incomeTaxExpense": 8300000,
        "netIncome": 100000,
        "netIncomeRatio": 0.01,
        "eps": 0.0065,
        "epsdiluted": 0.0065,
        "weightedAverageShsOut": 15388782,
        "weightedAverageShsOutDil": 15388782,
        "link": null,
        "finalLink": null
    },
    {
        "date": "1996-06-30",
        "symbol": "FRO",
        "reportedCurrency": "USD",
        "cik": "0000913290",
        "fillingDate": "1996-06-30",
        "acceptedDate": "1996-06-30 00:00:00",
        "calendarYear": "1996",
        "period": "Q2",
        "revenue": 10400000,
        "costOfRevenue": 4000000,
        "grossProfit": 6400000,
        "grossProfitRatio": 0.6153846154,
        "researchAndDevelopmentExpenses": 0,
        "generalAndAdministrativeExpenses": 0,
        "sellingAndMarketingExpenses": 0,
        "sellingGeneralAndAdministrativeExpenses": 800000,
        "otherExpenses": 3200000,
        "operatingExpenses": 4000000,
        "costAndExpenses": 8000000,
        "interestIncome": 0,
        "interestExpense": 0,
        "depreciationAndAmortization": -3200000,
        "ebitda": 5400000,
        "ebitdaratio": 0.5192307692,
        "operatingIncome": 8600000,
        "operatingIncomeRatio": 0.8269230769,
        "totalOtherIncomeExpensesNet": 6400000,
        "incomeBeforeTax": 8800000,
        "incomeBeforeTaxRatio": 0.8461538462,
        "incomeTaxExpense": 8200000,
        "netIncome": 400000,
        "netIncomeRatio": 0.0384615385,
        "eps": 0.026,
        "epsdiluted": 0.026,
        "weightedAverageShsOut": 15388782,
        "weightedAverageShsOutDil": 15388782,
        "link": null,
        "finalLink": null
    },
    {
        "date": "1996-03-31",
        "symbol": "FRO",
        "reportedCurrency": "USD",
        "cik": "0000913290",
        "fillingDate": "1996-03-31",
        "acceptedDate": "1996-03-31 00:00:00",
        "calendarYear": "1996",
        "period": "Q1",
        "revenue": 9400000,
        "costOfRevenue": 2000000,
        "grossProfit": 7400000,
        "grossProfitRatio": 0.7872340426,
        "researchAndDevelopmentExpenses": 0,
        "generalAndAdministrativeExpenses": 0,
        "sellingAndMarketingExpenses": 0,
        "sellingGeneralAndAdministrativeExpenses": 2500000,
        "otherExpenses": 3300000,
        "operatingExpenses": 5800000,
        "costAndExpenses": 7800000,
        "interestIncome": 0,
        "interestExpense": 0,
        "depreciationAndAmortization": -3300000,
        "ebitda": 4700000,
        "ebitdaratio": 0.5,
        "operatingIncome": 8000000,
        "operatingIncomeRatio": 0.8510638298,
        "totalOtherIncomeExpensesNet": 6600000,
        "incomeBeforeTax": 8200000,
        "incomeBeforeTaxRatio": 0.8723404255,
        "incomeTaxExpense": 8500000,
        "netIncome": -500000,
        "netIncomeRatio": -0.0531914894,
        "eps": -0.0325,
        "epsdiluted": -0.0325,
        "weightedAverageShsOut": 15388782,
        "weightedAverageShsOutDil": 15388782,
        "link": null,
        "finalLink": null
    },
    {
        "date": "1995-12-31",
        "symbol": "FRO",
        "reportedCurrency": "USD",
        "cik": "0000913290",
        "fillingDate": "1995-12-31",
        "acceptedDate": "1995-12-31 00:00:00",
        "calendarYear": "1995",
        "period": "Q4",
        "revenue": 8300000,
        "costOfRevenue": 3600000,
        "grossProfit": 4700000,
        "grossProfitRatio": 0.5662650602,
        "researchAndDevelopmentExpenses": 0,
        "generalAndAdministrativeExpenses": 0,
        "sellingAndMarketingExpenses": 0,
        "sellingGeneralAndAdministrativeExpenses": 600000,
        "otherExpenses": 2700000,
        "operatingExpenses": 3300000,
        "costAndExpenses": 6900000,
        "interestIncome": 0,
        "interestExpense": 0,
        "depreciationAndAmortization": -2700000,
        "ebitda": 4100000,
        "ebitdaratio": 0.4939759036,
        "operatingIncome": 6800000,
        "operatingIncomeRatio": 0.8192771084,
        "totalOtherIncomeExpensesNet": 200000,
        "incomeBeforeTax": 7000000,
        "incomeBeforeTaxRatio": 0.843373494,
        "incomeTaxExpense": 6700000,
        "netIncome": 300000,
        "netIncomeRatio": 0.0361445783,
        "eps": 0.0195,
        "epsdiluted": 0.0195,
        "weightedAverageShsOut": 15388782,
        "weightedAverageShsOutDil": 15388782,
        "link": null,
        "finalLink": null
    },
    {
        "date": "1995-09-30",
        "symbol": "FRO",
        "reportedCurrency": "USD",
        "cik": "0000913290",
        "fillingDate": "1995-09-30",
        "acceptedDate": "1995-09-30 00:00:00",
        "calendarYear": "1995",
        "period": "Q3",
        "revenue": 8300000,
        "costOfRevenue": 3300000,
        "grossProfit": 5000000,
        "grossProfitRatio": 0.6024096386,
        "researchAndDevelopmentExpenses": 0,
        "generalAndAdministrativeExpenses": 0,
        "sellingAndMarketingExpenses": 0,
        "sellingGeneralAndAdministrativeExpenses": 700000,
        "otherExpenses": 2500000,
        "operatingExpenses": 3200000,
        "costAndExpenses": 6500000,
        "interestIncome": 0,
        "interestExpense": 0,
        "depreciationAndAmortization": -2500000,
        "ebitda": 4100000,
        "ebitdaratio": 0.4939759036,
        "operatingIncome": 6600000,
        "operatingIncomeRatio": 0.7951807229,
        "totalOtherIncomeExpensesNet": 5000000,
        "incomeBeforeTax": 6800000,
        "incomeBeforeTaxRatio": 0.8192771084,
        "incomeTaxExpense": 6000000,
        "netIncome": 600000,
        "netIncomeRatio": 0.0722891566,
        "eps": 0.039,
        "epsdiluted": 0.039,
        "weightedAverageShsOut": 15388782,
        "weightedAverageShsOutDil": 15388782,
        "link": null,
        "finalLink": null
    },
    {
        "date": "1995-06-30",
        "symbol": "FRO",
        "reportedCurrency": "USD",
        "cik": "0000913290",
        "fillingDate": "1995-06-30",
        "acceptedDate": "1995-06-30 00:00:00",
        "calendarYear": "1995",
        "period": "Q2",
        "revenue": 7500000,
        "costOfRevenue": 3000000,
        "grossProfit": 4500000,
        "grossProfitRatio": 0.6,
        "researchAndDevelopmentExpenses": 0,
        "generalAndAdministrativeExpenses": 0,
        "sellingAndMarketingExpenses": 0,
        "sellingGeneralAndAdministrativeExpenses": 600000,
        "otherExpenses": 1900000,
        "operatingExpenses": 2500000,
        "costAndExpenses": 5500000,
        "interestIncome": 0,
        "interestExpense": 0,
        "depreciationAndAmortization": -1900000,
        "ebitda": 3500000,
        "ebitdaratio": 0.4666666667,
        "operatingIncome": 5400000,
        "operatingIncomeRatio": 0.72,
        "totalOtherIncomeExpensesNet": 3800000,
        "incomeBeforeTax": 5800000,
        "incomeBeforeTaxRatio": 0.7733333333,
        "incomeTaxExpense": 3800000,
        "netIncome": 1600000,
        "netIncomeRatio": 0.2133333333,
        "eps": 0.1,
        "epsdiluted": 0.1,
        "weightedAverageShsOut": 15388782,
        "weightedAverageShsOutDil": 15388782,
        "link": null,
        "finalLink": null
    },
    {
        "date": "1995-03-31",
        "symbol": "FRO",
        "reportedCurrency": "USD",
        "cik": "0000913290",
        "fillingDate": "1995-03-31",
        "acceptedDate": "1995-03-31 00:00:00",
        "calendarYear": "1995",
        "period": "Q1",
        "revenue": 7400000,
        "costOfRevenue": 0,
        "grossProfit": 7400000,
        "grossProfitRatio": 1,
        "researchAndDevelopmentExpenses": 0,
        "generalAndAdministrativeExpenses": 0,
        "sellingAndMarketingExpenses": 0,
        "sellingGeneralAndAdministrativeExpenses": 0,
        "otherExpenses": -20000000,
        "operatingExpenses": -20000000,
        "costAndExpenses": -20000000,
        "interestIncome": 0,
        "interestExpense": 0,
        "depreciationAndAmortization": 0,
        "ebitda": -12600000,
        "ebitdaratio": -1.7027027027,
        "operatingIncome": -12600000,
        "operatingIncomeRatio": -1.7027027027,
        "totalOtherIncomeExpensesNet": 0,
        "incomeBeforeTax": 0,
        "incomeBeforeTaxRatio": 0,
        "incomeTaxExpense": -14800000,
        "netIncome": 2200000,
        "netIncomeRatio": 0.2972972973,
        "eps": 0.14,
        "epsdiluted": 0.14,
        "weightedAverageShsOut": 15388782,
        "weightedAverageShsOutDil": 15388782,
        "link": null,
        "finalLink": null
    },
    {
        "date": "1994-12-31",
        "symbol": "FRO",
        "reportedCurrency": "USD",
        "cik": "0000913290",
        "fillingDate": "1994-12-31",
        "acceptedDate": "1994-12-31 00:00:00",
        "calendarYear": "1994",
        "period": "Q4",
        "revenue": 7400000,
        "costOfRevenue": 0,
        "grossProfit": 7400000,
        "grossProfitRatio": 1,
        "researchAndDevelopmentExpenses": 0,
        "generalAndAdministrativeExpenses": 0,
        "sellingAndMarketingExpenses": 0,
        "sellingGeneralAndAdministrativeExpenses": 0,
        "otherExpenses": 0,
        "operatingExpenses": 0,
        "costAndExpenses": 0,
        "interestIncome": 0,
        "interestExpense": 0,
        "depreciationAndAmortization": 0,
        "ebitda": 7400000,
        "ebitdaratio": 1,
        "operatingIncome": 7400000,
        "operatingIncomeRatio": 1,
        "totalOtherIncomeExpensesNet": 0,
        "incomeBeforeTax": 0,
        "incomeBeforeTaxRatio": 0,
        "incomeTaxExpense": 5200000,
        "netIncome": 2200000,
        "netIncomeRatio": 0.2972972973,
        "eps": 0.14,
        "epsdiluted": 0.14,
        "weightedAverageShsOut": 15388782,
        "weightedAverageShsOutDil": 15388782,
        "link": null,
        "finalLink": null
    },
    {
        "date": "1994-09-30",
        "symbol": "FRO",
        "reportedCurrency": "USD",
        "cik": "0000913290",
        "fillingDate": "1994-09-30",
        "acceptedDate": "1994-09-30 00:00:00",
        "calendarYear": "1994",
        "period": "Q3",
        "revenue": 7300000,
        "costOfRevenue": 2500000,
        "grossProfit": 4800000,
        "grossProfitRatio": 0.6575342466,
        "researchAndDevelopmentExpenses": 0,
        "generalAndAdministrativeExpenses": 0,
        "sellingAndMarketingExpenses": 0,
        "sellingGeneralAndAdministrativeExpenses": 1000000,
        "otherExpenses": 1600000,
        "operatingExpenses": 2600000,
        "costAndExpenses": 5100000,
        "interestIncome": 0,
        "interestExpense": 0,
        "depreciationAndAmortization": -1700000,
        "ebitda": 3300000,
        "ebitdaratio": 0.4520547945,
        "operatingIncome": 5000000,
        "operatingIncomeRatio": 0.6849315068,
        "totalOtherIncomeExpensesNet": 500000,
        "incomeBeforeTax": 5500000,
        "incomeBeforeTaxRatio": 0.7534246575,
        "incomeTaxExpense": 2900000,
        "netIncome": 2100000,
        "netIncomeRatio": 0.2876712329,
        "eps": 0.14,
        "epsdiluted": 0.14,
        "weightedAverageShsOut": 15388782,
        "weightedAverageShsOutDil": 15388782,
        "link": null,
        "finalLink": null
    },
    {
        "date": "1994-06-30",
        "symbol": "FRO",
        "reportedCurrency": "USD",
        "cik": "0000913290",
        "fillingDate": "1994-06-30",
        "acceptedDate": "1994-06-30 00:00:00",
        "calendarYear": "1994",
        "period": "Q2",
        "revenue": 7000000,
        "costOfRevenue": 2400000,
        "grossProfit": 4600000,
        "grossProfitRatio": 0.6571428571,
        "researchAndDevelopmentExpenses": 0,
        "generalAndAdministrativeExpenses": 0,
        "sellingAndMarketingExpenses": 0,
        "sellingGeneralAndAdministrativeExpenses": 900000,
        "otherExpenses": 1600000,
        "operatingExpenses": 2500000,
        "costAndExpenses": 4900000,
        "interestIncome": 0,
        "interestExpense": 0,
        "depreciationAndAmortization": -1600000,
        "ebitda": 3200000,
        "ebitdaratio": 0.4571428571,
        "operatingIncome": 4800000,
        "operatingIncomeRatio": 0.6857142857,
        "totalOtherIncomeExpensesNet": 3200000,
        "incomeBeforeTax": 5300000,
        "incomeBeforeTaxRatio": 0.7571428571,
        "incomeTaxExpense": 3100000,
        "netIncome": 1700000,
        "netIncomeRatio": 0.2428571429,
        "eps": 0.11,
        "epsdiluted": 0.11,
        "weightedAverageShsOut": 15388782,
        "weightedAverageShsOutDil": 15388782,
        "link": null,
        "finalLink": null
    },
    {
        "date": "1994-03-31",
        "symbol": "FRO",
        "reportedCurrency": "USD",
        "cik": "0000913290",
        "fillingDate": "1994-03-31",
        "acceptedDate": "1994-03-31 00:00:00",
        "calendarYear": "1994",
        "period": "Q1",
        "revenue": 13300000,
        "costOfRevenue": 0,
        "grossProfit": 13300000,
        "grossProfitRatio": 1,
        "researchAndDevelopmentExpenses": 0,
        "generalAndAdministrativeExpenses": 0,
        "sellingAndMarketingExpenses": 0,
        "sellingGeneralAndAdministrativeExpenses": 0,
        "otherExpenses": -17700000,
        "operatingExpenses": -17700000,
        "costAndExpenses": -17700000,
        "interestIncome": 0,
        "interestExpense": 0,
        "depreciationAndAmortization": 0,
        "ebitda": -4400000,
        "ebitdaratio": -0.3308270677,
        "operatingIncome": -4400000,
        "operatingIncomeRatio": -0.3308270677,
        "totalOtherIncomeExpensesNet": 0,
        "incomeBeforeTax": 0,
        "incomeBeforeTaxRatio": 0,
        "incomeTaxExpense": -5900000,
        "netIncome": 1500000,
        "netIncomeRatio": 0.1127819549,
        "eps": 0.097,
        "epsdiluted": 0.097,
        "weightedAverageShsOut": 15388782,
        "weightedAverageShsOutDil": 15388782,
        "link": null,
        "finalLink": null
    },
    {
        "date": "1993-12-31",
        "symbol": "FRO",
        "reportedCurrency": "USD",
        "cik": "0000913290",
        "fillingDate": "1993-12-31",
        "acceptedDate": "1993-12-31 00:00:00",
        "calendarYear": "1993",
        "period": "Q4",
        "revenue": 3900000,
        "costOfRevenue": 0,
        "grossProfit": 3900000,
        "grossProfitRatio": 1,
        "researchAndDevelopmentExpenses": 0,
        "generalAndAdministrativeExpenses": 0,
        "sellingAndMarketingExpenses": 0,
        "sellingGeneralAndAdministrativeExpenses": 0,
        "otherExpenses": 0,
        "operatingExpenses": 0,
        "costAndExpenses": 0,
        "interestIncome": 0,
        "interestExpense": 0,
        "depreciationAndAmortization": 0,
        "ebitda": 3900000,
        "ebitdaratio": 1,
        "operatingIncome": 3900000,
        "operatingIncomeRatio": 1,
        "totalOtherIncomeExpensesNet": 0,
        "incomeBeforeTax": 0,
        "incomeBeforeTaxRatio": 0,
        "incomeTaxExpense": 3000000,
        "netIncome": 900000,
        "netIncomeRatio": 0.2307692308,
        "eps": 0.0585,
        "epsdiluted": 0.0585,
        "weightedAverageShsOut": 15388782,
        "weightedAverageShsOutDil": 15388782,
        "link": null,
        "finalLink": null
    },
    {
        "date": "1993-09-30",
        "symbol": "FRO",
        "reportedCurrency": "USD",
        "cik": "0000913290",
        "fillingDate": "1993-09-30",
        "acceptedDate": "1993-09-30 00:00:00",
        "calendarYear": "1993",
        "period": "Q3",
        "revenue": 3900000,
        "costOfRevenue": 0,
        "grossProfit": 3900000,
        "grossProfitRatio": 1,
        "researchAndDevelopmentExpenses": 0,
        "generalAndAdministrativeExpenses": 0,
        "sellingAndMarketingExpenses": 0,
        "sellingGeneralAndAdministrativeExpenses": 0,
        "otherExpenses": 0,
        "operatingExpenses": 0,
        "costAndExpenses": 0,
        "interestIncome": 0,
        "interestExpense": 0,
        "depreciationAndAmortization": 0,
        "ebitda": 3900000,
        "ebitdaratio": 1,
        "operatingIncome": 3900000,
        "operatingIncomeRatio": 1,
        "totalOtherIncomeExpensesNet": 0,
        "incomeBeforeTax": 0,
        "incomeBeforeTaxRatio": 0,
        "incomeTaxExpense": 3000000,
        "netIncome": 900000,
        "netIncomeRatio": 0.2307692308,
        "eps": 0.0585,
        "epsdiluted": 0.0585,
        "weightedAverageShsOut": 15388782,
        "weightedAverageShsOutDil": 15388782,
        "link": null,
        "finalLink": null
    },
    {
        "date": "1993-06-30",
        "symbol": "FRO",
        "reportedCurrency": "USD",
        "cik": "0000913290",
        "fillingDate": "1993-06-30",
        "acceptedDate": "1993-06-30 00:00:00",
        "calendarYear": "1993",
        "period": "Q2",
        "revenue": 3900000,
        "costOfRevenue": 0,
        "grossProfit": 3900000,
        "grossProfitRatio": 1,
        "researchAndDevelopmentExpenses": 0,
        "generalAndAdministrativeExpenses": 0,
        "sellingAndMarketingExpenses": 0,
        "sellingGeneralAndAdministrativeExpenses": 0,
        "otherExpenses": 0,
        "operatingExpenses": 0,
        "costAndExpenses": 0,
        "interestIncome": 0,
        "interestExpense": 0,
        "depreciationAndAmortization": 0,
        "ebitda": 3900000,
        "ebitdaratio": 1,
        "operatingIncome": 3900000,
        "operatingIncomeRatio": 1,
        "totalOtherIncomeExpensesNet": 0,
        "incomeBeforeTax": 0,
        "incomeBeforeTaxRatio": 0,
        "incomeTaxExpense": 3000000,
        "netIncome": 900000,
        "netIncomeRatio": 0.2307692308,
        "eps": 0.0585,
        "epsdiluted": 0.0585,
        "weightedAverageShsOut": 15388782,
        "weightedAverageShsOutDil": 15388782,
        "link": null,
        "finalLink": null
    }
]