[
    {
        "date": "2025-09-30",
        "symbol": "FTI",
        "reportedCurrency": "USD",
        "cik": "0001681459",
        "fillingDate": "2025-10-23",
        "acceptedDate": "2025-10-23 16:01:05",
        "calendarYear": "2025",
        "period": "Q3",
        "revenue": 2647300000,
        "costOfRevenue": 1258900000,
        "grossProfit": 1388400000,
        "grossProfitRatio": 0.5244588826,
        "researchAndDevelopmentExpenses": 33200000,
        "generalAndAdministrativeExpenses": 0,
        "sellingAndMarketingExpenses": 0,
        "sellingGeneralAndAdministrativeExpenses": 363500000,
        "otherExpenses": 586700000,
        "operatingExpenses": 983400000,
        "costAndExpenses": 2242300000,
        "interestIncome": 0,
        "interestExpense": 10600000,
        "depreciationAndAmortization": 118200000,
        "ebitda": 515800000,
        "ebitdaratio": 0.1948400257,
        "operatingIncome": 405000000,
        "operatingIncomeRatio": 0.1529860613,
        "totalOtherIncomeExpensesNet": -18000000,
        "incomeBeforeTax": 387000000,
        "incomeBeforeTaxRatio": 0.1461866808,
        "incomeTaxExpense": 76100000,
        "netIncome": 309700000,
        "netIncomeRatio": 0.116987119,
        "eps": 0.75,
        "epsdiluted": 0.74,
        "weightedAverageShsOut": 415300000,
        "weightedAverageShsOutDil": 422800000,
        "link": "https://www.sec.gov/Archives/edgar/data/1681459/000168145925000112/0001681459-25-000112-index.htm",
        "finalLink": "https://www.sec.gov/Archives/edgar/data/1681459/000168145925000112/fti-20250930.htm"
    },
    {
        "date": "2025-06-30",
        "symbol": "FTI",
        "reportedCurrency": "USD",
        "cik": "0001681459",
        "fillingDate": "2025-07-24",
        "acceptedDate": "2025-07-24 16:02:09",
        "calendarYear": "2025",
        "period": "Q2",
        "revenue": 2534700000,
        "costOfRevenue": 1941400000,
        "grossProfit": 593300000,
        "grossProfitRatio": 0.2340710932,
        "researchAndDevelopmentExpenses": 14100000,
        "generalAndAdministrativeExpenses": 0,
        "sellingAndMarketingExpenses": 0,
        "sellingGeneralAndAdministrativeExpenses": 176200000,
        "otherExpenses": 0,
        "operatingExpenses": 190300000,
        "costAndExpenses": 2131700000,
        "interestIncome": 7800000,
        "interestExpense": 22200000,
        "depreciationAndAmortization": 115200000,
        "ebitda": 518200000,
        "ebitdaratio": 0.2044423403,
        "operatingIncome": 403000000,
        "operatingIncomeRatio": 0.1589931747,
        "totalOtherIncomeExpensesNet": -28200000,
        "incomeBeforeTax": 374800000,
        "incomeBeforeTaxRatio": 0.1478675977,
        "incomeTaxExpense": 106500000,
        "netIncome": 269500000,
        "netIncomeRatio": 0.1063242198,
        "eps": 0.65,
        "epsdiluted": 0.64,
        "weightedAverageShsOut": 415400000,
        "weightedAverageShsOutDil": 420500000,
        "link": "https://www.sec.gov/Archives/edgar/data/1681459/000168145925000102/0001681459-25-000102-index.htm",
        "finalLink": "https://www.sec.gov/Archives/edgar/data/1681459/000168145925000102/fti-20250630.htm"
    },
    {
        "date": "2025-03-31",
        "symbol": "FTI",
        "reportedCurrency": "USD",
        "cik": "0001681459",
        "fillingDate": "2025-04-24",
        "acceptedDate": "2025-04-24 16:00:41",
        "calendarYear": "2025",
        "period": "Q1",
        "revenue": 2233600000,
        "costOfRevenue": 1768700000,
        "grossProfit": 464900000,
        "grossProfitRatio": 0.2081393266,
        "researchAndDevelopmentExpenses": 19100000,
        "generalAndAdministrativeExpenses": 0,
        "sellingAndMarketingExpenses": 0,
        "sellingGeneralAndAdministrativeExpenses": 187300000,
        "otherExpenses": 0,
        "operatingExpenses": 206400000,
        "costAndExpenses": 1975100000,
        "interestIncome": 12700000,
        "interestExpense": 22600000,
        "depreciationAndAmortization": 102400000,
        "ebitda": 360900000,
        "ebitdaratio": 0.1615777221,
        "operatingIncome": 258500000,
        "operatingIncomeRatio": 0.1157324499,
        "totalOtherIncomeExpensesNet": -28200000,
        "incomeBeforeTax": 230300000,
        "incomeBeforeTaxRatio": 0.1031070917,
        "incomeTaxExpense": 87000000,
        "netIncome": 142000000,
        "netIncomeRatio": 0.0635744986,
        "eps": 0.34,
        "epsdiluted": 0.33,
        "weightedAverageShsOut": 421200000,
        "weightedAverageShsOutDil": 431200000,
        "link": "https://www.sec.gov/Archives/edgar/data/1681459/000168145925000079/0001681459-25-000079-index.htm",
        "finalLink": "https://www.sec.gov/Archives/edgar/data/1681459/000168145925000079/fti-20250331.htm"
    },
    {
        "date": "2024-12-31",
        "symbol": "FTI",
        "reportedCurrency": "USD",
        "cik": "0001681459",
        "fillingDate": "2025-02-27",
        "acceptedDate": "2025-02-27 16:06:48",
        "calendarYear": "2024",
        "period": "Q4",
        "revenue": 2387400000,
        "costOfRevenue": 1935500000,
        "grossProfit": 451900000,
        "grossProfitRatio": 0.1892854151,
        "researchAndDevelopmentExpenses": 48200000,
        "generalAndAdministrativeExpenses": 0,
        "sellingAndMarketingExpenses": 0,
        "sellingGeneralAndAdministrativeExpenses": 143800000,
        "otherExpenses": 0,
        "operatingExpenses": 192000000,
        "costAndExpenses": 2127500000,
        "interestIncome": 8200000,
        "interestExpense": 21700000,
        "depreciationAndAmortization": 86300000,
        "ebitda": 356900000,
        "ebitdaratio": 0.1494931725,
        "operatingIncome": 259900000,
        "operatingIncomeRatio": 0.1088631985,
        "totalOtherIncomeExpensesNet": -36200000,
        "incomeBeforeTax": 223700000,
        "incomeBeforeTaxRatio": 0.0937002597,
        "incomeTaxExpense": -32700000,
        "netIncome": 251400000,
        "netIncomeRatio": 0.1053028399,
        "eps": 0.59,
        "epsdiluted": 0.57,
        "weightedAverageShsOut": 424500000,
        "weightedAverageShsOutDil": 435800000,
        "link": "https://www.sec.gov/Archives/edgar/data/1681459/000168145925000036/0001681459-25-000036-index.htm",
        "finalLink": "https://www.sec.gov/Archives/edgar/data/1681459/000168145925000036/fti-20241231.htm"
    },
    {
        "date": "2024-09-30",
        "symbol": "FTI",
        "reportedCurrency": "USD",
        "cik": "0001681459",
        "fillingDate": "2024-10-24",
        "acceptedDate": "2024-10-24 16:00:42",
        "calendarYear": "2024",
        "period": "Q3",
        "revenue": 2348400000,
        "costOfRevenue": 1854600000,
        "grossProfit": 493800000,
        "grossProfitRatio": 0.2102708227,
        "researchAndDevelopmentExpenses": 15400000,
        "generalAndAdministrativeExpenses": 0,
        "sellingAndMarketingExpenses": 0,
        "sellingGeneralAndAdministrativeExpenses": 191600000,
        "otherExpenses": 0,
        "operatingExpenses": 207000000,
        "costAndExpenses": 2061600000,
        "interestIncome": 6300000,
        "interestExpense": 22200000,
        "depreciationAndAmortization": 94000000,
        "ebitda": 380800000,
        "ebitdaratio": 0.1621529552,
        "operatingIncome": 286800000,
        "operatingIncomeRatio": 0.1221257026,
        "totalOtherIncomeExpensesNet": -14400000,
        "incomeBeforeTax": 272400000,
        "incomeBeforeTaxRatio": 0.1159938682,
        "incomeTaxExpense": -6000000,
        "netIncome": 274600000,
        "netIncomeRatio": 0.1169306762,
        "eps": 0.64,
        "epsdiluted": 0.63,
        "weightedAverageShsOut": 428300000,
        "weightedAverageShsOutDil": 438800000,
        "link": "https://www.sec.gov/Archives/edgar/data/1681459/000168145924000138/0001681459-24-000138-index.htm",
        "finalLink": "https://www.sec.gov/Archives/edgar/data/1681459/000168145924000138/fti-20240930.htm"
    },
    {
        "date": "2024-06-30",
        "symbol": "FTI",
        "reportedCurrency": "USD",
        "cik": "0001681459",
        "fillingDate": "2024-07-25",
        "acceptedDate": "2024-07-25 16:00:51",
        "calendarYear": "2024",
        "period": "Q2",
        "revenue": 2325600000,
        "costOfRevenue": 1824700000,
        "grossProfit": 500900000,
        "grossProfitRatio": 0.2153852769,
        "researchAndDevelopmentExpenses": 15200000,
        "generalAndAdministrativeExpenses": 0,
        "sellingAndMarketingExpenses": 0,
        "sellingGeneralAndAdministrativeExpenses": 177900000,
        "otherExpenses": 0,
        "operatingExpenses": 193100000,
        "costAndExpenses": 2017800000,
        "interestIncome": 5700000,
        "interestExpense": 27100000,
        "depreciationAndAmortization": 92100000,
        "ebitda": 399900000,
        "ebitdaratio": 0.1719556244,
        "operatingIncome": 307800000,
        "operatingIncomeRatio": 0.1323529412,
        "totalOtherIncomeExpensesNet": -62300000,
        "incomeBeforeTax": 245500000,
        "incomeBeforeTaxRatio": 0.1055641555,
        "incomeTaxExpense": 59200000,
        "netIncome": 186500000,
        "netIncomeRatio": 0.0801943584,
        "eps": 0.43,
        "epsdiluted": 0.42,
        "weightedAverageShsOut": 430200000,
        "weightedAverageShsOutDil": 440100000,
        "link": "https://www.sec.gov/Archives/edgar/data/1681459/000168145924000119/0001681459-24-000119-index.htm",
        "finalLink": "https://www.sec.gov/Archives/edgar/data/1681459/000168145924000119/fti-20240630.htm"
    },
    {
        "date": "2024-03-31",
        "symbol": "FTI",
        "reportedCurrency": "USD",
        "cik": "0001681459",
        "fillingDate": "2024-04-26",
        "acceptedDate": "2024-04-26 16:00:45",
        "calendarYear": "2024",
        "period": "Q1",
        "revenue": 2042000000,
        "costOfRevenue": 1700600000,
        "grossProfit": 341400000,
        "grossProfitRatio": 0.1671890304,
        "researchAndDevelopmentExpenses": 17600000,
        "generalAndAdministrativeExpenses": 0,
        "sellingAndMarketingExpenses": 0,
        "sellingGeneralAndAdministrativeExpenses": 159700000,
        "otherExpenses": 0,
        "operatingExpenses": 177300000,
        "costAndExpenses": 1877900000,
        "interestIncome": 13700000,
        "interestExpense": 26400000,
        "depreciationAndAmortization": 99500000,
        "ebitda": 263600000,
        "ebitdaratio": 0.1290891283,
        "operatingIncome": 164100000,
        "operatingIncomeRatio": 0.0803623898,
        "totalOtherIncomeExpensesNet": 46500000,
        "incomeBeforeTax": 210600000,
        "incomeBeforeTaxRatio": 0.1031341822,
        "incomeTaxExpense": 49700000,
        "netIncome": 157100000,
        "netIncomeRatio": 0.0769343781,
        "eps": 0.36,
        "epsdiluted": 0.35,
        "weightedAverageShsOut": 433600000,
        "weightedAverageShsOutDil": 446300000,
        "link": "https://www.sec.gov/Archives/edgar/data/1681459/000168145924000099/0001681459-24-000099-index.htm",
        "finalLink": "https://www.sec.gov/Archives/edgar/data/1681459/000168145924000099/fti-20240331.htm"
    },
    {
        "date": "2023-12-31",
        "symbol": "FTI",
        "reportedCurrency": "USD",
        "cik": "0001681459",
        "fillingDate": "2024-02-27",
        "acceptedDate": "2024-02-27 16:28:25",
        "calendarYear": "2023",
        "period": "Q4",
        "revenue": 2080600000,
        "costOfRevenue": 1654400000,
        "grossProfit": 426200000,
        "grossProfitRatio": 0.2048447563,
        "researchAndDevelopmentExpenses": 42300000,
        "generalAndAdministrativeExpenses": 0,
        "sellingAndMarketingExpenses": 0,
        "sellingGeneralAndAdministrativeExpenses": 191500000,
        "otherExpenses": 0,
        "operatingExpenses": 233800000,
        "costAndExpenses": 1888200000,
        "interestIncome": 17100000,
        "interestExpense": 30100000,
        "depreciationAndAmortization": 91300000,
        "ebitda": 305700000,
        "ebitdaratio": 0.1469287705,
        "operatingIncome": 192400000,
        "operatingIncomeRatio": 0.092473325,
        "totalOtherIncomeExpensesNet": -135300000,
        "incomeBeforeTax": 57100000,
        "incomeBeforeTaxRatio": 0.0274440065,
        "incomeTaxExpense": 43700000,
        "netIncome": 19700000,
        "netIncomeRatio": 0.0094684226,
        "eps": 0.0453,
        "epsdiluted": 0.0403,
        "weightedAverageShsOut": 434400000,
        "weightedAverageShsOutDil": 448600000,
        "link": "https://www.sec.gov/Archives/edgar/data/1681459/000168145924000070/0001681459-24-000070-index.htm",
        "finalLink": "https://www.sec.gov/Archives/edgar/data/1681459/000168145924000070/fti-20231231.htm"
    },
    {
        "date": "2023-09-30",
        "symbol": "FTI",
        "reportedCurrency": "USD",
        "cik": "0001681459",
        "fillingDate": "2023-10-26",
        "acceptedDate": "2023-10-26 16:00:47",
        "calendarYear": "2023",
        "period": "Q3",
        "revenue": 2056900000,
        "costOfRevenue": 1690500000,
        "grossProfit": 366400000,
        "grossProfitRatio": 0.1781321406,
        "researchAndDevelopmentExpenses": 17500000,
        "generalAndAdministrativeExpenses": 0,
        "sellingAndMarketingExpenses": 0,
        "sellingGeneralAndAdministrativeExpenses": 186600000,
        "otherExpenses": 0,
        "operatingExpenses": 204100000,
        "costAndExpenses": 1894600000,
        "interestIncome": 4000000,
        "interestExpense": 30700000,
        "depreciationAndAmortization": 93300000,
        "ebitda": 255600000,
        "ebitdaratio": 0.1242646701,
        "operatingIncome": 162300000,
        "operatingIncomeRatio": 0.0789051485,
        "totalOtherIncomeExpensesNet": -49100000,
        "incomeBeforeTax": 113200000,
        "incomeBeforeTaxRatio": 0.0550342749,
        "incomeTaxExpense": 19500000,
        "netIncome": 90000000,
        "netIncomeRatio": 0.0437551655,
        "eps": 0.21,
        "epsdiluted": 0.2,
        "weightedAverageShsOut": 436900000,
        "weightedAverageShsOutDil": 450300000,
        "link": "https://www.sec.gov/Archives/edgar/data/1681459/000168145923000097/0001681459-23-000097-index.htm",
        "finalLink": "https://www.sec.gov/Archives/edgar/data/1681459/000168145923000097/fti-20230930.htm"
    },
    {
        "date": "2023-06-30",
        "symbol": "FTI",
        "reportedCurrency": "USD",
        "cik": "0001681459",
        "fillingDate": "2023-07-27",
        "acceptedDate": "2023-07-27 16:00:49",
        "calendarYear": "2023",
        "period": "Q2",
        "revenue": 1972200000,
        "costOfRevenue": 1641800000,
        "grossProfit": 330400000,
        "grossProfitRatio": 0.1675286482,
        "researchAndDevelopmentExpenses": 16800000,
        "generalAndAdministrativeExpenses": 0,
        "sellingAndMarketingExpenses": 0,
        "sellingGeneralAndAdministrativeExpenses": 149200000,
        "otherExpenses": 0,
        "operatingExpenses": 166000000,
        "costAndExpenses": 1807800000,
        "interestIncome": 4100000,
        "interestExpense": 34400000,
        "depreciationAndAmortization": 96999999,
        "ebitda": 261399999,
        "ebitdaratio": 0.132542338,
        "operatingIncome": 164400000,
        "operatingIncomeRatio": 0.0833586857,
        "totalOtherIncomeExpensesNet": -217400000,
        "incomeBeforeTax": -53000000,
        "incomeBeforeTaxRatio": -0.0268735422,
        "incomeTaxExpense": 43300000,
        "netIncome": -87200000,
        "netIncomeRatio": -0.0442145827,
        "eps": -0.2,
        "epsdiluted": -0.2,
        "weightedAverageShsOut": 440100000,
        "weightedAverageShsOutDil": 440100000,
        "link": "https://www.sec.gov/Archives/edgar/data/1681459/000168145923000081/0001681459-23-000081-index.htm",
        "finalLink": "https://www.sec.gov/Archives/edgar/data/1681459/000168145923000081/fti-20230630.htm"
    },
    {
        "date": "2023-03-31",
        "symbol": "FTI",
        "reportedCurrency": "USD",
        "cik": "0001681459",
        "fillingDate": "2023-04-27",
        "acceptedDate": "2023-04-27 16:02:54",
        "calendarYear": "2023",
        "period": "Q1",
        "revenue": 1717400000,
        "costOfRevenue": 1496500000,
        "grossProfit": 220900000,
        "grossProfitRatio": 0.1286246652,
        "researchAndDevelopmentExpenses": 15400000,
        "generalAndAdministrativeExpenses": 0,
        "sellingAndMarketingExpenses": 0,
        "sellingGeneralAndAdministrativeExpenses": 157200000,
        "otherExpenses": 0,
        "operatingExpenses": 172600000,
        "costAndExpenses": 1669100000,
        "interestIncome": 8300000,
        "interestExpense": 27000000,
        "depreciationAndAmortization": 93000000,
        "ebitda": 140700000,
        "ebitdaratio": 0.0819261675,
        "operatingIncome": 48300000,
        "operatingIncomeRatio": 0.0281239082,
        "totalOtherIncomeExpensesNet": -3100000,
        "incomeBeforeTax": 45200000,
        "incomeBeforeTaxRatio": 0.0263188541,
        "incomeTaxExpense": 37400000,
        "netIncome": 400000,
        "netIncomeRatio": 0.0002329102,
        "eps": 0.0009,
        "epsdiluted": 0.0009,
        "weightedAverageShsOut": 442100000,
        "weightedAverageShsOutDil": 455000000,
        "link": "https://www.sec.gov/Archives/edgar/data/1681459/000168145923000067/0001681459-23-000067-index.htm",
        "finalLink": "https://www.sec.gov/Archives/edgar/data/1681459/000168145923000067/fti-20230331.htm"
    },
    {
        "date": "2022-12-31",
        "symbol": "FTI",
        "reportedCurrency": "USD",
        "cik": "0001681459",
        "fillingDate": "2023-02-24",
        "acceptedDate": "2023-02-24 16:01:42",
        "calendarYear": "2022",
        "period": "Q4",
        "revenue": 1719700000,
        "costOfRevenue": 1453000000,
        "grossProfit": 266700000,
        "grossProfitRatio": 0.1550851893,
        "researchAndDevelopmentExpenses": 44900000,
        "generalAndAdministrativeExpenses": 0,
        "sellingAndMarketingExpenses": 0,
        "sellingGeneralAndAdministrativeExpenses": 150500000,
        "otherExpenses": 0,
        "operatingExpenses": 195400000,
        "costAndExpenses": 1648400000,
        "interestIncome": 5600000,
        "interestExpense": 34000000,
        "depreciationAndAmortization": 86600000,
        "ebitda": 195000000,
        "ebitdaratio": 0.1133918707,
        "operatingIncome": 71300000,
        "operatingIncomeRatio": 0.0414607199,
        "totalOtherIncomeExpensesNet": -105700000,
        "incomeBeforeTax": -34400000,
        "incomeBeforeTaxRatio": -0.020003489,
        "incomeTaxExpense": 34700000,
        "netIncome": -66800000,
        "netIncomeRatio": -0.0388439844,
        "eps": -0.17,
        "epsdiluted": -0.17,
        "weightedAverageShsOut": 444600000,
        "weightedAverageShsOutDil": 444600000,
        "link": "https://www.sec.gov/Archives/edgar/data/1681459/000168145923000052/0001681459-23-000052-index.htm",
        "finalLink": "https://www.sec.gov/Archives/edgar/data/1681459/000168145923000052/fti-20221231.htm"
    },
    {
        "date": "2022-09-30",
        "symbol": "FTI",
        "reportedCurrency": "USD",
        "cik": "0001681459",
        "fillingDate": "2022-10-28",
        "acceptedDate": "2022-10-28 16:03:24",
        "calendarYear": "2022",
        "period": "Q3",
        "revenue": 1733000000,
        "costOfRevenue": 1474400000,
        "grossProfit": 258600000,
        "grossProfitRatio": 0.149221004,
        "researchAndDevelopmentExpenses": 19000000,
        "generalAndAdministrativeExpenses": 0,
        "sellingAndMarketingExpenses": 0,
        "sellingGeneralAndAdministrativeExpenses": 157800000,
        "otherExpenses": 0,
        "operatingExpenses": 176800000,
        "costAndExpenses": 1651200000,
        "interestIncome": 4200000,
        "interestExpense": 35100000,
        "depreciationAndAmortization": 94500000,
        "ebitda": 176300000,
        "ebitdaratio": 0.1017311021,
        "operatingIncome": 81800000,
        "operatingIncomeRatio": 0.0472013849,
        "totalOtherIncomeExpensesNet": -28400000,
        "incomeBeforeTax": 53400000,
        "incomeBeforeTaxRatio": 0.030813618,
        "incomeTaxExpense": 42700000,
        "netIncome": -10300000,
        "netIncomeRatio": -0.0059434507,
        "eps": 0.0111,
        "epsdiluted": 0.01,
        "weightedAverageShsOut": 450100000,
        "weightedAverageShsOutDil": 458100000,
        "link": "https://www.sec.gov/Archives/edgar/data/1681459/000168145922000059/0001681459-22-000059-index.htm",
        "finalLink": "https://www.sec.gov/Archives/edgar/data/1681459/000168145922000059/fti-20220930.htm"
    },
    {
        "date": "2022-06-30",
        "symbol": "FTI",
        "reportedCurrency": "USD",
        "cik": "0001681459",
        "fillingDate": "2022-07-29",
        "acceptedDate": "2022-07-29 16:10:57",
        "calendarYear": "2022",
        "period": "Q2",
        "revenue": 1717200000,
        "costOfRevenue": 1478400000,
        "grossProfit": 238800000,
        "grossProfitRatio": 0.1390635919,
        "researchAndDevelopmentExpenses": 11500000,
        "generalAndAdministrativeExpenses": 0,
        "sellingAndMarketingExpenses": 0,
        "sellingGeneralAndAdministrativeExpenses": 143100000,
        "otherExpenses": 0,
        "operatingExpenses": 154600000,
        "costAndExpenses": 1633000000,
        "interestIncome": 4000000,
        "interestExpense": 31700000,
        "depreciationAndAmortization": 94000000,
        "ebitda": 178200000,
        "ebitdaratio": 0.1037735849,
        "operatingIncome": 84200000,
        "operatingIncomeRatio": 0.04903331,
        "totalOtherIncomeExpensesNet": -56600000,
        "incomeBeforeTax": 27600000,
        "incomeBeforeTaxRatio": 0.0160726765,
        "incomeTaxExpense": 19800000,
        "netIncome": 2100000,
        "netIncomeRatio": 0.001222921,
        "eps": 0.0046,
        "epsdiluted": 0.0046,
        "weightedAverageShsOut": 452200000,
        "weightedAverageShsOutDil": 456800000,
        "link": "https://www.sec.gov/Archives/edgar/data/1681459/000168145922000053/0001681459-22-000053-index.htm",
        "finalLink": "https://www.sec.gov/Archives/edgar/data/1681459/000168145922000053/fti-20220630.htm"
    },
    {
        "date": "2022-03-31",
        "symbol": "FTI",
        "reportedCurrency": "USD",
        "cik": "0001681459",
        "fillingDate": "2022-05-02",
        "acceptedDate": "2022-05-02 17:06:29",
        "calendarYear": "2022",
        "period": "Q1",
        "revenue": 1555800000,
        "costOfRevenue": 1370200000,
        "grossProfit": 185600000,
        "grossProfitRatio": 0.1192955393,
        "researchAndDevelopmentExpenses": 14600000,
        "generalAndAdministrativeExpenses": 0,
        "sellingAndMarketingExpenses": 0,
        "sellingGeneralAndAdministrativeExpenses": 159600000,
        "otherExpenses": 0,
        "operatingExpenses": 174200000,
        "costAndExpenses": 1544400000,
        "interestIncome": 4000000,
        "interestExpense": 37900000,
        "depreciationAndAmortization": 95900000,
        "ebitda": 107400000,
        "ebitdaratio": 0.0690320093,
        "operatingIncome": 11400000,
        "operatingIncomeRatio": 0.00732742,
        "totalOtherIncomeExpensesNet": -17200000,
        "incomeBeforeTax": -5800000,
        "incomeBeforeTaxRatio": -0.0037279856,
        "incomeTaxExpense": 28500000,
        "netIncome": -61700000,
        "netIncomeRatio": -0.0396580537,
        "eps": -0.0938,
        "epsdiluted": -0.0938,
        "weightedAverageShsOut": 451100000,
        "weightedAverageShsOutDil": 451100000,
        "link": "https://www.sec.gov/Archives/edgar/data/1681459/000168145922000043/0001681459-22-000043-index.htm",
        "finalLink": "https://www.sec.gov/Archives/edgar/data/1681459/000168145922000043/fti-20220331.htm"
    },
    {
        "date": "2021-12-31",
        "symbol": "FTI",
        "reportedCurrency": "USD",
        "cik": "0001681459",
        "fillingDate": "2022-02-28",
        "acceptedDate": "2022-02-28 16:09:32",
        "calendarYear": "2021",
        "period": "Q4",
        "revenue": 1523300000,
        "costOfRevenue": 1331900000,
        "grossProfit": 191400000,
        "grossProfitRatio": 0.1256482636,
        "researchAndDevelopmentExpenses": 24000000,
        "generalAndAdministrativeExpenses": 0,
        "sellingAndMarketingExpenses": 0,
        "sellingGeneralAndAdministrativeExpenses": 151100000,
        "otherExpenses": 0,
        "operatingExpenses": 175100000,
        "costAndExpenses": 1507000000,
        "interestIncome": 5100000,
        "interestExpense": 39400000,
        "depreciationAndAmortization": 95700000,
        "ebitda": 112000000,
        "ebitdaratio": 0.0735245848,
        "operatingIncome": 16300000,
        "operatingIncomeRatio": 0.010700453,
        "totalOtherIncomeExpensesNet": -110400000,
        "incomeBeforeTax": -94100000,
        "incomeBeforeTaxRatio": -0.0617737806,
        "incomeTaxExpense": 39400000,
        "netIncome": -155700000,
        "netIncomeRatio": -0.1022123022,
        "eps": -0.28,
        "epsdiluted": -0.28,
        "weightedAverageShsOut": 450500000,
        "weightedAverageShsOutDil": 454600000,
        "link": "https://www.sec.gov/Archives/edgar/data/1681459/000168145922000005/0001681459-22-000005-index.htm",
        "finalLink": "https://www.sec.gov/Archives/edgar/data/1681459/000168145922000005/fti-20211231.htm"
    },
    {
        "date": "2021-09-30",
        "symbol": "FTI",
        "reportedCurrency": "USD",
        "cik": "0001681459",
        "fillingDate": "2021-10-27",
        "acceptedDate": "2021-10-27 16:37:49",
        "calendarYear": "2021",
        "period": "Q3",
        "revenue": 1579400000,
        "costOfRevenue": 1364000000,
        "grossProfit": 215400000,
        "grossProfitRatio": 0.1363809041,
        "researchAndDevelopmentExpenses": 18700000,
        "generalAndAdministrativeExpenses": 0,
        "sellingAndMarketingExpenses": 0,
        "sellingGeneralAndAdministrativeExpenses": 160300000,
        "otherExpenses": 0,
        "operatingExpenses": 179000000,
        "costAndExpenses": 1543000000,
        "interestIncome": 2100000,
        "interestExpense": 41400000,
        "depreciationAndAmortization": 96500000,
        "ebitda": 132900000,
        "ebitdaratio": 0.0841458782,
        "operatingIncome": 36400000,
        "operatingIncomeRatio": 0.0230467266,
        "totalOtherIncomeExpensesNet": -63100000,
        "incomeBeforeTax": -26700000,
        "incomeBeforeTaxRatio": -0.0169051539,
        "incomeTaxExpense": 12300000,
        "netIncome": -32200000,
        "netIncomeRatio": -0.0203874889,
        "eps": -0.0901,
        "epsdiluted": -0.0901,
        "weightedAverageShsOut": 450700000,
        "weightedAverageShsOutDil": 450700000,
        "link": "https://www.sec.gov/Archives/edgar/data/1681459/000168145921000093/0001681459-21-000093-index.htm",
        "finalLink": "https://www.sec.gov/Archives/edgar/data/1681459/000168145921000093/fti-20210930.htm"
    },
    {
        "date": "2021-06-30",
        "symbol": "FTI",
        "reportedCurrency": "USD",
        "cik": "0001681459",
        "fillingDate": "2021-07-29",
        "acceptedDate": "2021-07-29 17:20:28",
        "calendarYear": "2021",
        "period": "Q2",
        "revenue": 1668800000,
        "costOfRevenue": 1442500000,
        "grossProfit": 226300000,
        "grossProfitRatio": 0.1356064238,
        "researchAndDevelopmentExpenses": 19200000,
        "generalAndAdministrativeExpenses": 0,
        "sellingAndMarketingExpenses": 0,
        "sellingGeneralAndAdministrativeExpenses": 172600000,
        "otherExpenses": 0,
        "operatingExpenses": 191800000,
        "costAndExpenses": 1634300000,
        "interestIncome": 2700000,
        "interestExpense": 37900000,
        "depreciationAndAmortization": 98000000,
        "ebitda": 132500000,
        "ebitdaratio": 0.0793983701,
        "operatingIncome": 34500000,
        "operatingIncomeRatio": 0.0206735379,
        "totalOtherIncomeExpensesNet": -172200000,
        "incomeBeforeTax": -137700000,
        "incomeBeforeTaxRatio": -0.0825143816,
        "incomeTaxExpense": 34900000,
        "netIncome": -167000000,
        "netIncomeRatio": -0.100071908,
        "eps": -0.39,
        "epsdiluted": -0.39,
        "weightedAverageShsOut": 447948717,
        "weightedAverageShsOutDil": 450600000,
        "link": "https://www.sec.gov/Archives/edgar/data/1681459/000168145921000080/0001681459-21-000080-index.htm",
        "finalLink": "https://www.sec.gov/Archives/edgar/data/1681459/000168145921000080/fti-20210630.htm"
    },
    {
        "date": "2021-03-31",
        "symbol": "FTI",
        "reportedCurrency": "USD",
        "cik": "0001681459",
        "fillingDate": "2021-05-03",
        "acceptedDate": "2021-05-03 16:02:31",
        "calendarYear": "2021",
        "period": "Q1",
        "revenue": 1632000000,
        "costOfRevenue": 1441200000,
        "grossProfit": 190800000,
        "grossProfitRatio": 0.1169117647,
        "researchAndDevelopmentExpenses": 16500000,
        "generalAndAdministrativeExpenses": 0,
        "sellingAndMarketingExpenses": 0,
        "sellingGeneralAndAdministrativeExpenses": 147600000,
        "otherExpenses": 0,
        "operatingExpenses": 164100000,
        "costAndExpenses": 1605300000,
        "interestIncome": 4100000,
        "interestExpense": 38600000,
        "depreciationAndAmortization": 95200000,
        "ebitda": 121900000,
        "ebitdaratio": 0.0746936275,
        "operatingIncome": 26700000,
        "operatingIncomeRatio": 0.0163602941,
        "totalOtherIncomeExpensesNet": 429900000,
        "incomeBeforeTax": 456600000,
        "incomeBeforeTaxRatio": 0.2797794118,
        "incomeTaxExpense": 24500000,
        "netIncome": 368200000,
        "netIncomeRatio": 0.2256127451,
        "eps": 0.96,
        "epsdiluted": 0.95,
        "weightedAverageShsOut": 449700000,
        "weightedAverageShsOutDil": 451100000,
        "link": "https://www.sec.gov/Archives/edgar/data/1681459/000168145921000064/0001681459-21-000064-index.htm",
        "finalLink": "https://www.sec.gov/Archives/edgar/data/1681459/000168145921000064/fti-20210331.htm"
    },
    {
        "date": "2020-12-31",
        "symbol": "FTI",
        "reportedCurrency": "USD",
        "cik": "0001681459",
        "fillingDate": "2021-03-05",
        "acceptedDate": "2021-03-05 16:02:29",
        "calendarYear": "2020",
        "period": "Q4",
        "revenue": 1600300000,
        "costOfRevenue": 1462200000,
        "grossProfit": 138100000,
        "grossProfitRatio": 0.0862963194,
        "researchAndDevelopmentExpenses": 4000000,
        "generalAndAdministrativeExpenses": 0,
        "sellingAndMarketingExpenses": 0,
        "sellingGeneralAndAdministrativeExpenses": 189200000,
        "otherExpenses": 0,
        "operatingExpenses": 193200000,
        "costAndExpenses": 1655400000,
        "interestIncome": 0,
        "interestExpense": 54500000,
        "depreciationAndAmortization": 113800000,
        "ebitda": 58700000,
        "ebitdaratio": 0.0366806224,
        "operatingIncome": -55100000,
        "operatingIncomeRatio": -0.0344310442,
        "totalOtherIncomeExpensesNet": 5400000,
        "incomeBeforeTax": -49700000,
        "incomeBeforeTaxRatio": -0.0310566769,
        "incomeTaxExpense": 5900000,
        "netIncome": -39300000,
        "netIncomeRatio": -0.0245578954,
        "eps": -0.17,
        "epsdiluted": -0.17,
        "weightedAverageShsOut": 431655498,
        "weightedAverageShsOutDil": 449400000,
        "link": "https://www.sec.gov/Archives/edgar/data/1681459/000168145921000043/0001681459-21-000043-index.htm",
        "finalLink": "https://www.sec.gov/Archives/edgar/data/1681459/000168145921000043/fti-20201231.htm"
    },
    {
        "date": "2020-09-30",
        "symbol": "FTI",
        "reportedCurrency": "USD",
        "cik": "0001681459",
        "fillingDate": "2020-11-02",
        "acceptedDate": "2020-11-02 16:13:59",
        "calendarYear": "2020",
        "period": "Q3",
        "revenue": 1727500000,
        "costOfRevenue": 1518800000,
        "grossProfit": 208700000,
        "grossProfitRatio": 0.1208104197,
        "researchAndDevelopmentExpenses": 20800000,
        "generalAndAdministrativeExpenses": 0,
        "sellingAndMarketingExpenses": 0,
        "sellingGeneralAndAdministrativeExpenses": 181800000,
        "otherExpenses": 0,
        "operatingExpenses": 202600000,
        "costAndExpenses": 1721400000,
        "interestIncome": 7700000,
        "interestExpense": 30800000,
        "depreciationAndAmortization": 94200000,
        "ebitda": 100300000,
        "ebitdaratio": 0.0580607815,
        "operatingIncome": 6100000,
        "operatingIncomeRatio": 0.0035311143,
        "totalOtherIncomeExpensesNet": -55800000,
        "incomeBeforeTax": -49700000,
        "incomeBeforeTaxRatio": -0.0287698987,
        "incomeTaxExpense": 9100000,
        "netIncome": -3900000,
        "netIncomeRatio": -0.0022575977,
        "eps": -0.14,
        "epsdiluted": -0.14,
        "weightedAverageShsOut": 449400000,
        "weightedAverageShsOutDil": 449400000,
        "link": "https://www.sec.gov/Archives/edgar/data/1681459/000168145920000123/0001681459-20-000123-index.htm",
        "finalLink": "https://www.sec.gov/Archives/edgar/data/1681459/000168145920000123/fti-20200930.htm"
    },
    {
        "date": "2020-06-30",
        "symbol": "FTI",
        "reportedCurrency": "USD",
        "cik": "0001681459",
        "fillingDate": "2020-07-31",
        "acceptedDate": "2020-07-31 16:01:39",
        "calendarYear": "2020",
        "period": "Q2",
        "revenue": 1620200000,
        "costOfRevenue": 1450700000,
        "grossProfit": 169500000,
        "grossProfitRatio": 0.104616714,
        "researchAndDevelopmentExpenses": 25100000,
        "generalAndAdministrativeExpenses": 0,
        "sellingAndMarketingExpenses": 0,
        "sellingGeneralAndAdministrativeExpenses": 157800000,
        "otherExpenses": 0,
        "operatingExpenses": 182900000,
        "costAndExpenses": 1633600000,
        "interestIncome": 18900000,
        "interestExpense": 45500000,
        "depreciationAndAmortization": 100200000,
        "ebitda": 86800000,
        "ebitdaratio": 0.0535736329,
        "operatingIncome": -13400000,
        "operatingIncomeRatio": -0.0082705839,
        "totalOtherIncomeExpensesNet": -134800000,
        "incomeBeforeTax": -148200000,
        "incomeBeforeTaxRatio": -0.0914701889,
        "incomeTaxExpense": 27600000,
        "netIncome": 11700000,
        "netIncomeRatio": 0.0072213307,
        "eps": -0.4,
        "epsdiluted": -0.4,
        "weightedAverageShsOut": 444000000,
        "weightedAverageShsOutDil": 448300000,
        "link": "https://www.sec.gov/Archives/edgar/data/1681459/000168145920000103/0001681459-20-000103-index.htm",
        "finalLink": "https://www.sec.gov/Archives/edgar/data/1681459/000168145920000103/fti-20200630.htm"
    },
    {
        "date": "2020-03-31",
        "symbol": "FTI",
        "reportedCurrency": "USD",
        "cik": "0001681459",
        "fillingDate": "2020-05-04",
        "acceptedDate": "2020-05-04 16:08:10",
        "calendarYear": "2020",
        "period": "Q1",
        "revenue": 1582600000,
        "costOfRevenue": 1404100000,
        "grossProfit": 178500000,
        "grossProfitRatio": 0.1127890813,
        "researchAndDevelopmentExpenses": 25400000,
        "generalAndAdministrativeExpenses": 0,
        "sellingAndMarketingExpenses": 0,
        "sellingGeneralAndAdministrativeExpenses": 195300000,
        "otherExpenses": 0,
        "operatingExpenses": 220700000,
        "costAndExpenses": 1624800000,
        "interestIncome": 9800000,
        "interestExpense": 32800000,
        "depreciationAndAmortization": 103900000,
        "ebitda": 61700000,
        "ebitdaratio": 0.0389864779,
        "operatingIncome": -42200000,
        "operatingIncomeRatio": -0.0266649817,
        "totalOtherIncomeExpensesNet": -3208900000,
        "incomeBeforeTax": -3251100000,
        "incomeBeforeTaxRatio": -2.0542777708,
        "incomeTaxExpense": -23200000,
        "netIncome": -3256100000,
        "netIncomeRatio": -2.0574371288,
        "eps": -7.23,
        "epsdiluted": -7.23,
        "weightedAverageShsOut": 447413554,
        "weightedAverageShsOutDil": 447500000,
        "link": "https://www.sec.gov/Archives/edgar/data/1681459/000168145920000083/0001681459-20-000083-index.htm",
        "finalLink": "https://www.sec.gov/Archives/edgar/data/1681459/000168145920000083/technipfmc2020331-10q.htm"
    },
    {
        "date": "2019-12-31",
        "symbol": "FTI",
        "reportedCurrency": "USD",
        "cik": "0001681459",
        "fillingDate": "2020-03-03",
        "acceptedDate": "2020-03-02 17:34:22",
        "calendarYear": "2019",
        "period": "Q4",
        "revenue": 3726800000,
        "costOfRevenue": 3067200000,
        "grossProfit": 659600000,
        "grossProfitRatio": 0.176988301,
        "researchAndDevelopmentExpenses": 52900000,
        "generalAndAdministrativeExpenses": 0,
        "sellingAndMarketingExpenses": 0,
        "sellingGeneralAndAdministrativeExpenses": 308400000,
        "otherExpenses": 0,
        "operatingExpenses": 361300000,
        "costAndExpenses": 3428500000,
        "interestIncome": 0,
        "interestExpense": 106000000,
        "depreciationAndAmortization": 131100000,
        "ebitda": 456000000,
        "ebitdaratio": 0.1223569819,
        "operatingIncome": 298300000,
        "operatingIncomeRatio": 0.080041859,
        "totalOtherIncomeExpensesNet": -2548800000,
        "incomeBeforeTax": -2250500000,
        "incomeBeforeTaxRatio": -0.6038692712,
        "incomeTaxExpense": 179800000,
        "netIncome": -2414000000,
        "netIncomeRatio": -0.6477406891,
        "eps": -5.4,
        "epsdiluted": -5.4,
        "weightedAverageShsOut": 446200000,
        "weightedAverageShsOutDil": 447100000,
        "link": "https://www.sec.gov/Archives/edgar/data/1681459/000168145920000004/0001681459-20-000004-index.htm",
        "finalLink": "https://www.sec.gov/Archives/edgar/data/1681459/000168145920000004/technipfmc20191231-10k.htm"
    },
    {
        "date": "2019-09-30",
        "symbol": "FTI",
        "reportedCurrency": "USD",
        "cik": "0001681459",
        "fillingDate": "2019-11-12",
        "acceptedDate": "2019-11-12 16:18:03",
        "calendarYear": "2019",
        "period": "Q3",
        "revenue": 3335100000,
        "costOfRevenue": 2726400000,
        "grossProfit": 608700000,
        "grossProfitRatio": 0.182513268,
        "researchAndDevelopmentExpenses": 40600000,
        "generalAndAdministrativeExpenses": 0,
        "sellingAndMarketingExpenses": 0,
        "sellingGeneralAndAdministrativeExpenses": 298100000,
        "otherExpenses": 0,
        "operatingExpenses": 338700000,
        "costAndExpenses": 3065100000,
        "interestIncome": 0,
        "interestExpense": 116500000,
        "depreciationAndAmortization": 141600000,
        "ebitda": 411600000,
        "ebitdaratio": 0.1234145903,
        "operatingIncome": 270000000,
        "operatingIncomeRatio": 0.0809570927,
        "totalOtherIncomeExpensesNet": -304200000,
        "incomeBeforeTax": -34200000,
        "incomeBeforeTaxRatio": -0.0102545651,
        "incomeTaxExpense": 81100000,
        "netIncome": -119100000,
        "netIncomeRatio": -0.0357110731,
        "eps": -0.27,
        "epsdiluted": -0.27,
        "weightedAverageShsOut": 441111111,
        "weightedAverageShsOutDil": 446900000,
        "link": "https://www.sec.gov/Archives/edgar/data/1681459/000168145919000104/0001681459-19-000104-index.htm",
        "finalLink": "https://www.sec.gov/Archives/edgar/data/1681459/000168145919000104/technipfmc2019930-10q.htm"
    },
    {
        "date": "2019-06-30",
        "symbol": "FTI",
        "reportedCurrency": "USD",
        "cik": "0001681459",
        "fillingDate": "2019-08-08",
        "acceptedDate": "2019-08-08 16:42:59",
        "calendarYear": "2019",
        "period": "Q2",
        "revenue": 3434200000,
        "costOfRevenue": 2745200000,
        "grossProfit": 689000000,
        "grossProfitRatio": 0.2006289674,
        "researchAndDevelopmentExpenses": 29500000,
        "generalAndAdministrativeExpenses": 0,
        "sellingAndMarketingExpenses": 0,
        "sellingGeneralAndAdministrativeExpenses": 323800000,
        "otherExpenses": 0,
        "operatingExpenses": 353300000,
        "costAndExpenses": 3098500000,
        "interestIncome": 0,
        "interestExpense": 140600000,
        "depreciationAndAmortization": 117500000,
        "ebitda": 453200000,
        "ebitdaratio": 0.131966688,
        "operatingIncome": 335700000,
        "operatingIncomeRatio": 0.0977520238,
        "totalOtherIncomeExpensesNet": -221100000,
        "incomeBeforeTax": 114600000,
        "incomeBeforeTaxRatio": 0.0333702172,
        "incomeTaxExpense": 900000,
        "netIncome": 97000000,
        "netIncomeRatio": 0.0282452973,
        "eps": 0.22,
        "epsdiluted": 0.21,
        "weightedAverageShsOut": 447500000,
        "weightedAverageShsOutDil": 451200000,
        "link": "https://www.sec.gov/Archives/edgar/data/1681459/000168145919000090/0001681459-19-000090-index.htm",
        "finalLink": "https://www.sec.gov/Archives/edgar/data/1681459/000168145919000090/technipfmc2019630-10q.htm"
    },
    {
        "date": "2019-03-31",
        "symbol": "FTI",
        "reportedCurrency": "USD",
        "cik": "0001681459",
        "fillingDate": "2019-05-09",
        "acceptedDate": "2019-05-09 17:20:07",
        "calendarYear": "2019",
        "period": "Q1",
        "revenue": 2913000000,
        "costOfRevenue": 2411900000,
        "grossProfit": 501100000,
        "grossProfitRatio": 0.1720219705,
        "researchAndDevelopmentExpenses": 39900000,
        "generalAndAdministrativeExpenses": 0,
        "sellingAndMarketingExpenses": 0,
        "sellingGeneralAndAdministrativeExpenses": 297800000,
        "otherExpenses": 0,
        "operatingExpenses": 337700000,
        "costAndExpenses": 2749600000,
        "interestIncome": 0,
        "interestExpense": 88200000,
        "depreciationAndAmortization": 119400000,
        "ebitda": 283000000,
        "ebitdaratio": 0.0971507037,
        "operatingIncome": 163400000,
        "operatingIncomeRatio": 0.0560933745,
        "totalOtherIncomeExpensesNet": -129100000,
        "incomeBeforeTax": 34300000,
        "incomeBeforeTaxRatio": 0.0117748026,
        "incomeTaxExpense": 14500000,
        "netIncome": 20900000,
        "netIncomeRatio": 0.007174734,
        "eps": 0.0464,
        "epsdiluted": 0.0464,
        "weightedAverageShsOut": 450100000,
        "weightedAverageShsOutDil": 453300000,
        "link": "https://www.sec.gov/Archives/edgar/data/1681459/000168145919000064/0001681459-19-000064-index.htm",
        "finalLink": "https://www.sec.gov/Archives/edgar/data/1681459/000168145919000064/technipfmc2019331-10q.htm"
    },
    {
        "date": "2018-12-31",
        "symbol": "FTI",
        "reportedCurrency": "USD",
        "cik": "0001681459",
        "fillingDate": "2019-03-11",
        "acceptedDate": "2019-03-11 16:46:06",
        "calendarYear": "2018",
        "period": "Q4",
        "revenue": 3323000000,
        "costOfRevenue": 2767700000,
        "grossProfit": 555300000,
        "grossProfitRatio": 0.1671080349,
        "researchAndDevelopmentExpenses": 55900000,
        "generalAndAdministrativeExpenses": 0,
        "sellingAndMarketingExpenses": 0,
        "sellingGeneralAndAdministrativeExpenses": 305500000,
        "otherExpenses": 0,
        "operatingExpenses": 361400000,
        "costAndExpenses": 3129100000,
        "interestIncome": 0,
        "interestExpense": 116600000,
        "depreciationAndAmortization": 137900000,
        "ebitda": 331800000,
        "ebitdaratio": 0.0998495336,
        "operatingIncome": 193900000,
        "operatingIncomeRatio": 0.0583508878,
        "totalOtherIncomeExpensesNet": -2198400000,
        "incomeBeforeTax": -2004500000,
        "incomeBeforeTaxRatio": -0.6032199819,
        "incomeTaxExpense": 242000000,
        "netIncome": -2259300000,
        "netIncomeRatio": -0.6798976828,
        "eps": -5,
        "epsdiluted": -5.01,
        "weightedAverageShsOut": 451396686,
        "weightedAverageShsOutDil": 452000000,
        "link": "https://www.sec.gov/Archives/edgar/data/1681459/000168145919000011/0001681459-19-000011-index.htm",
        "finalLink": "https://www.sec.gov/Archives/edgar/data/1681459/000168145919000011/technipfmc20181231-10k.htm"
    },
    {
        "date": "2018-09-30",
        "symbol": "FTI",
        "reportedCurrency": "USD",
        "cik": "0001681459",
        "fillingDate": "2018-11-06",
        "acceptedDate": "2018-11-06 16:35:29",
        "calendarYear": "2018",
        "period": "Q3",
        "revenue": 3143800000,
        "costOfRevenue": 2558500000,
        "grossProfit": 585300000,
        "grossProfitRatio": 0.1861759654,
        "researchAndDevelopmentExpenses": 38600000,
        "generalAndAdministrativeExpenses": 0,
        "sellingAndMarketingExpenses": 0,
        "sellingGeneralAndAdministrativeExpenses": 250600000,
        "otherExpenses": 0,
        "operatingExpenses": 289200000,
        "costAndExpenses": 2847700000,
        "interestIncome": 0,
        "interestExpense": 106000000,
        "depreciationAndAmortization": 142000000,
        "ebitda": 438100000,
        "ebitdaratio": 0.1393536485,
        "operatingIncome": 296100000,
        "operatingIncomeRatio": 0.0941853807,
        "totalOtherIncomeExpensesNet": -95200000,
        "incomeBeforeTax": 200900000,
        "incomeBeforeTaxRatio": 0.0639035562,
        "incomeTaxExpense": 66700000,
        "netIncome": 136900000,
        "netIncomeRatio": 0.0435460271,
        "eps": 0.3,
        "epsdiluted": 0.3,
        "weightedAverageShsOut": 454500000,
        "weightedAverageShsOutDil": 459000000,
        "link": "https://www.sec.gov/Archives/edgar/data/1681459/000168145918000113/0001681459-18-000113-index.htm",
        "finalLink": "https://www.sec.gov/Archives/edgar/data/1681459/000168145918000113/technipfmc2018930-10q.htm"
    },
    {
        "date": "2018-06-30",
        "symbol": "FTI",
        "reportedCurrency": "USD",
        "cik": "0001681459",
        "fillingDate": "2018-08-06",
        "acceptedDate": "2018-08-06 16:16:40",
        "calendarYear": "2018",
        "period": "Q2",
        "revenue": 2960900000,
        "costOfRevenue": 2422200000,
        "grossProfit": 538700000,
        "grossProfitRatio": 0.1819379243,
        "researchAndDevelopmentExpenses": 53600000,
        "generalAndAdministrativeExpenses": 0,
        "sellingAndMarketingExpenses": 0,
        "sellingGeneralAndAdministrativeExpenses": 281400000,
        "otherExpenses": 0,
        "operatingExpenses": 335000000,
        "costAndExpenses": 2757200000,
        "interestIncome": 0,
        "interestExpense": 50900000,
        "depreciationAndAmortization": 138700000,
        "ebitda": 342400000,
        "ebitdaratio": 0.1156405147,
        "operatingIncome": 203700000,
        "operatingIncomeRatio": 0.0687966497,
        "totalOtherIncomeExpensesNet": -28900000,
        "incomeBeforeTax": 174800000,
        "incomeBeforeTaxRatio": 0.0590361039,
        "incomeTaxExpense": 64700000,
        "netIncome": 105700000,
        "netIncomeRatio": 0.0356986052,
        "eps": 0.23,
        "epsdiluted": 0.23,
        "weightedAverageShsOut": 461400000,
        "weightedAverageShsOutDil": 463300000,
        "link": "https://www.sec.gov/Archives/edgar/data/1681459/000168145918000092/0001681459-18-000092-index.htm",
        "finalLink": "https://www.sec.gov/Archives/edgar/data/1681459/000168145918000092/technipfmc2018630-10q.htm"
    },
    {
        "date": "2018-03-31",
        "symbol": "FTI",
        "reportedCurrency": "USD",
        "cik": "0001681459",
        "fillingDate": "2018-05-15",
        "acceptedDate": "2018-05-15 16:13:26",
        "calendarYear": "2018",
        "period": "Q1",
        "revenue": 3125200000,
        "costOfRevenue": 2524600000,
        "grossProfit": 600600000,
        "grossProfitRatio": 0.1921797005,
        "researchAndDevelopmentExpenses": 41100000,
        "generalAndAdministrativeExpenses": 0,
        "sellingAndMarketingExpenses": 0,
        "sellingGeneralAndAdministrativeExpenses": 303100000,
        "otherExpenses": 0,
        "operatingExpenses": 344200000,
        "costAndExpenses": 2868800000,
        "interestIncome": 0,
        "interestExpense": 87400000,
        "depreciationAndAmortization": 131800000,
        "ebitda": 385600000,
        "ebitdaratio": 0.1233841034,
        "operatingIncome": 256400000,
        "operatingIncomeRatio": 0.0820427493,
        "totalOtherIncomeExpensesNet": -115700000,
        "incomeBeforeTax": 140700000,
        "incomeBeforeTaxRatio": 0.0450211186,
        "incomeTaxExpense": 49300000,
        "netIncome": 95100000,
        "netIncomeRatio": 0.0304300525,
        "eps": 0.2,
        "epsdiluted": 0.2,
        "weightedAverageShsOut": 464300000,
        "weightedAverageShsOutDil": 465700000,
        "link": "https://www.sec.gov/Archives/edgar/data/1681459/000168145918000056/0001681459-18-000056-index.htm",
        "finalLink": "https://www.sec.gov/Archives/edgar/data/1681459/000168145918000056/technipfmc2018331-10q.htm"
    },
    {
        "date": "2017-12-31",
        "symbol": "FTI",
        "reportedCurrency": "USD",
        "cik": "0001681459",
        "fillingDate": "2018-04-02",
        "acceptedDate": "2018-04-02 16:08:33",
        "calendarYear": "2017",
        "period": "Q4",
        "revenue": 3683000000,
        "costOfRevenue": 2914100000,
        "grossProfit": 768900000,
        "grossProfitRatio": 0.2087700244,
        "researchAndDevelopmentExpenses": 69300000,
        "generalAndAdministrativeExpenses": 0,
        "sellingAndMarketingExpenses": 0,
        "sellingGeneralAndAdministrativeExpenses": 254400000,
        "otherExpenses": 0,
        "operatingExpenses": 323700000,
        "costAndExpenses": 3237800000,
        "interestIncome": 0,
        "interestExpense": 122800000,
        "depreciationAndAmortization": 153000000,
        "ebitda": 598200000,
        "ebitdaratio": 0.1624219386,
        "operatingIncome": 445200000,
        "operatingIncomeRatio": 0.1208797176,
        "totalOtherIncomeExpensesNet": -276900000,
        "incomeBeforeTax": 168300000,
        "incomeBeforeTaxRatio": 0.0456964431,
        "incomeTaxExpense": 295800000,
        "netIncome": -153900000,
        "netIncomeRatio": -0.041786587,
        "eps": -0.33,
        "epsdiluted": -0.33,
        "weightedAverageShsOut": 464273000,
        "weightedAverageShsOutDil": 466200000,
        "link": "https://www.sec.gov/Archives/edgar/data/1681459/000168145918000049/0001681459-18-000049-index.htm",
        "finalLink": "https://www.sec.gov/Archives/edgar/data/1681459/000168145918000049/technipfmc20171231-10k.htm"
    },
    {
        "date": "2017-09-30",
        "symbol": "FTI",
        "reportedCurrency": "USD",
        "cik": "0001681459",
        "fillingDate": "2017-11-09",
        "acceptedDate": "2017-11-08 19:06:31",
        "calendarYear": "2017",
        "period": "Q3",
        "revenue": 4140899999,
        "costOfRevenue": 3468200000,
        "grossProfit": 672700000,
        "grossProfitRatio": 0.162452607,
        "researchAndDevelopmentExpenses": 51100000,
        "generalAndAdministrativeExpenses": 0,
        "sellingAndMarketingExpenses": 0,
        "sellingGeneralAndAdministrativeExpenses": 284400000,
        "otherExpenses": 0,
        "operatingExpenses": 335500000,
        "costAndExpenses": 3803700000,
        "interestIncome": 0,
        "interestExpense": 86300000,
        "depreciationAndAmortization": 151000000,
        "ebitda": 488200000,
        "ebitdaratio": 0.1178970755,
        "operatingIncome": 337199999,
        "operatingIncomeRatio": 0.0814315726,
        "totalOtherIncomeExpensesNet": -107599999,
        "incomeBeforeTax": 229600000,
        "incomeBeforeTaxRatio": 0.0554468835,
        "incomeTaxExpense": 111700000,
        "netIncome": 121000000,
        "netIncomeRatio": 0.0292207008,
        "eps": 0.26,
        "epsdiluted": 0.26,
        "weightedAverageShsOut": 467200000,
        "weightedAverageShsOutDil": 469700000,
        "link": "https://www.sec.gov/Archives/edgar/data/1681459/000168145917000258/0001681459-17-000258-index.htm",
        "finalLink": "https://www.sec.gov/Archives/edgar/data/1681459/000168145917000258/technipfmc20170930-10q.htm"
    },
    {
        "date": "2017-06-30",
        "symbol": "FTI",
        "reportedCurrency": "USD",
        "cik": "0001681459",
        "fillingDate": "2017-08-04",
        "acceptedDate": "2017-08-03 20:41:03",
        "calendarYear": "2017",
        "period": "Q2",
        "revenue": 3845000000,
        "costOfRevenue": 3162000000,
        "grossProfit": 683000000,
        "grossProfitRatio": 0.17763329,
        "researchAndDevelopmentExpenses": 49100000,
        "generalAndAdministrativeExpenses": 0,
        "sellingAndMarketingExpenses": 0,
        "sellingGeneralAndAdministrativeExpenses": 268000000,
        "otherExpenses": 0,
        "operatingExpenses": 317100000,
        "costAndExpenses": 3479100000,
        "interestIncome": 0,
        "interestExpense": 72100000,
        "depreciationAndAmortization": 159500000,
        "ebitda": 525400000,
        "ebitdaratio": 0.1366449935,
        "operatingIncome": 365900000,
        "operatingIncomeRatio": 0.0951625488,
        "totalOtherIncomeExpensesNet": -120700000,
        "incomeBeforeTax": 245200000,
        "incomeBeforeTaxRatio": 0.0637711313,
        "incomeTaxExpense": 86200000,
        "netIncome": 164900000,
        "netIncomeRatio": 0.0428868661,
        "eps": 0.35,
        "epsdiluted": 0.35,
        "weightedAverageShsOut": 466700000,
        "weightedAverageShsOutDil": 468400000,
        "link": "https://www.sec.gov/Archives/edgar/data/1681459/000168145917000244/0001681459-17-000244-index.htm",
        "finalLink": "https://www.sec.gov/Archives/edgar/data/1681459/000168145917000244/technipfmc20170630-10q.htm"
    },
    {
        "date": "2017-03-31",
        "symbol": "FTI",
        "reportedCurrency": "USD",
        "cik": "0001681459",
        "fillingDate": "2017-05-04",
        "acceptedDate": "2017-05-04 17:20:43",
        "calendarYear": "2017",
        "period": "Q1",
        "revenue": 3388000000,
        "costOfRevenue": 2980300000,
        "grossProfit": 407700000,
        "grossProfitRatio": 0.1203364817,
        "researchAndDevelopmentExpenses": 43400000,
        "generalAndAdministrativeExpenses": 0,
        "sellingAndMarketingExpenses": 0,
        "sellingGeneralAndAdministrativeExpenses": 254100000,
        "otherExpenses": 0,
        "operatingExpenses": 297500000,
        "costAndExpenses": 3277800000,
        "interestIncome": 0,
        "interestExpense": 81700000,
        "depreciationAndAmortization": 151199999,
        "ebitda": 261399999,
        "ebitdaratio": 0.0771546632,
        "operatingIncome": 110200000,
        "operatingIncomeRatio": 0.0325265643,
        "totalOtherIncomeExpensesNet": -73600000,
        "incomeBeforeTax": 36600000,
        "incomeBeforeTaxRatio": 0.0108028335,
        "incomeTaxExpense": 51800000,
        "netIncome": -18700000,
        "netIncomeRatio": -0.0055194805,
        "eps": -0.0401,
        "epsdiluted": -0.0401,
        "weightedAverageShsOut": 466600000,
        "weightedAverageShsOutDil": 466600000,
        "link": "https://www.sec.gov/Archives/edgar/data/1681459/000168145917000210/0001681459-17-000210-index.htm",
        "finalLink": "https://www.sec.gov/Archives/edgar/data/1681459/000168145917000210/technipfmc20170331-10q.htm"
    },
    {
        "date": "2016-12-31",
        "symbol": "FTI",
        "reportedCurrency": "USD",
        "cik": "0001681459",
        "fillingDate": "2017-01-13",
        "acceptedDate": "2017-01-13 16:43:05",
        "calendarYear": "2016",
        "period": "Q4",
        "revenue": 2047700000,
        "costOfRevenue": 1766300000,
        "grossProfit": 281400000,
        "grossProfitRatio": 0.137422474,
        "researchAndDevelopmentExpenses": 37600000,
        "generalAndAdministrativeExpenses": 0,
        "sellingAndMarketingExpenses": 0,
        "sellingGeneralAndAdministrativeExpenses": 138600000,
        "otherExpenses": 0,
        "operatingExpenses": 176200000,
        "costAndExpenses": 1942500000,
        "interestIncome": 0,
        "interestExpense": 42102889,
        "depreciationAndAmortization": 77100000,
        "ebitda": 182300000,
        "ebitdaratio": 0.0890267129,
        "operatingIncome": 105200000,
        "operatingIncomeRatio": 0.0513747131,
        "totalOtherIncomeExpensesNet": -233700000,
        "incomeBeforeTax": -128500000,
        "incomeBeforeTaxRatio": -0.062753333,
        "incomeTaxExpense": -11205115,
        "netIncome": -133800000,
        "netIncomeRatio": -0.0653416028,
        "eps": -1.13,
        "epsdiluted": -1.13,
        "weightedAverageShsOut": 466600000,
        "weightedAverageShsOutDil": 126000000,
        "link": "https://www.sec.gov/Archives/edgar/data/1681459/000168145917000013/0001681459-17-000013-index.htm",
        "finalLink": "https://www.sec.gov/Archives/edgar/data/1681459/000168145917000013/technipfmc20161231-10k.htm"
    },
    {
        "date": "2016-09-30",
        "symbol": "FTI",
        "reportedCurrency": "USD",
        "cik": "0001681459",
        "fillingDate": "2016-09-30",
        "acceptedDate": "2016-09-29 20:00:00",
        "calendarYear": "2016",
        "period": "Q3",
        "revenue": 2375700000,
        "costOfRevenue": 1931000000,
        "grossProfit": 444700000,
        "grossProfitRatio": 0.1871869344,
        "researchAndDevelopmentExpenses": 22000000,
        "generalAndAdministrativeExpenses": 0,
        "sellingAndMarketingExpenses": 0,
        "sellingGeneralAndAdministrativeExpenses": 143000000,
        "otherExpenses": 0,
        "operatingExpenses": 165000000,
        "costAndExpenses": 2096000000,
        "interestIncome": 0,
        "interestExpense": 4599712,
        "depreciationAndAmortization": 75900000,
        "ebitda": 355600000,
        "ebitdaratio": 0.1496821989,
        "operatingIncome": 279700000,
        "operatingIncomeRatio": 0.1177337206,
        "totalOtherIncomeExpensesNet": 124500000,
        "incomeBeforeTax": 404200000,
        "incomeBeforeTaxRatio": 0.1701393274,
        "incomeTaxExpense": 102500000,
        "netIncome": 302400000,
        "netIncomeRatio": 0.1272887991,
        "eps": 2.5,
        "epsdiluted": 2.39,
        "weightedAverageShsOut": 121000000,
        "weightedAverageShsOutDil": 126900000,
        "link": "",
        "finalLink": ""
    },
    {
        "date": "2016-06-30",
        "symbol": "FTI",
        "reportedCurrency": "USD",
        "cik": "0001681459",
        "fillingDate": "2016-06-30",
        "acceptedDate": "2016-06-29 20:00:00",
        "calendarYear": "2016",
        "period": "Q2",
        "revenue": 2370500000,
        "costOfRevenue": 1927000000,
        "grossProfit": 443500000,
        "grossProfitRatio": 0.1870913309,
        "researchAndDevelopmentExpenses": 25500000,
        "generalAndAdministrativeExpenses": 0,
        "sellingAndMarketingExpenses": 0,
        "sellingGeneralAndAdministrativeExpenses": 143400000,
        "otherExpenses": 0,
        "operatingExpenses": 168900000,
        "costAndExpenses": 2095900000,
        "interestIncome": 0,
        "interestExpense": 7700000,
        "depreciationAndAmortization": 73100000,
        "ebitda": 347700000,
        "ebitdaratio": 0.1466779161,
        "operatingIncome": 274600000,
        "operatingIncomeRatio": 0.11584054,
        "totalOtherIncomeExpensesNet": -165400000,
        "incomeBeforeTax": 109200000,
        "incomeBeforeTaxRatio": 0.0460662308,
        "incomeTaxExpense": 5400000,
        "netIncome": 104000000,
        "netIncomeRatio": 0.0438726007,
        "eps": 0.87,
        "epsdiluted": 0.83,
        "weightedAverageShsOut": 119500000,
        "weightedAverageShsOutDil": 125200000,
        "link": "",
        "finalLink": ""
    },
    {
        "date": "2016-03-31",
        "symbol": "FTI",
        "reportedCurrency": "USD",
        "cik": "0001681459",
        "fillingDate": "2016-03-31",
        "acceptedDate": "2016-03-30 20:00:00",
        "calendarYear": "2016",
        "period": "Q1",
        "revenue": 2405700000,
        "costOfRevenue": 2005700000,
        "grossProfit": 400000000,
        "grossProfitRatio": 0.1662717712,
        "researchAndDevelopmentExpenses": 20300000,
        "generalAndAdministrativeExpenses": 0,
        "sellingAndMarketingExpenses": 0,
        "sellingGeneralAndAdministrativeExpenses": 147600000,
        "otherExpenses": 0,
        "operatingExpenses": 167900000,
        "costAndExpenses": 2173600000,
        "interestIncome": 0,
        "interestExpense": 13300000,
        "depreciationAndAmortization": 74600000,
        "ebitda": 306700000,
        "ebitdaratio": 0.1274888806,
        "operatingIncome": 232100000,
        "operatingIncomeRatio": 0.0964791952,
        "totalOtherIncomeExpensesNet": -65600000,
        "incomeBeforeTax": 166500000,
        "incomeBeforeTaxRatio": 0.0692106248,
        "incomeTaxExpense": 45900000,
        "netIncome": 120700000,
        "netIncomeRatio": 0.050172507,
        "eps": 1.02,
        "epsdiluted": 0.97,
        "weightedAverageShsOut": 118200000,
        "weightedAverageShsOutDil": 124400000,
        "link": "",
        "finalLink": ""
    },
    {
        "date": "2015-12-31",
        "symbol": "FTI",
        "reportedCurrency": "USD",
        "cik": "0001681459",
        "fillingDate": "2015-12-31",
        "acceptedDate": "2015-12-30 19:00:00",
        "calendarYear": "2015",
        "period": "Q4",
        "revenue": 1354656530,
        "costOfRevenue": 890904154,
        "grossProfit": 463752375,
        "grossProfitRatio": 0.3423394526,
        "researchAndDevelopmentExpenses": 27260385,
        "generalAndAdministrativeExpenses": 388053217,
        "sellingAndMarketingExpenses": 232962259,
        "sellingGeneralAndAdministrativeExpenses": 176812381,
        "otherExpenses": 55715451,
        "operatingExpenses": 259788217,
        "costAndExpenses": 1150692371,
        "interestIncome": 0,
        "interestExpense": 14548896,
        "depreciationAndAmortization": 24110780,
        "ebitda": 285636709,
        "ebitdaratio": 0.2108554476,
        "operatingIncome": 203964159,
        "operatingIncomeRatio": 0.1505652204,
        "totalOtherIncomeExpensesNet": -55498235,
        "incomeBeforeTax": 148465924,
        "incomeBeforeTaxRatio": 0.1095967286,
        "incomeTaxExpense": 33174449,
        "netIncome": 110779256,
        "netIncomeRatio": 0.0817766375,
        "eps": 0.86,
        "epsdiluted": 0.86,
        "weightedAverageShsOut": 236411218,
        "weightedAverageShsOutDil": 236411218,
        "link": "",
        "finalLink": ""
    },
    {
        "date": "2015-09-30",
        "symbol": "FTI",
        "reportedCurrency": "USD",
        "cik": "0001681459",
        "fillingDate": "2015-09-30",
        "acceptedDate": "2015-09-29 20:00:00",
        "calendarYear": "2015",
        "period": "Q3",
        "revenue": 2911221472,
        "costOfRevenue": 2411807376,
        "grossProfit": 499414095,
        "grossProfitRatio": 0.1715479567,
        "researchAndDevelopmentExpenses": 21650577,
        "generalAndAdministrativeExpenses": 107248479,
        "sellingAndMarketingExpenses": 61603705,
        "sellingGeneralAndAdministrativeExpenses": 169521790,
        "otherExpenses": -446402,
        "operatingExpenses": 190725965,
        "costAndExpenses": 2602533341,
        "interestIncome": 0,
        "interestExpense": 0,
        "depreciationAndAmortization": 89169131,
        "ebitda": 397522459,
        "ebitdaratio": 0.1365483399,
        "operatingIncome": 308688131,
        "operatingIncomeRatio": 0.1060338878,
        "totalOtherIncomeExpensesNet": -46091178,
        "incomeBeforeTax": 262596953,
        "incomeBeforeTaxRatio": 0.0902016406,
        "incomeTaxExpense": 79101639,
        "netIncome": 182913899,
        "netIncomeRatio": 0.0628306368,
        "eps": 1.46,
        "epsdiluted": 1.46,
        "weightedAverageShsOut": 236411218,
        "weightedAverageShsOutDil": 250878768,
        "link": "",
        "finalLink": ""
    },
    {
        "date": "2015-06-30",
        "symbol": "FTI",
        "reportedCurrency": "USD",
        "cik": "0001681459",
        "fillingDate": "2015-06-30",
        "acceptedDate": "2015-06-29 20:00:00",
        "calendarYear": "2015",
        "period": "Q2",
        "revenue": 2732497911,
        "costOfRevenue": 2441214146,
        "grossProfit": 291283764,
        "grossProfitRatio": 0.1065998121,
        "researchAndDevelopmentExpenses": 26399331,
        "generalAndAdministrativeExpenses": 227011974,
        "sellingAndMarketingExpenses": 117627401,
        "sellingGeneralAndAdministrativeExpenses": 178668894,
        "otherExpenses": 425730995,
        "operatingExpenses": 630799220,
        "costAndExpenses": 3072013366,
        "interestIncome": 0,
        "interestExpense": 0,
        "depreciationAndAmortization": 127095517,
        "ebitda": 214090782,
        "ebitdaratio": 0.0783498429,
        "operatingIncome": -339515455,
        "operatingIncomeRatio": -0.1242509477,
        "totalOtherIncomeExpensesNet": -30409357,
        "incomeBeforeTax": -369924812,
        "incomeBeforeTaxRatio": -0.1353797236,
        "incomeTaxExpense": -27142825,
        "netIncome": -341854636,
        "netIncomeRatio": -0.1251070073,
        "eps": -2.94,
        "epsdiluted": -2.94,
        "weightedAverageShsOut": 225162644,
        "weightedAverageShsOutDil": 226242646,
        "link": "",
        "finalLink": ""
    },
    {
        "date": "2015-03-31",
        "symbol": "FTI",
        "reportedCurrency": "USD",
        "cik": "0001681459",
        "fillingDate": "2015-03-31",
        "acceptedDate": "2015-03-30 20:00:00",
        "calendarYear": "2015",
        "period": "Q1",
        "revenue": 3097491539,
        "costOfRevenue": 2736531127,
        "grossProfit": 360960412,
        "grossProfitRatio": 0.116533139,
        "researchAndDevelopmentExpenses": 19229736,
        "generalAndAdministrativeExpenses": 0,
        "sellingAndMarketingExpenses": 0,
        "sellingGeneralAndAdministrativeExpenses": 162647043,
        "otherExpenses": 1074287,
        "operatingExpenses": 182951066,
        "costAndExpenses": 2919482193,
        "interestIncome": 0,
        "interestExpense": 0,
        "depreciationAndAmortization": 77348660,
        "ebitda": 256432293,
        "ebitdaratio": 0.0827870842,
        "operatingIncome": 178009346,
        "operatingIncomeRatio": 0.0574688724,
        "totalOtherIncomeExpensesNet": -41789762,
        "incomeBeforeTax": 136219584,
        "incomeBeforeTaxRatio": 0.043977387,
        "incomeTaxExpense": 41259218,
        "netIncome": 92496105,
        "netIncomeRatio": 0.0298616167,
        "eps": 0.78,
        "epsdiluted": 0.78,
        "weightedAverageShsOut": 225162644,
        "weightedAverageShsOutDil": 251435874,
        "link": "",
        "finalLink": ""
    },
    {
        "date": "2014-12-31",
        "symbol": "FTI",
        "reportedCurrency": "USD",
        "cik": "0001681459",
        "fillingDate": "2014-12-31",
        "acceptedDate": "2014-12-30 19:00:00",
        "calendarYear": "2014",
        "period": "Q4",
        "revenue": 2620952611,
        "costOfRevenue": 2174544574,
        "grossProfit": 446408037,
        "grossProfitRatio": 0.1703228189,
        "researchAndDevelopmentExpenses": 30745022,
        "generalAndAdministrativeExpenses": 462627852,
        "sellingAndMarketingExpenses": 267626944,
        "sellingGeneralAndAdministrativeExpenses": 214488894,
        "otherExpenses": 847304,
        "operatingExpenses": 246081220,
        "costAndExpenses": 2420625794,
        "interestIncome": 0,
        "interestExpense": 0,
        "depreciationAndAmortization": 69115778,
        "ebitda": 278762936,
        "ebitdaratio": 0.1063593958,
        "operatingIncome": 200326817,
        "operatingIncomeRatio": 0.0764328268,
        "totalOtherIncomeExpensesNet": -80493857,
        "incomeBeforeTax": 119832960,
        "incomeBeforeTaxRatio": 0.0457211471,
        "incomeTaxExpense": 12003398,
        "netIncome": 96955758,
        "netIncomeRatio": 0.0369925643,
        "eps": 1.32,
        "epsdiluted": 0.81,
        "weightedAverageShsOut": 225162644,
        "weightedAverageShsOutDil": 225162644,
        "link": "",
        "finalLink": ""
    },
    {
        "date": "2014-09-30",
        "symbol": "FTI",
        "reportedCurrency": "USD",
        "cik": "0001681459",
        "fillingDate": "2014-09-30",
        "acceptedDate": "2014-09-29 20:00:00",
        "calendarYear": "2014",
        "period": "Q3",
        "revenue": 3564964977,
        "costOfRevenue": 3049788603,
        "grossProfit": 515176374,
        "grossProfitRatio": 0.1445109215,
        "researchAndDevelopmentExpenses": 26755852,
        "generalAndAdministrativeExpenses": 0,
        "sellingAndMarketingExpenses": 0,
        "sellingGeneralAndAdministrativeExpenses": 188553038,
        "otherExpenses": 37735851,
        "operatingExpenses": 253044741,
        "costAndExpenses": 3302833344,
        "interestIncome": 0,
        "interestExpense": 0,
        "depreciationAndAmortization": 80267559,
        "ebitda": 380135041,
        "ebitdaratio": 0.1066307926,
        "operatingIncome": 262131633,
        "operatingIncomeRatio": 0.0735299322,
        "totalOtherIncomeExpensesNet": -24105509,
        "incomeBeforeTax": 238026124,
        "incomeBeforeTaxRatio": 0.0667681522,
        "incomeTaxExpense": 70297431,
        "netIncome": 166088218,
        "netIncomeRatio": 0.0465890181,
        "eps": 1.33,
        "epsdiluted": 1.33,
        "weightedAverageShsOut": 225162644,
        "weightedAverageShsOutDil": 225162644,
        "link": "",
        "finalLink": ""
    },
    {
        "date": "2014-06-30",
        "symbol": "FTI",
        "reportedCurrency": "USD",
        "cik": "0001681459",
        "fillingDate": "2014-06-30",
        "acceptedDate": "2014-06-29 20:00:00",
        "calendarYear": "2014",
        "period": "Q2",
        "revenue": 3580532548,
        "costOfRevenue": 3011020603,
        "grossProfit": 569511944,
        "grossProfitRatio": 0.1590578877,
        "researchAndDevelopmentExpenses": 25189951,
        "generalAndAdministrativeExpenses": 0,
        "sellingAndMarketingExpenses": 0,
        "sellingGeneralAndAdministrativeExpenses": 224108426,
        "otherExpenses": 410707,
        "operatingExpenses": 249709084,
        "costAndExpenses": 3260729687,
        "interestIncome": 0,
        "interestExpense": 0,
        "depreciationAndAmortization": 85974400,
        "ebitda": 406187966,
        "ebitdaratio": 0.1134434503,
        "operatingIncome": 319802861,
        "operatingIncomeRatio": 0.0893171216,
        "totalOtherIncomeExpensesNet": -23957834,
        "incomeBeforeTax": 295845027,
        "incomeBeforeTaxRatio": 0.0826259846,
        "incomeTaxExpense": 80766187,
        "netIncome": 215894311,
        "netIncomeRatio": 0.0602967039,
        "eps": 1.74,
        "epsdiluted": 1.74,
        "weightedAverageShsOut": 223811010,
        "weightedAverageShsOutDil": 124998449,
        "link": "",
        "finalLink": ""
    },
    {
        "date": "2014-03-31",
        "symbol": "FTI",
        "reportedCurrency": "USD",
        "cik": "0001681459",
        "fillingDate": "2014-03-31",
        "acceptedDate": "2014-03-30 20:00:00",
        "calendarYear": "2014",
        "period": "Q1",
        "revenue": 3401308990,
        "costOfRevenue": 2991526007,
        "grossProfit": 409782983,
        "grossProfitRatio": 0.1204780231,
        "researchAndDevelopmentExpenses": 24250775,
        "generalAndAdministrativeExpenses": 0,
        "sellingAndMarketingExpenses": 0,
        "sellingGeneralAndAdministrativeExpenses": 223906303,
        "otherExpenses": -3444711,
        "operatingExpenses": 244712367,
        "costAndExpenses": 3236238374,
        "interestIncome": 0,
        "interestExpense": 0,
        "depreciationAndAmortization": 83913193,
        "ebitda": 245539097,
        "ebitdaratio": 0.0721895887,
        "operatingIncome": 165070616,
        "operatingIncomeRatio": 0.0485314967,
        "totalOtherIncomeExpensesNet": -33344816,
        "incomeBeforeTax": 131725800,
        "incomeBeforeTaxRatio": 0.0387279722,
        "incomeTaxExpense": 36171090,
        "netIncome": 92593868,
        "netIncomeRatio": 0.0272230098,
        "eps": 0.73,
        "epsdiluted": 0.73,
        "weightedAverageShsOut": 223811010,
        "weightedAverageShsOutDil": 223811010,
        "link": "",
        "finalLink": ""
    },
    {
        "date": "2013-12-31",
        "symbol": "FTI",
        "reportedCurrency": "USD",
        "cik": "0001681459",
        "fillingDate": "2013-12-31",
        "acceptedDate": "2013-12-30 19:00:00",
        "calendarYear": "2013",
        "period": "Q4",
        "revenue": 2807822075,
        "costOfRevenue": 2261103077,
        "grossProfit": 546718997,
        "grossProfitRatio": 0.1947128352,
        "researchAndDevelopmentExpenses": 33601872,
        "generalAndAdministrativeExpenses": -15529576.707672,
        "sellingAndMarketingExpenses": 291087851,
        "sellingGeneralAndAdministrativeExpenses": 278868000,
        "otherExpenses": -70646558,
        "operatingExpenses": 241823316,
        "costAndExpenses": 2502926393,
        "interestIncome": 0,
        "interestExpense": 0,
        "depreciationAndAmortization": 64449494,
        "ebitda": 308476210,
        "ebitdaratio": 0.1098631615,
        "operatingIncome": 304895682,
        "operatingIncomeRatio": 0.1085879639,
        "totalOtherIncomeExpensesNet": -51229085,
        "incomeBeforeTax": 253666597,
        "incomeBeforeTaxRatio": 0.0903428316,
        "incomeTaxExpense": 51090553,
        "netIncome": 185223438,
        "netIncomeRatio": 0.0659669427,
        "eps": 2.61,
        "epsdiluted": 1.71,
        "weightedAverageShsOut": 223811010,
        "weightedAverageShsOutDil": 223811010,
        "link": "",
        "finalLink": ""
    },
    {
        "date": "2013-09-30",
        "symbol": "FTI",
        "reportedCurrency": "USD",
        "cik": "0001681459",
        "fillingDate": "2013-09-30",
        "acceptedDate": "2013-09-29 20:00:00",
        "calendarYear": "2013",
        "period": "Q3",
        "revenue": 3245449008,
        "costOfRevenue": 2693510184,
        "grossProfit": 551938823,
        "grossProfitRatio": 0.1700654737,
        "researchAndDevelopmentExpenses": 27610475,
        "generalAndAdministrativeExpenses": 0,
        "sellingAndMarketingExpenses": 0,
        "sellingGeneralAndAdministrativeExpenses": 230087297,
        "otherExpenses": -2842253,
        "operatingExpenses": 254855519,
        "costAndExpenses": 2948365703,
        "interestIncome": 0,
        "interestExpense": 0,
        "depreciationAndAmortization": 80259863,
        "ebitda": 374500913,
        "ebitdaratio": 0.1153926351,
        "operatingIncome": 297083305,
        "operatingIncomeRatio": 0.0915384294,
        "totalOtherIncomeExpensesNet": -36813968,
        "incomeBeforeTax": 260269337,
        "incomeBeforeTaxRatio": 0.0801951706,
        "incomeTaxExpense": 55055527,
        "netIncome": 203018203,
        "netIncomeRatio": 0.0625547351,
        "eps": 1.62,
        "epsdiluted": 1.62,
        "weightedAverageShsOut": 223811010,
        "weightedAverageShsOutDil": 223811010,
        "link": "",
        "finalLink": ""
    },
    {
        "date": "2013-06-30",
        "symbol": "FTI",
        "reportedCurrency": "USD",
        "cik": "0001681459",
        "fillingDate": "2013-06-30",
        "acceptedDate": "2013-06-29 20:00:00",
        "calendarYear": "2013",
        "period": "Q2",
        "revenue": 3130581735,
        "costOfRevenue": 2570425739,
        "grossProfit": 560155996,
        "grossProfitRatio": 0.1789303214,
        "researchAndDevelopmentExpenses": 21709457,
        "generalAndAdministrativeExpenses": 309262268,
        "sellingAndMarketingExpenses": 138836529,
        "sellingGeneralAndAdministrativeExpenses": 230744231,
        "otherExpenses": 0,
        "operatingExpenses": 249073773,
        "costAndExpenses": 2819499512,
        "interestIncome": 0,
        "interestExpense": 0,
        "depreciationAndAmortization": 62658433,
        "ebitda": 365680857,
        "ebitdaratio": 0.1168092348,
        "operatingIncome": 303022424,
        "operatingIncomeRatio": 0.0967942861,
        "totalOtherIncomeExpensesNet": -4679883,
        "incomeBeforeTax": 298342541,
        "incomeBeforeTaxRatio": 0.0952993936,
        "incomeTaxExpense": 85996044,
        "netIncome": 211114722,
        "netIncomeRatio": 0.0674362594,
        "eps": 2.19,
        "epsdiluted": 1.76,
        "weightedAverageShsOut": 221339064,
        "weightedAverageShsOutDil": 124410586,
        "link": "",
        "finalLink": ""
    },
    {
        "date": "2013-03-31",
        "symbol": "FTI",
        "reportedCurrency": "USD",
        "cik": "0001681459",
        "fillingDate": "2013-03-31",
        "acceptedDate": "2013-03-30 20:00:00",
        "calendarYear": "2013",
        "period": "Q1",
        "revenue": 2566083669,
        "costOfRevenue": 2114036773,
        "grossProfit": 452046896,
        "grossProfitRatio": 0.1761621811,
        "researchAndDevelopmentExpenses": 17938368,
        "generalAndAdministrativeExpenses": 0,
        "sellingAndMarketingExpenses": 0,
        "sellingGeneralAndAdministrativeExpenses": 218463706,
        "otherExpenses": 0,
        "operatingExpenses": 230764302,
        "costAndExpenses": 2344801075,
        "interestIncome": 0,
        "interestExpense": 0,
        "depreciationAndAmortization": 63168685,
        "ebitda": 278813505,
        "ebitdaratio": 0.108653318,
        "operatingIncome": 215644820,
        "operatingIncomeRatio": 0.0840365506,
        "totalOtherIncomeExpensesNet": -4740855,
        "incomeBeforeTax": 210903965,
        "incomeBeforeTaxRatio": 0.0821890446,
        "incomeTaxExpense": 61084929,
        "netIncome": 148888461,
        "netIncomeRatio": 0.0580216705,
        "eps": 1.19,
        "epsdiluted": 1.19,
        "weightedAverageShsOut": 221339064,
        "weightedAverageShsOutDil": 221339064,
        "link": "",
        "finalLink": ""
    },
    {
        "date": "2012-12-31",
        "symbol": "FTI",
        "reportedCurrency": "USD",
        "cik": "0001681459",
        "fillingDate": "2012-12-31",
        "acceptedDate": "2012-12-30 19:00:00",
        "calendarYear": "2012",
        "period": "Q4",
        "revenue": 3033159733,
        "costOfRevenue": 2448810073,
        "grossProfit": 584349660,
        "grossProfitRatio": 0.1926537708,
        "researchAndDevelopmentExpenses": 24391851,
        "generalAndAdministrativeExpenses": 537279978,
        "sellingAndMarketingExpenses": 304304832,
        "sellingGeneralAndAdministrativeExpenses": 280176676,
        "otherExpenses": 0,
        "operatingExpenses": 311424615,
        "costAndExpenses": 2760234688,
        "interestIncome": 0,
        "interestExpense": 0,
        "depreciationAndAmortization": 55903488,
        "ebitda": 354538862,
        "ebitdaratio": 0.1168876331,
        "operatingIncome": 298635374,
        "operatingIncomeRatio": 0.098456857,
        "totalOtherIncomeExpensesNet": -32961962,
        "incomeBeforeTax": 265673412,
        "incomeBeforeTaxRatio": 0.0875896542,
        "incomeTaxExpense": 75808161,
        "netIncome": 195002966,
        "netIncomeRatio": 0.0642903715,
        "eps": 2.87,
        "epsdiluted": 1.6,
        "weightedAverageShsOut": 221338906,
        "weightedAverageShsOutDil": 221338906,
        "link": "",
        "finalLink": ""
    },
    {
        "date": "2012-09-30",
        "symbol": "FTI",
        "reportedCurrency": "USD",
        "cik": "0001681459",
        "fillingDate": "2012-09-30",
        "acceptedDate": "2012-09-29 20:00:00",
        "calendarYear": "2012",
        "period": "Q3",
        "revenue": 2678316919,
        "costOfRevenue": 2170619278,
        "grossProfit": 507697641,
        "grossProfitRatio": 0.1895584639,
        "researchAndDevelopmentExpenses": 22598579,
        "generalAndAdministrativeExpenses": 0,
        "sellingAndMarketingExpenses": 0,
        "sellingGeneralAndAdministrativeExpenses": 206468843,
        "otherExpenses": 5136040,
        "operatingExpenses": 234203464,
        "costAndExpenses": 2404822742,
        "interestIncome": 0,
        "interestExpense": 0,
        "depreciationAndAmortization": 70820149,
        "ebitda": 349450367,
        "ebitdaratio": 0.1304738676,
        "operatingIncome": 273494177,
        "operatingIncomeRatio": 0.1021141953,
        "totalOtherIncomeExpensesNet": -6420051,
        "incomeBeforeTax": 267074125,
        "incomeBeforeTaxRatio": 0.0997171481,
        "incomeTaxExpense": 76013405,
        "netIncome": 189006304,
        "netIncomeRatio": 0.0705690587,
        "eps": 1.71,
        "epsdiluted": 1.57,
        "weightedAverageShsOut": 110669453,
        "weightedAverageShsOutDil": 125063329,
        "link": "",
        "finalLink": ""
    },
    {
        "date": "2012-06-30",
        "symbol": "FTI",
        "reportedCurrency": "USD",
        "cik": "0001681459",
        "fillingDate": "2012-06-30",
        "acceptedDate": "2012-06-29 20:00:00",
        "calendarYear": "2012",
        "period": "Q2",
        "revenue": 2598083277,
        "costOfRevenue": 2110167238,
        "grossProfit": 487916038,
        "grossProfitRatio": 0.1877984599,
        "researchAndDevelopmentExpenses": 22154983,
        "generalAndAdministrativeExpenses": 0,
        "sellingAndMarketingExpenses": 0,
        "sellingGeneralAndAdministrativeExpenses": 203319449,
        "otherExpenses": 3797997,
        "operatingExpenses": 229272430,
        "costAndExpenses": 2339439668,
        "interestIncome": 0,
        "interestExpense": 0,
        "depreciationAndAmortization": 60614254,
        "ebitda": 323055860,
        "ebitdaratio": 0.1243439203,
        "operatingIncome": 258643608,
        "operatingIncomeRatio": 0.0995517004,
        "totalOtherIncomeExpensesNet": -23927382,
        "incomeBeforeTax": 234716226,
        "incomeBeforeTaxRatio": 0.0903420718,
        "incomeTaxExpense": 61654154,
        "netIncome": 172175872,
        "netIncomeRatio": 0.0662703438,
        "eps": 1.56,
        "epsdiluted": 1.44,
        "weightedAverageShsOut": 110669453,
        "weightedAverageShsOutDil": 123391178,
        "link": "",
        "finalLink": ""
    },
    {
        "date": "2012-03-31",
        "symbol": "FTI",
        "reportedCurrency": "USD",
        "cik": "0001681459",
        "fillingDate": "2012-03-31",
        "acceptedDate": "2012-03-30 20:00:00",
        "calendarYear": "2012",
        "period": "Q1",
        "revenue": 2354895081,
        "costOfRevenue": 1917879487,
        "grossProfit": 437015594,
        "grossProfitRatio": 0.1855775221,
        "researchAndDevelopmentExpenses": 20143270,
        "generalAndAdministrativeExpenses": 0,
        "sellingAndMarketingExpenses": 0,
        "sellingGeneralAndAdministrativeExpenses": 196496938,
        "otherExpenses": 0,
        "operatingExpenses": 216640209,
        "costAndExpenses": 2134519696,
        "interestIncome": 0,
        "interestExpense": 9604738,
        "depreciationAndAmortization": 52692661,
        "ebitda": 273068046,
        "ebitdaratio": 0.1159576272,
        "operatingIncome": 220375385,
        "operatingIncomeRatio": 0.0935818274,
        "totalOtherIncomeExpensesNet": -9604738,
        "incomeBeforeTax": 210770646,
        "incomeBeforeTaxRatio": 0.0895032002,
        "incomeTaxExpense": 60163013,
        "netIncome": 149673839,
        "netIncomeRatio": 0.0635586019,
        "eps": 0.67,
        "epsdiluted": 0.67,
        "weightedAverageShsOut": 221975516,
        "weightedAverageShsOutDil": 221975516,
        "link": "",
        "finalLink": ""
    },
    {
        "date": "2011-12-31",
        "symbol": "FTI",
        "reportedCurrency": "USD",
        "cik": "0001681459",
        "fillingDate": "2011-12-31",
        "acceptedDate": "2011-12-30 19:00:00",
        "calendarYear": "2011",
        "period": "Q4",
        "revenue": 2312783370,
        "costOfRevenue": 1900460030,
        "grossProfit": 412323340,
        "grossProfitRatio": 0.1782801387,
        "researchAndDevelopmentExpenses": 21886958,
        "generalAndAdministrativeExpenses": 0,
        "sellingAndMarketingExpenses": 0,
        "sellingGeneralAndAdministrativeExpenses": 156768777,
        "otherExpenses": 233667604,
        "operatingExpenses": 412323340,
        "costAndExpenses": 2312783370,
        "interestIncome": 0,
        "interestExpense": 13859660,
        "depreciationAndAmortization": 78565094,
        "ebitda": 756695331,
        "ebitdaratio": 0.3271795105,
        "operatingIncome": 190540320,
        "operatingIncomeRatio": 0.0823857186,
        "totalOtherIncomeExpensesNet": 48076496,
        "incomeBeforeTax": 238616817,
        "incomeBeforeTaxRatio": 0.1031730079,
        "incomeTaxExpense": 70570517,
        "netIncome": 171551184,
        "netIncomeRatio": 0.0741752065,
        "eps": 0.74,
        "epsdiluted": 0.74,
        "weightedAverageShsOut": 232206004,
        "weightedAverageShsOutDil": 232206004,
        "link": "",
        "finalLink": ""
    },
    {
        "date": "2011-09-30",
        "symbol": "FTI",
        "reportedCurrency": "USD",
        "cik": "0001681459",
        "fillingDate": "2011-09-30",
        "acceptedDate": "2011-09-29 20:00:00",
        "calendarYear": "2011",
        "period": "Q3",
        "revenue": 2307002770,
        "costOfRevenue": 1882707665,
        "grossProfit": 424295105,
        "grossProfitRatio": 0.1839161663,
        "researchAndDevelopmentExpenses": 25533764,
        "generalAndAdministrativeExpenses": 0,
        "sellingAndMarketingExpenses": 0,
        "sellingGeneralAndAdministrativeExpenses": 153066768,
        "otherExpenses": 6383441,
        "operatingExpenses": 184983973,
        "costAndExpenses": 2067691639,
        "interestIncome": 0,
        "interestExpense": 0,
        "depreciationAndAmortization": 43878596,
        "ebitda": 283189728,
        "ebitdaratio": 0.1227522271,
        "operatingIncome": 239311131,
        "operatingIncomeRatio": 0.1037324853,
        "totalOtherIncomeExpensesNet": -4481990,
        "incomeBeforeTax": 234829141,
        "incomeBeforeTaxRatio": 0.1017897092,
        "incomeTaxExpense": 70489487,
        "netIncome": 164339653,
        "netIncomeRatio": 0.0712351347,
        "eps": 1.42,
        "epsdiluted": 1.42,
        "weightedAverageShsOut": 116103002,
        "weightedAverageShsOutDil": 116103002,
        "link": "",
        "finalLink": ""
    },
    {
        "date": "2011-06-30",
        "symbol": "FTI",
        "reportedCurrency": "USD",
        "cik": "0001681459",
        "fillingDate": "2011-06-30",
        "acceptedDate": "2011-06-29 20:00:00",
        "calendarYear": "2011",
        "period": "Q2",
        "revenue": 2408830980,
        "costOfRevenue": 1927904451,
        "grossProfit": 480926529,
        "grossProfitRatio": 0.1996514214,
        "researchAndDevelopmentExpenses": 21860296,
        "generalAndAdministrativeExpenses": 0,
        "sellingAndMarketingExpenses": 0,
        "sellingGeneralAndAdministrativeExpenses": 204849800,
        "otherExpenses": 0,
        "operatingExpenses": 226710097,
        "costAndExpenses": 2154614549,
        "interestIncome": 16359030,
        "interestExpense": 0,
        "depreciationAndAmortization": 54789014,
        "ebitda": 325364475,
        "ebitdaratio": 0.1350715254,
        "operatingIncome": 254216431,
        "operatingIncomeRatio": 0.1055351883,
        "totalOtherIncomeExpensesNet": 16359030,
        "incomeBeforeTax": 270575461,
        "incomeBeforeTaxRatio": 0.1123264618,
        "incomeTaxExpense": 80492218,
        "netIncome": 191820484,
        "netIncomeRatio": 0.0796321891,
        "eps": 1.66,
        "epsdiluted": 1.66,
        "weightedAverageShsOut": 117267300,
        "weightedAverageShsOutDil": 117267300,
        "link": "",
        "finalLink": ""
    },
    {
        "date": "2011-03-31",
        "symbol": "FTI",
        "reportedCurrency": "USD",
        "cik": "0001681459",
        "fillingDate": "2011-03-31",
        "acceptedDate": "2011-03-30 20:00:00",
        "calendarYear": "2011",
        "period": "Q1",
        "revenue": 2027786406,
        "costOfRevenue": 1633016124,
        "grossProfit": 394770282,
        "grossProfitRatio": 0.1946804066,
        "researchAndDevelopmentExpenses": 17366503,
        "generalAndAdministrativeExpenses": 0,
        "sellingAndMarketingExpenses": 0,
        "sellingGeneralAndAdministrativeExpenses": 172959082,
        "otherExpenses": 0,
        "operatingExpenses": 190325586,
        "costAndExpenses": 1823341710,
        "interestIncome": 0,
        "interestExpense": 2259057,
        "depreciationAndAmortization": 48287352,
        "ebitda": 252732047,
        "ebitdaratio": 0.1246344518,
        "operatingIncome": 204444695,
        "operatingIncomeRatio": 0.1008216124,
        "totalOtherIncomeExpensesNet": -2259057,
        "incomeBeforeTax": 202185638,
        "incomeBeforeTaxRatio": 0.0997075616,
        "incomeTaxExpense": 56052861,
        "netIncome": 147262304,
        "netIncomeRatio": 0.0726221971,
        "eps": 1.3,
        "epsdiluted": 1.3,
        "weightedAverageShsOut": 116496167,
        "weightedAverageShsOutDil": 116496167,
        "link": "",
        "finalLink": ""
    },
    {
        "date": "2010-12-31",
        "symbol": "FTI",
        "reportedCurrency": "USD",
        "cik": "0001681459",
        "fillingDate": "2010-12-31",
        "acceptedDate": "2010-12-30 19:00:00",
        "calendarYear": "2010",
        "period": "Q4",
        "revenue": 2208199460,
        "costOfRevenue": 6512834153,
        "grossProfit": -4304634693,
        "grossProfitRatio": -1.9493867157,
        "researchAndDevelopmentExpenses": 24579573,
        "generalAndAdministrativeExpenses": 0,
        "sellingAndMarketingExpenses": 0,
        "sellingGeneralAndAdministrativeExpenses": 161128000,
        "otherExpenses": -4683978474,
        "operatingExpenses": -4498270899,
        "costAndExpenses": 2014563253,
        "interestIncome": 544487297,
        "interestExpense": 543690889,
        "depreciationAndAmortization": 53546284,
        "ebitda": 791669790,
        "ebitdaratio": 0.3585137142,
        "operatingIncome": 193636206,
        "operatingIncomeRatio": 0.0876896356,
        "totalOtherIncomeExpensesNet": 796408,
        "incomeBeforeTax": 194432615,
        "incomeBeforeTaxRatio": 0.0880502955,
        "incomeTaxExpense": 56933479,
        "netIncome": 139191963,
        "netIncomeRatio": 0.0630341441,
        "eps": 0.63,
        "epsdiluted": 1.23,
        "weightedAverageShsOut": 220498706,
        "weightedAverageShsOutDil": 113167584,
        "link": "",
        "finalLink": ""
    },
    {
        "date": "2010-09-30",
        "symbol": "FTI",
        "reportedCurrency": "USD",
        "cik": "0001681459",
        "fillingDate": "2010-09-30",
        "acceptedDate": "2010-09-29 20:00:00",
        "calendarYear": "2010",
        "period": "Q3",
        "revenue": 2060699392,
        "costOfRevenue": 1650903540,
        "grossProfit": 409795851,
        "grossProfitRatio": 0.1988625088,
        "researchAndDevelopmentExpenses": 14990869,
        "generalAndAdministrativeExpenses": 0,
        "sellingAndMarketingExpenses": 0,
        "sellingGeneralAndAdministrativeExpenses": 182616042,
        "otherExpenses": -545122,
        "operatingExpenses": 197061789,
        "costAndExpenses": 1847965330,
        "interestIncome": 0,
        "interestExpense": 12128975,
        "depreciationAndAmortization": 53826564,
        "ebitda": 266560626,
        "ebitdaratio": 0.1293544449,
        "operatingIncome": 212734061,
        "operatingIncomeRatio": 0.1032339126,
        "totalOtherIncomeExpensesNet": -12128975,
        "incomeBeforeTax": 200605085,
        "incomeBeforeTaxRatio": 0.0973480585,
        "incomeTaxExpense": 59009512,
        "netIncome": 140914170,
        "netIncomeRatio": 0.0683817206,
        "eps": 1.29,
        "epsdiluted": 1.29,
        "weightedAverageShsOut": 108874580,
        "weightedAverageShsOutDil": 108874580,
        "link": "",
        "finalLink": ""
    },
    {
        "date": "2010-06-30",
        "symbol": "FTI",
        "reportedCurrency": "USD",
        "cik": "0001681459",
        "fillingDate": "2010-06-30",
        "acceptedDate": "2010-06-29 20:00:00",
        "calendarYear": "2010",
        "period": "Q2",
        "revenue": 1808865818,
        "costOfRevenue": 1457449919,
        "grossProfit": 351415899,
        "grossProfitRatio": 0.1942741664,
        "researchAndDevelopmentExpenses": 16206073,
        "generalAndAdministrativeExpenses": 0,
        "sellingAndMarketingExpenses": 0,
        "sellingGeneralAndAdministrativeExpenses": 139640298,
        "otherExpenses": -2437003,
        "operatingExpenses": 153409367,
        "costAndExpenses": 1610859287,
        "interestIncome": 0,
        "interestExpense": 9869864,
        "depreciationAndAmortization": 38880375,
        "ebitda": 235668404,
        "ebitdaratio": 0.1302851774,
        "operatingIncome": 198006531,
        "operatingIncomeRatio": 0.1094644661,
        "totalOtherIncomeExpensesNet": -11088365,
        "incomeBeforeTax": 186918165,
        "incomeBeforeTaxRatio": 0.1033344558,
        "incomeTaxExpense": 58731783,
        "netIncome": 129283033,
        "netIncomeRatio": 0.0714718758,
        "eps": 1.19,
        "epsdiluted": 1.19,
        "weightedAverageShsOut": 108076795,
        "weightedAverageShsOutDil": 108076795,
        "link": "",
        "finalLink": ""
    },
    {
        "date": "2010-03-31",
        "symbol": "FTI",
        "reportedCurrency": "USD",
        "cik": "0001681459",
        "fillingDate": "2010-03-31",
        "acceptedDate": "2010-03-30 20:00:00",
        "calendarYear": "2010",
        "period": "Q1",
        "revenue": 1769925760,
        "costOfRevenue": 1429338560,
        "grossProfit": 340587200,
        "grossProfitRatio": 0.1924302181,
        "researchAndDevelopmentExpenses": 17317993,
        "generalAndAdministrativeExpenses": 0,
        "sellingAndMarketingExpenses": 136395977,
        "sellingGeneralAndAdministrativeExpenses": 136395977,
        "otherExpenses": 0,
        "operatingExpenses": 153713971,
        "costAndExpenses": 1583052531,
        "interestIncome": 4295936,
        "interestExpense": 4295936,
        "depreciationAndAmortization": 47389547,
        "ebitda": 235605257,
        "ebitdaratio": 0.133115898,
        "operatingIncome": 186873229,
        "operatingIncomeRatio": 0.105582524,
        "totalOtherIncomeExpensesNet": -2953456,
        "incomeBeforeTax": 183919773,
        "incomeBeforeTaxRatio": 0.1039138348,
        "incomeTaxExpense": 56115668,
        "netIncome": 128743841,
        "netIncomeRatio": 0.0727396843,
        "eps": 1.18,
        "epsdiluted": 1.18,
        "weightedAverageShsOut": 108639473,
        "weightedAverageShsOutDil": 108639473,
        "link": "",
        "finalLink": ""
    },
    {
        "date": "2009-12-31",
        "symbol": "FTI",
        "reportedCurrency": "USD",
        "cik": "0001681459",
        "fillingDate": "2009-12-31",
        "acceptedDate": "2009-12-30 19:00:00",
        "calendarYear": "2009",
        "period": "Q4",
        "revenue": 1911257585,
        "costOfRevenue": 7613760100,
        "grossProfit": -5702502515,
        "grossProfitRatio": -2.9836389191,
        "researchAndDevelopmentExpenses": 20421176,
        "generalAndAdministrativeExpenses": 0,
        "sellingAndMarketingExpenses": 0,
        "sellingGeneralAndAdministrativeExpenses": 170298129,
        "otherExpenses": -5893221822,
        "operatingExpenses": -5702502515,
        "costAndExpenses": 1911257585,
        "interestIncome": 684853000,
        "interestExpense": 699189309,
        "depreciationAndAmortization": 81072714,
        "ebitda": 622475234,
        "ebitdaratio": 0.3256888234,
        "operatingIncome": -6280493298,
        "operatingIncomeRatio": -3.2860527787,
        "totalOtherIncomeExpensesNet": 6122706508,
        "incomeBeforeTax": -157786790,
        "incomeBeforeTaxRatio": -0.0825565278,
        "incomeTaxExpense": 69554730,
        "netIncome": -228842801,
        "netIncomeRatio": -0.1197341493,
        "eps": -1.08,
        "epsdiluted": -2.14,
        "weightedAverageShsOut": 212554768,
        "weightedAverageShsOutDil": 106817737,
        "link": "",
        "finalLink": ""
    },
    {
        "date": "2009-09-30",
        "symbol": "FTI",
        "reportedCurrency": "USD",
        "cik": "0001681459",
        "fillingDate": "2009-09-30",
        "acceptedDate": "2009-09-29 20:00:00",
        "calendarYear": "2009",
        "period": "Q3",
        "revenue": 2504759115,
        "costOfRevenue": 0,
        "grossProfit": 2504759115,
        "grossProfitRatio": 1,
        "researchAndDevelopmentExpenses": 18743593,
        "generalAndAdministrativeExpenses": 160638453,
        "sellingAndMarketingExpenses": 0,
        "sellingGeneralAndAdministrativeExpenses": 160638453,
        "otherExpenses": 2072484990,
        "operatingExpenses": 2251867037,
        "costAndExpenses": 2251867037,
        "interestIncome": 0,
        "interestExpense": 21672279,
        "depreciationAndAmortization": 124679520,
        "ebitda": 379182375,
        "ebitdaratio": 0.151384767,
        "operatingIncome": 252892077,
        "operatingIncomeRatio": 0.1009646299,
        "totalOtherIncomeExpensesNet": -20061502,
        "incomeBeforeTax": 232830575,
        "incomeBeforeTaxRatio": 0.0929552761,
        "incomeTaxExpense": 71020647,
        "netIncome": 157709767,
        "netIncomeRatio": 0.0629640455,
        "eps": 0.74,
        "epsdiluted": 1.48,
        "weightedAverageShsOut": 212554768,
        "weightedAverageShsOutDil": 106817737,
        "link": "",
        "finalLink": ""
    },
    {
        "date": "2009-06-30",
        "symbol": "FTI",
        "reportedCurrency": "USD",
        "cik": "0001681459",
        "fillingDate": "2009-06-30",
        "acceptedDate": "2009-06-29 20:00:00",
        "calendarYear": "2009",
        "period": "Q2",
        "revenue": 2429990459,
        "costOfRevenue": 2009231718,
        "grossProfit": 420758740,
        "grossProfitRatio": 0.1731524247,
        "researchAndDevelopmentExpenses": 19641955,
        "generalAndAdministrativeExpenses": 0,
        "sellingAndMarketingExpenses": 0,
        "sellingGeneralAndAdministrativeExpenses": 126129412,
        "otherExpenses": 10943375,
        "operatingExpenses": 156714742,
        "costAndExpenses": 2165946461,
        "interestIncome": 0,
        "interestExpense": 31848027,
        "depreciationAndAmortization": 66503783,
        "ebitda": 331529878,
        "ebitdaratio": 0.1364325842,
        "operatingIncome": 264043997,
        "operatingIncomeRatio": 0.1086605077,
        "totalOtherIncomeExpensesNet": -30865929,
        "incomeBeforeTax": 233178068,
        "incomeBeforeTaxRatio": 0.0959584294,
        "incomeTaxExpense": 70290139,
        "netIncome": 163028228,
        "netIncomeRatio": 0.0670900692,
        "eps": 0.77,
        "epsdiluted": 1.53,
        "weightedAverageShsOut": 212508000,
        "weightedAverageShsOutDil": 106817737,
        "link": "",
        "finalLink": ""
    },
    {
        "date": "2009-03-31",
        "symbol": "FTI",
        "reportedCurrency": "USD",
        "cik": "0001681459",
        "fillingDate": "2009-03-31",
        "acceptedDate": "2009-03-30 20:00:00",
        "calendarYear": "2009",
        "period": "Q1",
        "revenue": 2081592039,
        "costOfRevenue": 1733466003,
        "grossProfit": 348126036,
        "grossProfitRatio": 0.1672402803,
        "researchAndDevelopmentExpenses": 15389718,
        "generalAndAdministrativeExpenses": 0,
        "sellingAndMarketingExpenses": 128557213,
        "sellingGeneralAndAdministrativeExpenses": 128557213,
        "otherExpenses": -6898839,
        "operatingExpenses": 137048092,
        "costAndExpenses": 1870514096,
        "interestIncome": 16053067,
        "interestExpense": 16053067,
        "depreciationAndAmortization": 48822553,
        "ebitda": 253001658,
        "ebitdaratio": 0.1215423836,
        "operatingIncome": 211077943,
        "operatingIncomeRatio": 0.1014021667,
        "totalOtherIncomeExpensesNet": -15124378,
        "incomeBeforeTax": 195953565,
        "incomeBeforeTaxRatio": 0.0941363924,
        "incomeTaxExpense": 58905472,
        "netIncome": 131475953,
        "netIncomeRatio": 0.063161249,
        "eps": 0.62,
        "epsdiluted": 1.23,
        "weightedAverageShsOut": 212502840,
        "weightedAverageShsOutDil": 106817737,
        "link": "",
        "finalLink": ""
    },
    {
        "date": "2008-12-31",
        "symbol": "FTI",
        "reportedCurrency": "USD",
        "cik": "0001681459",
        "fillingDate": "2008-12-31",
        "acceptedDate": "2008-12-30 19:00:00",
        "calendarYear": "2008",
        "period": "Q4",
        "revenue": 2556906894,
        "costOfRevenue": 2119683032,
        "grossProfit": 437223861,
        "grossProfitRatio": 0.1709971771,
        "researchAndDevelopmentExpenses": 18798310,
        "generalAndAdministrativeExpenses": 400506723,
        "sellingAndMarketingExpenses": -269196267.737561,
        "sellingGeneralAndAdministrativeExpenses": 131310456,
        "otherExpenses": 40092435,
        "operatingExpenses": 190201201,
        "costAndExpenses": 2309884234,
        "interestIncome": 78931981,
        "interestExpense": 60689437,
        "depreciationAndAmortization": 68406493,
        "ebitda": 394744941,
        "ebitdaratio": 0.1543837759,
        "operatingIncome": 247022659,
        "operatingIncomeRatio": 0.0966099546,
        "totalOtherIncomeExpensesNet": 18626350,
        "incomeBeforeTax": 265649010,
        "incomeBeforeTaxRatio": 0.1038946747,
        "incomeTaxExpense": 79734116,
        "netIncome": 180951404,
        "netIncomeRatio": 0.0707696492,
        "eps": 0.85,
        "epsdiluted": 1.69,
        "weightedAverageShsOut": 212502840,
        "weightedAverageShsOutDil": 106817737,
        "link": "",
        "finalLink": ""
    },
    {
        "date": "2008-09-30",
        "symbol": "FTI",
        "reportedCurrency": "USD",
        "cik": "0001681459",
        "fillingDate": "2008-09-30",
        "acceptedDate": "2008-09-29 20:00:00",
        "calendarYear": "2008",
        "period": "Q3",
        "revenue": 2725196328,
        "costOfRevenue": 2274310206,
        "grossProfit": 450886122,
        "grossProfitRatio": 0.1654508768,
        "researchAndDevelopmentExpenses": 16213853,
        "generalAndAdministrativeExpenses": 0,
        "sellingAndMarketingExpenses": 182300111,
        "sellingGeneralAndAdministrativeExpenses": 182300111,
        "otherExpenses": 0,
        "operatingExpenses": 198513965,
        "costAndExpenses": 2472824171,
        "interestIncome": 0,
        "interestExpense": 2114850,
        "depreciationAndAmortization": 81152480,
        "ebitda": 335639487,
        "ebitdaratio": 0.1231615805,
        "operatingIncome": 252372157,
        "operatingIncomeRatio": 0.0926069635,
        "totalOtherIncomeExpensesNet": 0,
        "incomeBeforeTax": 252372157,
        "incomeBeforeTaxRatio": 0.0926069635,
        "incomeTaxExpense": 78672437,
        "netIncome": 170738928,
        "netIncomeRatio": 0.0626519735,
        "eps": 0.81,
        "epsdiluted": 1.6,
        "weightedAverageShsOut": 212502840,
        "weightedAverageShsOutDil": 106817737,
        "link": "",
        "finalLink": ""
    },
    {
        "date": "2008-06-30",
        "symbol": "FTI",
        "reportedCurrency": "USD",
        "cik": "0001681459",
        "fillingDate": "2008-06-30",
        "acceptedDate": "2008-06-29 20:00:00",
        "calendarYear": "2008",
        "period": "Q2",
        "revenue": 2869934691,
        "costOfRevenue": 2470690062,
        "grossProfit": 399244629,
        "grossProfitRatio": 0.1391127924,
        "researchAndDevelopmentExpenses": 13533716,
        "generalAndAdministrativeExpenses": 0,
        "sellingAndMarketingExpenses": 0,
        "sellingGeneralAndAdministrativeExpenses": 137855063,
        "otherExpenses": 0,
        "operatingExpenses": 151388779,
        "costAndExpenses": 2622078841,
        "interestIncome": 0,
        "interestExpense": 22031631,
        "depreciationAndAmortization": 59294431,
        "ebitda": 307465018,
        "ebitdaratio": 0.1071331062,
        "operatingIncome": 247855850,
        "operatingIncomeRatio": 0.0863628886,
        "totalOtherIncomeExpensesNet": -21716893,
        "incomeBeforeTax": 226138956,
        "incomeBeforeTaxRatio": 0.0787958544,
        "incomeTaxExpense": 63262255,
        "netIncome": 162089857,
        "netIncomeRatio": 0.0564785873,
        "eps": 0.77,
        "epsdiluted": 1.52,
        "weightedAverageShsOut": 212508000,
        "weightedAverageShsOutDil": 106817737,
        "link": "",
        "finalLink": ""
    },
    {
        "date": "2008-03-31",
        "symbol": "FTI",
        "reportedCurrency": "USD",
        "cik": "0001681459",
        "fillingDate": "2008-03-31",
        "acceptedDate": "2008-03-30 20:00:00",
        "calendarYear": "2008",
        "period": "Q1",
        "revenue": 2869280942,
        "costOfRevenue": 2487562974,
        "grossProfit": 381717967,
        "grossProfitRatio": 0.1330361072,
        "researchAndDevelopmentExpenses": 17214422,
        "generalAndAdministrativeExpenses": 0,
        "sellingAndMarketingExpenses": 0,
        "sellingGeneralAndAdministrativeExpenses": 148296719,
        "otherExpenses": 0,
        "operatingExpenses": 165511141,
        "costAndExpenses": 2653074116,
        "interestIncome": 0,
        "interestExpense": 13108229,
        "depreciationAndAmortization": 53696362,
        "ebitda": 270219049,
        "ebitdaratio": 0.094176574,
        "operatingIncome": 216206825,
        "operatingIncomeRatio": 0.0753522675,
        "totalOtherIncomeExpensesNet": -12792368,
        "incomeBeforeTax": 203414456,
        "incomeBeforeTaxRatio": 0.070893879,
        "incomeTaxExpense": 61277025,
        "netIncome": 141979500,
        "netIncomeRatio": 0.0494826066,
        "eps": 0.68,
        "epsdiluted": 1.33,
        "weightedAverageShsOut": 212508000,
        "weightedAverageShsOutDil": 106817737,
        "link": "",
        "finalLink": ""
    },
    {
        "date": "2007-12-31",
        "symbol": "FTI",
        "reportedCurrency": "USD",
        "cik": "0001681459",
        "fillingDate": "2007-12-31",
        "acceptedDate": "2007-12-30 19:00:00",
        "calendarYear": "2007",
        "period": "Q4",
        "revenue": 3242901618,
        "costOfRevenue": 3232578797,
        "grossProfit": 10322821,
        "grossProfitRatio": 0.0031832051,
        "researchAndDevelopmentExpenses": 19424943,
        "generalAndAdministrativeExpenses": 366687564,
        "sellingAndMarketingExpenses": -230351230.514687,
        "sellingGeneralAndAdministrativeExpenses": 136336334,
        "otherExpenses": 1545292,
        "operatingExpenses": 157306570,
        "costAndExpenses": 3389885367,
        "interestIncome": 29305844,
        "interestExpense": 47148197,
        "depreciationAndAmortization": 84533980,
        "ebitda": -32058220,
        "ebitdaratio": -0.0098856591,
        "operatingIncome": -146983749,
        "operatingIncomeRatio": -0.0453247635,
        "totalOtherIncomeExpensesNet": -16756650,
        "incomeBeforeTax": -163740399,
        "incomeBeforeTaxRatio": -0.0504919416,
        "incomeTaxExpense": -26720695,
        "netIncome": -135217302,
        "netIncomeRatio": -0.0416963935,
        "eps": -0.64,
        "epsdiluted": -0.64,
        "weightedAverageShsOut": 209909650,
        "weightedAverageShsOutDil": 209909650,
        "link": "",
        "finalLink": ""
    },
    {
        "date": "2007-09-30",
        "symbol": "FTI",
        "reportedCurrency": "USD",
        "cik": "0001681459",
        "fillingDate": "2007-09-30",
        "acceptedDate": "2007-09-29 20:00:00",
        "calendarYear": "2007",
        "period": "Q3",
        "revenue": 3090885739,
        "costOfRevenue": 2789502975,
        "grossProfit": 301382764,
        "grossProfitRatio": 0.097506925,
        "researchAndDevelopmentExpenses": 14412717,
        "generalAndAdministrativeExpenses": 0,
        "sellingAndMarketingExpenses": 117156841,
        "sellingGeneralAndAdministrativeExpenses": 117156841,
        "otherExpenses": -8990110,
        "operatingExpenses": 122579448,
        "costAndExpenses": 2912082423,
        "interestIncome": 0,
        "interestExpense": 27683833,
        "depreciationAndAmortization": 56462815,
        "ebitda": 235836932,
        "ebitdaratio": 0.0763007603,
        "operatingIncome": 178803316,
        "operatingIncomeRatio": 0.0578485687,
        "totalOtherIncomeExpensesNet": -27113032,
        "incomeBeforeTax": 151690283,
        "incomeBeforeTaxRatio": 0.0490766388,
        "incomeTaxExpense": 44094353,
        "netIncome": 108594831,
        "netIncomeRatio": 0.0351338872,
        "eps": 1.03,
        "epsdiluted": 1.03,
        "weightedAverageShsOut": 104954825,
        "weightedAverageShsOutDil": 105749881,
        "link": "",
        "finalLink": ""
    },
    {
        "date": "2007-06-30",
        "symbol": "FTI",
        "reportedCurrency": "USD",
        "cik": "0001681459",
        "fillingDate": "2007-06-30",
        "acceptedDate": "2007-06-29 20:00:00",
        "calendarYear": "2007",
        "period": "Q2",
        "revenue": 2496852877,
        "costOfRevenue": 2177132260,
        "grossProfit": 319720616,
        "grossProfitRatio": 0.1280494413,
        "researchAndDevelopmentExpenses": 14483533,
        "generalAndAdministrativeExpenses": 131840762,
        "sellingAndMarketingExpenses": 0,
        "sellingGeneralAndAdministrativeExpenses": 131840762,
        "otherExpenses": 270720,
        "operatingExpenses": 146595016,
        "costAndExpenses": 2323727276,
        "interestIncome": 0,
        "interestExpense": 18273616,
        "depreciationAndAmortization": 48567769,
        "ebitda": 222099450,
        "ebitdaratio": 0.0889517568,
        "operatingIncome": 173125600,
        "operatingIncomeRatio": 0.0693375255,
        "totalOtherIncomeExpensesNet": -17867536,
        "incomeBeforeTax": 155258064,
        "incomeBeforeTaxRatio": 0.0621815027,
        "incomeTaxExpense": 44127400,
        "netIncome": 107746659,
        "netIncomeRatio": 0.0431529867,
        "eps": 1.03,
        "epsdiluted": 1.02,
        "weightedAverageShsOut": 104954825,
        "weightedAverageShsOutDil": 105510784,
        "link": "",
        "finalLink": ""
    },
    {
        "date": "2007-03-31",
        "symbol": "FTI",
        "reportedCurrency": "USD",
        "cik": "0001681459",
        "fillingDate": "2007-03-31",
        "acceptedDate": "2007-03-30 20:00:00",
        "calendarYear": "2007",
        "period": "Q1",
        "revenue": 2370112000,
        "costOfRevenue": 2097403000,
        "grossProfit": 272709000,
        "grossProfitRatio": 0.1150616511,
        "researchAndDevelopmentExpenses": 11352000,
        "generalAndAdministrativeExpenses": 0,
        "sellingAndMarketingExpenses": 0,
        "sellingGeneralAndAdministrativeExpenses": 117257000,
        "otherExpenses": -19499000,
        "operatingExpenses": 109110000,
        "costAndExpenses": 2206513000,
        "interestIncome": 0,
        "interestExpense": 0,
        "depreciationAndAmortization": 47944000,
        "ebitda": 211543000,
        "ebitdaratio": 0.0892544319,
        "operatingIncome": 163599000,
        "operatingIncomeRatio": 0.0690258519,
        "totalOtherIncomeExpensesNet": -25642000,
        "incomeBeforeTax": 137957000,
        "incomeBeforeTaxRatio": 0.0582069539,
        "incomeTaxExpense": 45407000,
        "netIncome": 90948000,
        "netIncomeRatio": 0.0383728701,
        "eps": 0.87,
        "epsdiluted": 0.87,
        "weightedAverageShsOut": 104954825,
        "weightedAverageShsOutDil": 104954825,
        "link": "",
        "finalLink": ""
    },
    {
        "date": "2006-12-31",
        "symbol": "FTI",
        "reportedCurrency": "USD",
        "cik": "0001681459",
        "fillingDate": "2006-12-31",
        "acceptedDate": "2006-12-30 19:00:00",
        "calendarYear": "2006",
        "period": "Q4",
        "revenue": 2873338000,
        "costOfRevenue": 2539511000,
        "grossProfit": 333827000,
        "grossProfitRatio": 0.1161809018,
        "researchAndDevelopmentExpenses": 15761000,
        "generalAndAdministrativeExpenses": 188060000,
        "sellingAndMarketingExpenses": 0,
        "sellingGeneralAndAdministrativeExpenses": 188060000,
        "otherExpenses": -32995000,
        "operatingExpenses": 170826000,
        "costAndExpenses": 2710337000,
        "interestIncome": 0,
        "interestExpense": 0,
        "depreciationAndAmortization": 80447000,
        "ebitda": 245824000,
        "ebitdaratio": 0.0855534573,
        "operatingIncome": 163001000,
        "operatingIncomeRatio": 0.0567287942,
        "totalOtherIncomeExpensesNet": -28309000,
        "incomeBeforeTax": 134692000,
        "incomeBeforeTaxRatio": 0.04687649,
        "incomeTaxExpense": 43814000,
        "netIncome": 90277000,
        "netIncomeRatio": 0.0314188585,
        "eps": 0.41,
        "epsdiluted": 0.84,
        "weightedAverageShsOut": 218540178,
        "weightedAverageShsOutDil": 107776492,
        "link": "",
        "finalLink": ""
    },
    {
        "date": "2006-09-30",
        "symbol": "FTI",
        "reportedCurrency": "USD",
        "cik": "0001681459",
        "fillingDate": "2006-09-30",
        "acceptedDate": "2006-09-29 20:00:00",
        "calendarYear": "2006",
        "period": "Q3",
        "revenue": 2257698000,
        "costOfRevenue": 2001603000,
        "grossProfit": 256095000,
        "grossProfitRatio": 0.1134319116,
        "researchAndDevelopmentExpenses": 12044000,
        "generalAndAdministrativeExpenses": 0,
        "sellingAndMarketingExpenses": 0,
        "sellingGeneralAndAdministrativeExpenses": 107383000,
        "otherExpenses": -1000,
        "operatingExpenses": 119426000,
        "costAndExpenses": 2121029000,
        "interestIncome": 0,
        "interestExpense": 0,
        "depreciationAndAmortization": 44400000,
        "ebitda": 181068000,
        "ebitdaratio": 0.0802002748,
        "operatingIncome": 136669000,
        "operatingIncomeRatio": 0.0605346685,
        "totalOtherIncomeExpensesNet": -22187000,
        "incomeBeforeTax": 114482000,
        "incomeBeforeTaxRatio": 0.050707402,
        "incomeTaxExpense": 39048000,
        "netIncome": 76448000,
        "netIncomeRatio": 0.033861039,
        "eps": 0.7,
        "epsdiluted": 0.7,
        "weightedAverageShsOut": 109270089,
        "weightedAverageShsOutDil": 109270089,
        "link": "",
        "finalLink": ""
    },
    {
        "date": "2006-06-30",
        "symbol": "FTI",
        "reportedCurrency": "USD",
        "cik": "0001681459",
        "fillingDate": "2006-06-30",
        "acceptedDate": "2006-06-29 20:00:00",
        "calendarYear": "2006",
        "period": "Q2",
        "revenue": 2031854000,
        "costOfRevenue": 1818823000,
        "grossProfit": 213031000,
        "grossProfitRatio": 0.1048456238,
        "researchAndDevelopmentExpenses": 9846000,
        "generalAndAdministrativeExpenses": 0,
        "sellingAndMarketingExpenses": 0,
        "sellingGeneralAndAdministrativeExpenses": 95135000,
        "otherExpenses": 0,
        "operatingExpenses": 104981000,
        "costAndExpenses": 1923804000,
        "interestIncome": 0,
        "interestExpense": 0,
        "depreciationAndAmortization": 45956000,
        "ebitda": 154006000,
        "ebitdaratio": 0.0757958003,
        "operatingIncome": 108050000,
        "operatingIncomeRatio": 0.0531780335,
        "totalOtherIncomeExpensesNet": -12787000,
        "incomeBeforeTax": 95263000,
        "incomeBeforeTaxRatio": 0.0468847663,
        "incomeTaxExpense": 27492000,
        "netIncome": 65853000,
        "netIncomeRatio": 0.0324103011,
        "eps": 0.6,
        "epsdiluted": 0.6,
        "weightedAverageShsOut": 108863692,
        "weightedAverageShsOutDil": 108863692,
        "link": "",
        "finalLink": ""
    },
    {
        "date": "2006-03-31",
        "symbol": "FTI",
        "reportedCurrency": "USD",
        "cik": "0001681459",
        "fillingDate": "2006-03-31",
        "acceptedDate": "2006-03-30 19:00:00",
        "calendarYear": "2006",
        "period": "Q1",
        "revenue": 1907386000,
        "costOfRevenue": 1759340000,
        "grossProfit": 148046000,
        "grossProfitRatio": 0.0776172206,
        "researchAndDevelopmentExpenses": 8117000,
        "generalAndAdministrativeExpenses": 0,
        "sellingAndMarketingExpenses": 0,
        "sellingGeneralAndAdministrativeExpenses": 74507000,
        "otherExpenses": 1000,
        "operatingExpenses": 82625000,
        "costAndExpenses": 1841965000,
        "interestIncome": 0,
        "interestExpense": 0,
        "depreciationAndAmortization": 40101000,
        "ebitda": 105523000,
        "ebitdaratio": 0.0553233588,
        "operatingIncome": 65421000,
        "operatingIncomeRatio": 0.0342987733,
        "totalOtherIncomeExpensesNet": -20474000,
        "incomeBeforeTax": 44947000,
        "incomeBeforeTaxRatio": 0.0235647111,
        "incomeTaxExpense": 13448000,
        "netIncome": 30651000,
        "netIncomeRatio": 0.0160696367,
        "eps": 0.43,
        "epsdiluted": 0.43,
        "weightedAverageShsOut": 110849785,
        "weightedAverageShsOutDil": 110849785,
        "link": "",
        "finalLink": ""
    },
    {
        "date": "2005-12-31",
        "symbol": "FTI",
        "reportedCurrency": "USD",
        "cik": "0001681459",
        "fillingDate": "2005-12-31",
        "acceptedDate": "2005-12-30 19:00:00",
        "calendarYear": "2005",
        "period": "Q4",
        "revenue": 3319416000,
        "costOfRevenue": 2995289000,
        "grossProfit": 324127000,
        "grossProfitRatio": 0.0976457907,
        "researchAndDevelopmentExpenses": 18210000,
        "generalAndAdministrativeExpenses": 184846000,
        "sellingAndMarketingExpenses": 0,
        "sellingGeneralAndAdministrativeExpenses": 184846000,
        "otherExpenses": -12428000,
        "operatingExpenses": 190628000,
        "costAndExpenses": 3185917000,
        "interestIncome": 0,
        "interestExpense": 0,
        "depreciationAndAmortization": 110946000,
        "ebitda": 245510000,
        "ebitdaratio": 0.0739618053,
        "operatingIncome": 133499000,
        "operatingIncomeRatio": 0.0402176166,
        "totalOtherIncomeExpensesNet": -62816000,
        "incomeBeforeTax": 70683000,
        "incomeBeforeTaxRatio": 0.0212938059,
        "incomeTaxExpense": 18072000,
        "netIncome": 44322000,
        "netIncomeRatio": 0.0133523487,
        "eps": 0.19,
        "epsdiluted": 0.42,
        "weightedAverageShsOut": 229285536,
        "weightedAverageShsOutDil": 106088309,
        "link": "",
        "finalLink": ""
    },
    {
        "date": "2005-09-30",
        "symbol": "FTI",
        "reportedCurrency": "USD",
        "cik": "0001681459",
        "fillingDate": "2005-09-30",
        "acceptedDate": "2005-09-29 20:00:00",
        "calendarYear": "2005",
        "period": "Q3",
        "revenue": 1754267000,
        "costOfRevenue": 1550082000,
        "grossProfit": 204185000,
        "grossProfitRatio": 0.1163933426,
        "researchAndDevelopmentExpenses": 6970000,
        "generalAndAdministrativeExpenses": 0,
        "sellingAndMarketingExpenses": 0,
        "sellingGeneralAndAdministrativeExpenses": 96384000,
        "otherExpenses": 0,
        "operatingExpenses": 103354000,
        "costAndExpenses": 1653436000,
        "interestIncome": 0,
        "interestExpense": 0,
        "depreciationAndAmortization": 43583000,
        "ebitda": 144413000,
        "ebitdaratio": 0.0823209922,
        "operatingIncome": 100831000,
        "operatingIncomeRatio": 0.0574775676,
        "totalOtherIncomeExpensesNet": -27161000,
        "incomeBeforeTax": 73670000,
        "incomeBeforeTaxRatio": 0.0419947477,
        "incomeTaxExpense": 23315000,
        "netIncome": 44346000,
        "netIncomeRatio": 0.0252789342,
        "eps": 0.5,
        "epsdiluted": 0.5,
        "weightedAverageShsOut": 114958932,
        "weightedAverageShsOutDil": 114958932,
        "link": "",
        "finalLink": ""
    },
    {
        "date": "2005-06-30",
        "symbol": "FTI",
        "reportedCurrency": "USD",
        "cik": "0001681459",
        "fillingDate": "2005-06-30",
        "acceptedDate": "2005-06-29 20:00:00",
        "calendarYear": "2005",
        "period": "Q2",
        "revenue": 1608126000,
        "costOfRevenue": 1432802000,
        "grossProfit": 175324000,
        "grossProfitRatio": 0.1090237954,
        "researchAndDevelopmentExpenses": 8337000,
        "generalAndAdministrativeExpenses": 87239000,
        "sellingAndMarketingExpenses": 0,
        "sellingGeneralAndAdministrativeExpenses": 87239000,
        "otherExpenses": 0,
        "operatingExpenses": 95576000,
        "costAndExpenses": 1528378000,
        "interestIncome": 0,
        "interestExpense": 19937000,
        "depreciationAndAmortization": 33588000,
        "ebitda": 113336000,
        "ebitdaratio": 0.0704770646,
        "operatingIncome": 79748000,
        "operatingIncomeRatio": 0.0495906415,
        "totalOtherIncomeExpensesNet": -19816000,
        "incomeBeforeTax": 59932000,
        "incomeBeforeTaxRatio": 0.037268224,
        "incomeTaxExpense": 19333000,
        "netIncome": 40236000,
        "netIncomeRatio": 0.0250204275,
        "eps": 0.42,
        "epsdiluted": 0.42,
        "weightedAverageShsOut": 114642768,
        "weightedAverageShsOutDil": 114642768,
        "link": "",
        "finalLink": ""
    },
    {
        "date": "2005-03-31",
        "symbol": "FTI",
        "reportedCurrency": "USD",
        "cik": "0001681459",
        "fillingDate": "2005-03-31",
        "acceptedDate": "2005-03-30 19:00:00",
        "calendarYear": "2005",
        "period": "Q1",
        "revenue": 1556645000,
        "costOfRevenue": 1381971000,
        "grossProfit": 174674000,
        "grossProfitRatio": 0.1122118402,
        "researchAndDevelopmentExpenses": 8941000,
        "generalAndAdministrativeExpenses": 0,
        "sellingAndMarketingExpenses": 0,
        "sellingGeneralAndAdministrativeExpenses": 100425000,
        "otherExpenses": 0,
        "operatingExpenses": 109366000,
        "costAndExpenses": 1491337000,
        "interestIncome": 0,
        "interestExpense": 0,
        "depreciationAndAmortization": 41206000,
        "ebitda": 106514000,
        "ebitdaratio": 0.0684253635,
        "operatingIncome": 65308000,
        "operatingIncomeRatio": 0.0419543313,
        "totalOtherIncomeExpensesNet": -22676000,
        "incomeBeforeTax": 42632000,
        "incomeBeforeTaxRatio": 0.027387105,
        "incomeTaxExpense": 15290000,
        "netIncome": 28119000,
        "netIncomeRatio": 0.0180638489,
        "eps": 0.33,
        "epsdiluted": 0.33,
        "weightedAverageShsOut": 115029300,
        "weightedAverageShsOutDil": 115029300,
        "link": "",
        "finalLink": ""
    },
    {
        "date": "2004-12-31",
        "symbol": "FTI",
        "reportedCurrency": "USD",
        "cik": "0001681459",
        "fillingDate": "2004-12-31",
        "acceptedDate": "2004-12-30 19:00:00",
        "calendarYear": "2004",
        "period": "Q4",
        "revenue": 2208998000,
        "costOfRevenue": 1656161000,
        "grossProfit": 552837000,
        "grossProfitRatio": 0.2502659577,
        "researchAndDevelopmentExpenses": 0,
        "generalAndAdministrativeExpenses": 0,
        "sellingAndMarketingExpenses": 0,
        "sellingGeneralAndAdministrativeExpenses": 0,
        "otherExpenses": 446484000,
        "operatingExpenses": 446484000,
        "costAndExpenses": 2102645000,
        "interestIncome": 0,
        "interestExpense": 0,
        "depreciationAndAmortization": 113169000,
        "ebitda": 219522000,
        "ebitdaratio": 0.0993762783,
        "operatingIncome": 106353000,
        "operatingIncomeRatio": 0.0481453582,
        "totalOtherIncomeExpensesNet": -194928000,
        "incomeBeforeTax": -88575000,
        "incomeBeforeTaxRatio": -0.0400973654,
        "incomeTaxExpense": 24912000,
        "netIncome": -1590000,
        "netIncomeRatio": -0.0007197834,
        "eps": -0.0068,
        "epsdiluted": -0.0135,
        "weightedAverageShsOut": 232132128,
        "weightedAverageShsOutDil": 118164650,
        "link": "",
        "finalLink": ""
    },
    {
        "date": "2004-09-30",
        "symbol": "FTI",
        "reportedCurrency": "USD",
        "cik": "0001681459",
        "fillingDate": "2004-09-30",
        "acceptedDate": "2004-09-29 20:00:00",
        "calendarYear": "2004",
        "period": "Q3",
        "revenue": 1620642000,
        "costOfRevenue": 1491463000,
        "grossProfit": 129179000,
        "grossProfitRatio": 0.0797085353,
        "researchAndDevelopmentExpenses": 0,
        "generalAndAdministrativeExpenses": 0,
        "sellingAndMarketingExpenses": 0,
        "sellingGeneralAndAdministrativeExpenses": 0,
        "otherExpenses": 35559000,
        "operatingExpenses": 35559000,
        "costAndExpenses": 1527022000,
        "interestIncome": 0,
        "interestExpense": 0,
        "depreciationAndAmortization": 75277000,
        "ebitda": 168897000,
        "ebitdaratio": 0.104216107,
        "operatingIncome": 93620000,
        "operatingIncomeRatio": 0.0577672305,
        "totalOtherIncomeExpensesNet": -26357000,
        "incomeBeforeTax": 67263000,
        "incomeBeforeTaxRatio": 0.0415039225,
        "incomeTaxExpense": 23623000,
        "netIncome": 6341000,
        "netIncomeRatio": 0.003912647,
        "eps": 0.0273,
        "epsdiluted": 0.0537,
        "weightedAverageShsOut": 232132128,
        "weightedAverageShsOutDil": 118164650,
        "link": "",
        "finalLink": ""
    },
    {
        "date": "2004-06-30",
        "symbol": "FTI",
        "reportedCurrency": "USD",
        "cik": "0001681459",
        "fillingDate": "2004-06-30",
        "acceptedDate": "2004-06-29 20:00:00",
        "calendarYear": "2004",
        "period": "Q2",
        "revenue": 1548957000,
        "costOfRevenue": 1426864000,
        "grossProfit": 122093000,
        "grossProfitRatio": 0.0788227175,
        "researchAndDevelopmentExpenses": 0,
        "generalAndAdministrativeExpenses": 0,
        "sellingAndMarketingExpenses": 0,
        "sellingGeneralAndAdministrativeExpenses": 0,
        "otherExpenses": 35823000,
        "operatingExpenses": 35823000,
        "costAndExpenses": 1462687000,
        "interestIncome": 0,
        "interestExpense": 0,
        "depreciationAndAmortization": 70818000,
        "ebitda": 157796000,
        "ebitdaratio": 0.1018724212,
        "operatingIncome": 86270000,
        "operatingIncomeRatio": 0.0556955422,
        "totalOtherIncomeExpensesNet": -23030000,
        "incomeBeforeTax": 63240000,
        "incomeBeforeTaxRatio": 0.0408274729,
        "incomeTaxExpense": 22177000,
        "netIncome": 5605000,
        "netIncomeRatio": 0.003618564,
        "eps": 0.0241,
        "epsdiluted": 0.0474,
        "weightedAverageShsOut": 232137456,
        "weightedAverageShsOutDil": 118164650,
        "link": "",
        "finalLink": ""
    },
    {
        "date": "2004-03-31",
        "symbol": "FTI",
        "reportedCurrency": "USD",
        "cik": "0001681459",
        "fillingDate": "2004-03-31",
        "acceptedDate": "2004-03-30 19:00:00",
        "calendarYear": "2004",
        "period": "Q1",
        "revenue": 1537879000,
        "costOfRevenue": 1439808000,
        "grossProfit": 98071000,
        "grossProfitRatio": 0.0637702966,
        "researchAndDevelopmentExpenses": 0,
        "generalAndAdministrativeExpenses": 0,
        "sellingAndMarketingExpenses": 0,
        "sellingGeneralAndAdministrativeExpenses": 0,
        "otherExpenses": 36546000,
        "operatingExpenses": 36546000,
        "costAndExpenses": 1476354000,
        "interestIncome": 0,
        "interestExpense": 0,
        "depreciationAndAmortization": 72477000,
        "ebitda": 134002000,
        "ebitdaratio": 0.0871342934,
        "operatingIncome": 61525000,
        "operatingIncomeRatio": 0.0400063984,
        "totalOtherIncomeExpensesNet": -12674000,
        "incomeBeforeTax": 48851000,
        "incomeBeforeTaxRatio": 0.0317651779,
        "incomeTaxExpense": 16981000,
        "netIncome": -4061000,
        "netIncomeRatio": -0.0026406499,
        "eps": -0.0175,
        "epsdiluted": -0.0344,
        "weightedAverageShsOut": 231731600,
        "weightedAverageShsOutDil": 118164650,
        "link": "",
        "finalLink": ""
    },
    {
        "date": "2003-12-31",
        "symbol": "FTI",
        "reportedCurrency": "USD",
        "cik": "0001681459",
        "fillingDate": "2003-12-31",
        "acceptedDate": "2003-12-30 19:00:00",
        "calendarYear": "2003",
        "period": "Q4",
        "revenue": 1939528000,
        "costOfRevenue": 1333302000,
        "grossProfit": 606226000,
        "grossProfitRatio": 0.3125636753,
        "researchAndDevelopmentExpenses": 0,
        "generalAndAdministrativeExpenses": 0,
        "sellingAndMarketingExpenses": 0,
        "sellingGeneralAndAdministrativeExpenses": 0,
        "otherExpenses": 517404000,
        "operatingExpenses": 517404000,
        "costAndExpenses": 1850706000,
        "interestIncome": 0,
        "interestExpense": 0,
        "depreciationAndAmortization": 115878000,
        "ebitda": 277721000,
        "ebitdaratio": 0.1431899926,
        "operatingIncome": 88822000,
        "operatingIncomeRatio": 0.0457956781,
        "totalOtherIncomeExpensesNet": -178346000,
        "incomeBeforeTax": -89524000,
        "incomeBeforeTaxRatio": -0.0461576219,
        "incomeTaxExpense": 35066000,
        "netIncome": -5897000,
        "netIncomeRatio": -0.0030404305,
        "eps": -0.025,
        "epsdiluted": -0.0499,
        "weightedAverageShsOut": 235669160,
        "weightedAverageShsOutDil": 118164650,
        "link": "",
        "finalLink": ""
    },
    {
        "date": "2003-09-30",
        "symbol": "FTI",
        "reportedCurrency": "USD",
        "cik": "0001681459",
        "fillingDate": "2003-09-30",
        "acceptedDate": "2003-09-29 20:00:00",
        "calendarYear": "2003",
        "period": "Q3",
        "revenue": 1463571000,
        "costOfRevenue": 1344412000,
        "grossProfit": 119159000,
        "grossProfitRatio": 0.0814166173,
        "researchAndDevelopmentExpenses": 0,
        "generalAndAdministrativeExpenses": 0,
        "sellingAndMarketingExpenses": 0,
        "sellingGeneralAndAdministrativeExpenses": 0,
        "otherExpenses": 34478000,
        "operatingExpenses": 34478000,
        "costAndExpenses": 1378890000,
        "interestIncome": 0,
        "interestExpense": 0,
        "depreciationAndAmortization": 68607000,
        "ebitda": 153288000,
        "ebitdaratio": 0.104735609,
        "operatingIncome": 84681000,
        "operatingIncomeRatio": 0.0578591677,
        "totalOtherIncomeExpensesNet": -12231000,
        "incomeBeforeTax": 72450000,
        "incomeBeforeTaxRatio": 0.0495022107,
        "incomeTaxExpense": 24577000,
        "netIncome": 2679000,
        "netIncomeRatio": 0.0018304544,
        "eps": 0.0114,
        "epsdiluted": 0.0227,
        "weightedAverageShsOut": 235669160,
        "weightedAverageShsOutDil": 118164650,
        "link": "",
        "finalLink": ""
    },
    {
        "date": "2003-06-30",
        "symbol": "FTI",
        "reportedCurrency": "USD",
        "cik": "0001681459",
        "fillingDate": "2003-06-30",
        "acceptedDate": "2003-06-29 20:00:00",
        "calendarYear": "2003",
        "period": "Q2",
        "revenue": 1221668000,
        "costOfRevenue": 1129107000,
        "grossProfit": 92561000,
        "grossProfitRatio": 0.0757660837,
        "researchAndDevelopmentExpenses": 0,
        "generalAndAdministrativeExpenses": 0,
        "sellingAndMarketingExpenses": 0,
        "sellingGeneralAndAdministrativeExpenses": 0,
        "otherExpenses": 32500000,
        "operatingExpenses": 32500000,
        "costAndExpenses": 1161607000,
        "interestIncome": 0,
        "interestExpense": 0,
        "depreciationAndAmortization": 65689000,
        "ebitda": 125750000,
        "ebitdaratio": 0.1029330391,
        "operatingIncome": 60061000,
        "operatingIncomeRatio": 0.0491631114,
        "totalOtherIncomeExpensesNet": -9072000,
        "incomeBeforeTax": 50989000,
        "incomeBeforeTaxRatio": 0.0417371986,
        "incomeTaxExpense": 26184000,
        "netIncome": -17226000,
        "netIncomeRatio": -0.0141003939,
        "eps": -0.0749,
        "epsdiluted": -0.15,
        "weightedAverageShsOut": 229968416,
        "weightedAverageShsOutDil": 118164650,
        "link": "",
        "finalLink": ""
    },
    {
        "date": "2003-03-31",
        "symbol": "FTI",
        "reportedCurrency": "USD",
        "cik": "0001681459",
        "fillingDate": "2003-03-31",
        "acceptedDate": "2003-03-30 19:00:00",
        "calendarYear": "2003",
        "period": "Q1",
        "revenue": 1197906000,
        "costOfRevenue": 1116949000,
        "grossProfit": 80957000,
        "grossProfitRatio": 0.0675820974,
        "researchAndDevelopmentExpenses": 0,
        "generalAndAdministrativeExpenses": 0,
        "sellingAndMarketingExpenses": 0,
        "sellingGeneralAndAdministrativeExpenses": 0,
        "otherExpenses": 32579000,
        "operatingExpenses": 32579000,
        "costAndExpenses": 1149528000,
        "interestIncome": 0,
        "interestExpense": 0,
        "depreciationAndAmortization": 61235000,
        "ebitda": 109613000,
        "ebitdaratio": 0.0915038409,
        "operatingIncome": 48378000,
        "operatingIncomeRatio": 0.0403854726,
        "totalOtherIncomeExpensesNet": -7736000,
        "incomeBeforeTax": 40642000,
        "incomeBeforeTaxRatio": 0.0339275369,
        "incomeTaxExpense": 15799000,
        "netIncome": -3813000,
        "netIncomeRatio": -0.0031830544,
        "eps": -0.0165,
        "epsdiluted": -0.0323,
        "weightedAverageShsOut": 231459000,
        "weightedAverageShsOutDil": 118164650,
        "link": "",
        "finalLink": ""
    },
    {
        "date": "2002-12-31",
        "symbol": "FTI",
        "reportedCurrency": "USD",
        "cik": "0001681459",
        "fillingDate": "2002-12-31",
        "acceptedDate": "2002-12-30 19:00:00",
        "calendarYear": "2002",
        "period": "Q4",
        "revenue": 1414162000,
        "costOfRevenue": 933380000,
        "grossProfit": 480781000,
        "grossProfitRatio": 0.3399759009,
        "researchAndDevelopmentExpenses": 0,
        "generalAndAdministrativeExpenses": 0,
        "sellingAndMarketingExpenses": 0,
        "sellingGeneralAndAdministrativeExpenses": 0,
        "otherExpenses": 534307000,
        "operatingExpenses": 534307000,
        "costAndExpenses": 1467687000,
        "interestIncome": 0,
        "interestExpense": 0,
        "depreciationAndAmortization": 83066000,
        "ebitda": 113282000,
        "ebitdaratio": 0.080105391,
        "operatingIncome": -53525000,
        "operatingIncomeRatio": -0.0378492705,
        "totalOtherIncomeExpensesNet": -48166000,
        "incomeBeforeTax": -101691000,
        "incomeBeforeTaxRatio": -0.0719090175,
        "incomeTaxExpense": 14503000,
        "netIncome": -11350000,
        "netIncomeRatio": -0.0080259546,
        "eps": -0.0506,
        "epsdiluted": -0.0961,
        "weightedAverageShsOut": 224289616,
        "weightedAverageShsOutDil": 118164650,
        "link": "",
        "finalLink": ""
    },
    {
        "date": "2002-09-30",
        "symbol": "FTI",
        "reportedCurrency": "USD",
        "cik": "0001681459",
        "fillingDate": "2002-09-30",
        "acceptedDate": "2002-09-29 20:00:00",
        "calendarYear": "2002",
        "period": "Q3",
        "revenue": 1119056000,
        "costOfRevenue": 1029303000,
        "grossProfit": 89753000,
        "grossProfitRatio": 0.0802042078,
        "researchAndDevelopmentExpenses": 0,
        "generalAndAdministrativeExpenses": 0,
        "sellingAndMarketingExpenses": 0,
        "sellingGeneralAndAdministrativeExpenses": 0,
        "otherExpenses": 31759000,
        "operatingExpenses": 31759000,
        "costAndExpenses": 1061062000,
        "interestIncome": 0,
        "interestExpense": 0,
        "depreciationAndAmortization": 31759000,
        "ebitda": 89753000,
        "ebitdaratio": 0.0802042078,
        "operatingIncome": 57994000,
        "operatingIncomeRatio": 0.0518240374,
        "totalOtherIncomeExpensesNet": -5227000,
        "incomeBeforeTax": 52767000,
        "incomeBeforeTaxRatio": 0.0471531362,
        "incomeTaxExpense": 9962000,
        "netIncome": 7397000,
        "netIncomeRatio": 0.0066100356,
        "eps": 0.066,
        "epsdiluted": 0.066,
        "weightedAverageShsOut": 112144808,
        "weightedAverageShsOutDil": 112144808,
        "link": "",
        "finalLink": ""
    },
    {
        "date": "2002-06-30",
        "symbol": "FTI",
        "reportedCurrency": "USD",
        "cik": "0001681459",
        "fillingDate": "2002-06-30",
        "acceptedDate": "2002-06-30 00:00:00",
        "calendarYear": "2002",
        "period": "Q2",
        "revenue": 1088104000,
        "costOfRevenue": 996561000,
        "grossProfit": 91543000,
        "grossProfitRatio": 0.0841307449,
        "researchAndDevelopmentExpenses": 0,
        "generalAndAdministrativeExpenses": 0,
        "sellingAndMarketingExpenses": 0,
        "sellingGeneralAndAdministrativeExpenses": 0,
        "otherExpenses": 32333000,
        "operatingExpenses": 32333000,
        "costAndExpenses": 1028894000,
        "interestIncome": 0,
        "interestExpense": 0,
        "depreciationAndAmortization": 37788000,
        "ebitda": 96998000,
        "ebitdaratio": 0.0891440524,
        "operatingIncome": 59210000,
        "operatingIncomeRatio": 0.0544157544,
        "totalOtherIncomeExpensesNet": -50978000,
        "incomeBeforeTax": 8232000,
        "incomeBeforeTaxRatio": 0.0075654533,
        "incomeTaxExpense": 22316000,
        "netIncome": -8529000,
        "netIncomeRatio": -0.0078384052,
        "eps": -0.0796,
        "epsdiluted": -0.0728,
        "weightedAverageShsOut": 107141372,
        "weightedAverageShsOutDil": 117234404,
        "link": null,
        "finalLink": null
    },
    {
        "date": "2002-03-31",
        "symbol": "FTI",
        "reportedCurrency": "USD",
        "cik": "0001681459",
        "fillingDate": "2002-03-31",
        "acceptedDate": "2002-03-30 19:00:00",
        "calendarYear": "2002",
        "period": "Q1",
        "revenue": 936720000,
        "costOfRevenue": 874022000,
        "grossProfit": 62698000,
        "grossProfitRatio": 0.0669335554,
        "researchAndDevelopmentExpenses": 0,
        "generalAndAdministrativeExpenses": 0,
        "sellingAndMarketingExpenses": 0,
        "sellingGeneralAndAdministrativeExpenses": 0,
        "otherExpenses": 58953000,
        "operatingExpenses": 58953000,
        "costAndExpenses": 932975000,
        "interestIncome": 0,
        "interestExpense": 0,
        "depreciationAndAmortization": 58518000,
        "ebitda": 62263000,
        "ebitdaratio": 0.066469169,
        "operatingIncome": 3745000,
        "operatingIncomeRatio": 0.003997993,
        "totalOtherIncomeExpensesNet": -13585000,
        "incomeBeforeTax": -9840000,
        "incomeBeforeTaxRatio": -0.0105047399,
        "incomeTaxExpense": 1742000,
        "netIncome": -11582000,
        "netIncomeRatio": -0.0123644205,
        "eps": -0.11,
        "epsdiluted": -0.1,
        "weightedAverageShsOut": 106946792,
        "weightedAverageShsOutDil": 113942860,
        "link": "",
        "finalLink": ""
    },
    {
        "date": "2001-12-31",
        "symbol": "FTI",
        "reportedCurrency": "USD",
        "cik": "0001681459",
        "fillingDate": "2022-02-23",
        "acceptedDate": "2022-02-23 16:18:16",
        "calendarYear": "2001",
        "period": "Q4",
        "revenue": 1967100000,
        "costOfRevenue": 1813200000,
        "grossProfit": 153900000,
        "grossProfitRatio": 0.0782369986,
        "researchAndDevelopmentExpenses": 0,
        "generalAndAdministrativeExpenses": 0,
        "sellingAndMarketingExpenses": 0,
        "sellingGeneralAndAdministrativeExpenses": 25800000,
        "otherExpenses": -69100000,
        "operatingExpenses": -43300000,
        "costAndExpenses": 1769900000,
        "interestIncome": 0,
        "interestExpense": 0,
        "depreciationAndAmortization": 13300000,
        "ebitda": 210500000,
        "ebitdaratio": 0.1070103198,
        "operatingIncome": 197200000,
        "operatingIncomeRatio": 0.1002490977,
        "totalOtherIncomeExpensesNet": -91200000,
        "incomeBeforeTax": 106000000,
        "incomeBeforeTaxRatio": 0.0538864318,
        "incomeTaxExpense": 39600000,
        "netIncome": 66400000,
        "netIncomeRatio": 0.0337552743,
        "eps": 0.45,
        "epsdiluted": 0.45,
        "weightedAverageShsOut": 148842368,
        "weightedAverageShsOutDil": 148842368,
        "link": "https://www.sec.gov/Archives/edgar/data/1681459/000168145922000002/0001681459-22-000002-index.htm",
        "finalLink": "https://www.sec.gov/Archives/edgar/data/1681459/000168145922000002/technipfmc20211231-8kerex.htm"
    },
    {
        "date": "2001-09-30",
        "symbol": "FTI",
        "reportedCurrency": "USD",
        "cik": "0001681459",
        "fillingDate": "2022-10-26",
        "acceptedDate": "2022-10-26 16:18:08",
        "calendarYear": "2001",
        "period": "Q3",
        "revenue": 441500000,
        "costOfRevenue": 372800000,
        "grossProfit": 68700000,
        "grossProfitRatio": 0.155605889,
        "researchAndDevelopmentExpenses": 0,
        "generalAndAdministrativeExpenses": 0,
        "sellingAndMarketingExpenses": 0,
        "sellingGeneralAndAdministrativeExpenses": 40800000,
        "otherExpenses": 30100000,
        "operatingExpenses": 70900000,
        "costAndExpenses": 443700000,
        "interestIncome": 0,
        "interestExpense": 0,
        "depreciationAndAmortization": 30100000,
        "ebitda": 27900000,
        "ebitdaratio": 0.063193658,
        "operatingIncome": -2200000,
        "operatingIncomeRatio": -0.0049830125,
        "totalOtherIncomeExpensesNet": -4100000,
        "incomeBeforeTax": -6300000,
        "incomeBeforeTaxRatio": -0.0142695357,
        "incomeTaxExpense": -2300000,
        "netIncome": -4000000,
        "netIncomeRatio": -0.0090600227,
        "eps": -0.0269,
        "epsdiluted": -0.0266,
        "weightedAverageShsOut": 148842368,
        "weightedAverageShsOutDil": 150611248,
        "link": "https://www.sec.gov/Archives/edgar/data/1681459/000168145922000057/0001681459-22-000057-index.htm",
        "finalLink": "https://www.sec.gov/Archives/edgar/data/1681459/000168145922000057/technipfmc2022930-8kerex.htm"
    }
]