[
    {
        "date": "2025-06-30",
        "symbol": "G",
        "reportedCurrency": "USD",
        "cik": "0001398659",
        "fillingDate": "2025-08-11",
        "acceptedDate": "2025-08-11 13:13:17",
        "calendarYear": "2025",
        "period": "Q2",
        "revenue": 1254418000,
        "costOfRevenue": 804350000,
        "grossProfit": 450068000,
        "grossProfitRatio": 0.3587863057,
        "researchAndDevelopmentExpenses": 0,
        "generalAndAdministrativeExpenses": 0,
        "sellingAndMarketingExpenses": 0,
        "sellingGeneralAndAdministrativeExpenses": 266393000,
        "otherExpenses": 4273000,
        "operatingExpenses": 270666000,
        "costAndExpenses": 1075016000,
        "interestIncome": 4534000,
        "interestExpense": 18019000,
        "depreciationAndAmortization": 21514000,
        "ebitda": 216271000,
        "ebitdaratio": 0.1724074431,
        "operatingIncome": 179402000,
        "operatingIncomeRatio": 0.1430161238,
        "totalOtherIncomeExpensesNet": -2664000,
        "incomeBeforeTax": 176738000,
        "incomeBeforeTaxRatio": 0.1408924298,
        "incomeTaxExpense": 44022000,
        "netIncome": 132716000,
        "netIncomeRatio": 0.1057988645,
        "eps": 0.76,
        "epsdiluted": 0.75,
        "weightedAverageShsOut": 174611241,
        "weightedAverageShsOutDil": 177052346,
        "link": "https://www.sec.gov/Archives/edgar/data/1398659/000139865925000098/0001398659-25-000098-index.htm",
        "finalLink": "https://www.sec.gov/Archives/edgar/data/1398659/000139865925000098/g-20250630.htm"
    },
    {
        "date": "2025-03-31",
        "symbol": "G",
        "reportedCurrency": "USD",
        "cik": "0001398659",
        "fillingDate": "2025-05-12",
        "acceptedDate": "2025-05-12 14:48:08",
        "calendarYear": "2025",
        "period": "Q1",
        "revenue": 1214926000,
        "costOfRevenue": 785932000,
        "grossProfit": 428994000,
        "grossProfitRatio": 0.3531029873,
        "researchAndDevelopmentExpenses": 0,
        "generalAndAdministrativeExpenses": 0,
        "sellingAndMarketingExpenses": 0,
        "sellingGeneralAndAdministrativeExpenses": 241084000,
        "otherExpenses": 4208000,
        "operatingExpenses": 245292000,
        "costAndExpenses": 1031224000,
        "interestIncome": 6255000,
        "interestExpense": 17701000,
        "depreciationAndAmortization": 21212000,
        "ebitda": 214136000,
        "ebitdaratio": 0.1762543562,
        "operatingIncome": 183702000,
        "operatingIncomeRatio": 0.1512042709,
        "totalOtherIncomeExpensesNet": -8479000,
        "incomeBeforeTax": 175223000,
        "incomeBeforeTaxRatio": 0.144225245,
        "incomeTaxExpense": 44370000,
        "netIncome": 130853000,
        "netIncomeRatio": 0.1077045022,
        "eps": 0.75,
        "epsdiluted": 0.73,
        "weightedAverageShsOut": 175528308,
        "weightedAverageShsOutDil": 178435142,
        "link": "https://www.sec.gov/Archives/edgar/data/1398659/000139865925000059/0001398659-25-000059-index.htm",
        "finalLink": "https://www.sec.gov/Archives/edgar/data/1398659/000139865925000059/g-20250331.htm"
    },
    {
        "date": "2024-12-31",
        "symbol": "G",
        "reportedCurrency": "USD",
        "cik": "0001398659",
        "fillingDate": "2025-03-03",
        "acceptedDate": "2025-03-03 13:47:19",
        "calendarYear": "2024",
        "period": "Q4",
        "revenue": 1248741000,
        "costOfRevenue": 802969000,
        "grossProfit": 445772000,
        "grossProfitRatio": 0.3569771474,
        "researchAndDevelopmentExpenses": 0,
        "generalAndAdministrativeExpenses": 0,
        "sellingAndMarketingExpenses": 0,
        "sellingGeneralAndAdministrativeExpenses": 249157000,
        "otherExpenses": 6441000,
        "operatingExpenses": 255598000,
        "costAndExpenses": 1058567000,
        "interestIncome": 9575000,
        "interestExpense": 20622000,
        "depreciationAndAmortization": 24444000,
        "ebitda": 227614000,
        "ebitdaratio": 0.1822747872,
        "operatingIncome": 190174000,
        "operatingIncomeRatio": 0.1522925891,
        "totalOtherIncomeExpensesNet": -7626000,
        "incomeBeforeTax": 182548000,
        "incomeBeforeTaxRatio": 0.1461856382,
        "incomeTaxExpense": 40633000,
        "netIncome": 141915000,
        "netIncomeRatio": 0.1136464647,
        "eps": 0.8,
        "epsdiluted": 0.79,
        "weightedAverageShsOut": 178385972,
        "weightedAverageShsOutDil": 180436900,
        "link": "https://www.sec.gov/Archives/edgar/data/1398659/000139865925000035/0001398659-25-000035-index.htm",
        "finalLink": "https://www.sec.gov/Archives/edgar/data/1398659/000139865925000035/g-20241231.htm"
    },
    {
        "date": "2024-09-30",
        "symbol": "G",
        "reportedCurrency": "USD",
        "cik": "0001398659",
        "fillingDate": "2024-11-12",
        "acceptedDate": "2024-11-12 12:21:59",
        "calendarYear": "2024",
        "period": "Q3",
        "revenue": 1210949000,
        "costOfRevenue": 779511000,
        "grossProfit": 431438000,
        "grossProfitRatio": 0.3562809004,
        "researchAndDevelopmentExpenses": 0,
        "generalAndAdministrativeExpenses": 0,
        "sellingAndMarketingExpenses": 0,
        "sellingGeneralAndAdministrativeExpenses": 243315000,
        "otherExpenses": 6473000,
        "operatingExpenses": 249788000,
        "costAndExpenses": 1029299000,
        "interestIncome": 10323000,
        "interestExpense": 22710000,
        "depreciationAndAmortization": 23783000,
        "ebitda": 221980000,
        "ebitdaratio": 0.1833107753,
        "operatingIncome": 181650000,
        "operatingIncomeRatio": 0.1500063174,
        "totalOtherIncomeExpensesNet": -6163000,
        "incomeBeforeTax": 175487000,
        "incomeBeforeTaxRatio": 0.1449169205,
        "incomeTaxExpense": 42669000,
        "netIncome": 132818000,
        "netIncomeRatio": 0.1096809197,
        "eps": 0.75,
        "epsdiluted": 0.73,
        "weightedAverageShsOut": 177595400,
        "weightedAverageShsOutDil": 180854682,
        "link": "https://www.sec.gov/Archives/edgar/data/1398659/000139865924000100/0001398659-24-000100-index.htm",
        "finalLink": "https://www.sec.gov/Archives/edgar/data/1398659/000139865924000100/g-20240930.htm"
    },
    {
        "date": "2024-06-30",
        "symbol": "G",
        "reportedCurrency": "USD",
        "cik": "0001398659",
        "fillingDate": "2024-08-09",
        "acceptedDate": "2024-08-09 12:46:31",
        "calendarYear": "2024",
        "period": "Q2",
        "revenue": 1176212000,
        "costOfRevenue": 759834000,
        "grossProfit": 416378000,
        "grossProfitRatio": 0.353999109,
        "researchAndDevelopmentExpenses": 0,
        "generalAndAdministrativeExpenses": 0,
        "sellingAndMarketingExpenses": 0,
        "sellingGeneralAndAdministrativeExpenses": 239642000,
        "otherExpenses": 6485000,
        "operatingExpenses": 246127000,
        "costAndExpenses": 1005961000,
        "interestIncome": 6003000,
        "interestExpense": 19541000,
        "depreciationAndAmortization": 23820000,
        "ebitda": 205778000,
        "ebitdaratio": 0.174949754,
        "operatingIncome": 170251000,
        "operatingIncomeRatio": 0.144745165,
        "totalOtherIncomeExpensesNet": -7834000,
        "incomeBeforeTax": 162417000,
        "incomeBeforeTaxRatio": 0.138084801,
        "incomeTaxExpense": 40427000,
        "netIncome": 121990000,
        "netIncomeRatio": 0.1037142964,
        "eps": 0.68,
        "epsdiluted": 0.67,
        "weightedAverageShsOut": 179651702,
        "weightedAverageShsOutDil": 180912267,
        "link": "https://www.sec.gov/Archives/edgar/data/1398659/000139865924000088/0001398659-24-000088-index.htm",
        "finalLink": "https://www.sec.gov/Archives/edgar/data/1398659/000139865924000088/g-20240630.htm"
    },
    {
        "date": "2024-03-31",
        "symbol": "G",
        "reportedCurrency": "USD",
        "cik": "0001398659",
        "fillingDate": "2024-05-10",
        "acceptedDate": "2024-05-10 12:59:06",
        "calendarYear": "2024",
        "period": "Q1",
        "revenue": 1131237000,
        "costOfRevenue": 734759000,
        "grossProfit": 396478000,
        "grossProfitRatio": 0.3504818177,
        "researchAndDevelopmentExpenses": 0,
        "generalAndAdministrativeExpenses": 0,
        "sellingAndMarketingExpenses": 0,
        "sellingGeneralAndAdministrativeExpenses": 235031000,
        "otherExpenses": 1461000,
        "operatingExpenses": 236492000,
        "costAndExpenses": 971251000,
        "interestIncome": 6392000,
        "interestExpense": 16634000,
        "depreciationAndAmortization": 24207000,
        "ebitda": 197209000,
        "ebitdaratio": 0.1743304011,
        "operatingIncome": 159986000,
        "operatingIncomeRatio": 0.1414257136,
        "totalOtherIncomeExpensesNet": -3618000,
        "incomeBeforeTax": 156368000,
        "incomeBeforeTaxRatio": 0.1382274448,
        "incomeTaxExpense": 39421000,
        "netIncome": 116947000,
        "netIncomeRatio": 0.1033797515,
        "eps": 0.65,
        "epsdiluted": 0.64,
        "weightedAverageShsOut": 180416537,
        "weightedAverageShsOutDil": 181937555,
        "link": "https://www.sec.gov/Archives/edgar/data/1398659/000139865924000080/0001398659-24-000080-index.htm",
        "finalLink": "https://www.sec.gov/Archives/edgar/data/1398659/000139865924000080/g-20240331.htm"
    },
    {
        "date": "2023-12-31",
        "symbol": "G",
        "reportedCurrency": "USD",
        "cik": "0001398659",
        "fillingDate": "2024-02-29",
        "acceptedDate": "2024-02-29 14:37:57",
        "calendarYear": "2023",
        "period": "Q4",
        "revenue": 1146253000,
        "costOfRevenue": 738699000,
        "grossProfit": 407554000,
        "grossProfitRatio": 0.3555532679,
        "researchAndDevelopmentExpenses": 0,
        "generalAndAdministrativeExpenses": 0,
        "sellingAndMarketingExpenses": 0,
        "sellingGeneralAndAdministrativeExpenses": 237419000,
        "otherExpenses": 7403000,
        "operatingExpenses": 244822000,
        "costAndExpenses": 983521000,
        "interestIncome": 5368000,
        "interestExpense": 18283000,
        "depreciationAndAmortization": 25574000,
        "ebitda": 202331000,
        "ebitdaratio": 0.1765151323,
        "operatingIncome": 162732000,
        "operatingIncomeRatio": 0.1419686579,
        "totalOtherIncomeExpensesNet": -4258000,
        "incomeBeforeTax": 158474000,
        "incomeBeforeTaxRatio": 0.1382539457,
        "incomeTaxExpense": -132835000,
        "netIncome": 291309000,
        "netIncomeRatio": 0.2541402291,
        "eps": 1.61,
        "epsdiluted": 1.59,
        "weightedAverageShsOut": 180956638,
        "weightedAverageShsOutDil": 183354187,
        "link": "https://www.sec.gov/Archives/edgar/data/1398659/000139865924000031/0001398659-24-000031-index.htm",
        "finalLink": "https://www.sec.gov/Archives/edgar/data/1398659/000139865924000031/g-20231231.htm"
    },
    {
        "date": "2023-09-30",
        "symbol": "G",
        "reportedCurrency": "USD",
        "cik": "0001398659",
        "fillingDate": "2023-11-09",
        "acceptedDate": "2023-11-09 12:13:54",
        "calendarYear": "2023",
        "period": "Q3",
        "revenue": 1135792000,
        "costOfRevenue": 732962000,
        "grossProfit": 402830000,
        "grossProfitRatio": 0.3546688126,
        "researchAndDevelopmentExpenses": 0,
        "generalAndAdministrativeExpenses": 0,
        "sellingAndMarketingExpenses": 0,
        "sellingGeneralAndAdministrativeExpenses": 229731000,
        "otherExpenses": 7406000,
        "operatingExpenses": 237137000,
        "costAndExpenses": 970099000,
        "interestIncome": 4582000,
        "interestExpense": 17837000,
        "depreciationAndAmortization": 25062000,
        "ebitda": 197804000,
        "ebitdaratio": 0.174155127,
        "operatingIncome": 165693000,
        "operatingIncomeRatio": 0.1458832251,
        "totalOtherIncomeExpensesNet": -10788000,
        "incomeBeforeTax": 154905000,
        "incomeBeforeTaxRatio": 0.1363850071,
        "incomeTaxExpense": 37312000,
        "netIncome": 117593000,
        "netIncomeRatio": 0.1035339217,
        "eps": 0.65,
        "epsdiluted": 0.64,
        "weightedAverageShsOut": 181399897,
        "weightedAverageShsOutDil": 183801791,
        "link": "https://www.sec.gov/Archives/edgar/data/1398659/000139865923000035/0001398659-23-000035-index.htm",
        "finalLink": "https://www.sec.gov/Archives/edgar/data/1398659/000139865923000035/g-20230930.htm"
    },
    {
        "date": "2023-06-30",
        "symbol": "G",
        "reportedCurrency": "USD",
        "cik": "0001398659",
        "fillingDate": "2023-08-09",
        "acceptedDate": "2023-08-09 16:07:59",
        "calendarYear": "2023",
        "period": "Q2",
        "revenue": 1105524000,
        "costOfRevenue": 715484000,
        "grossProfit": 390040000,
        "grossProfitRatio": 0.3528100702,
        "researchAndDevelopmentExpenses": 0,
        "generalAndAdministrativeExpenses": 0,
        "sellingAndMarketingExpenses": 0,
        "sellingGeneralAndAdministrativeExpenses": 229426000,
        "otherExpenses": 3294000,
        "operatingExpenses": 232720000,
        "costAndExpenses": 948204000,
        "interestIncome": 3497000,
        "interestExpense": 15635000,
        "depreciationAndAmortization": 26345000,
        "ebitda": 192350000,
        "ebitdaratio": 0.1739898908,
        "operatingIncome": 157320000,
        "operatingIncomeRatio": 0.1423035592,
        "totalOtherIncomeExpensesNet": -6950000,
        "incomeBeforeTax": 150370000,
        "incomeBeforeTaxRatio": 0.1360169476,
        "incomeTaxExpense": 34118000,
        "netIncome": 116252000,
        "netIncomeRatio": 0.1051555642,
        "eps": 0.63,
        "epsdiluted": 0.63,
        "weightedAverageShsOut": 183230252,
        "weightedAverageShsOutDil": 185825117,
        "link": "https://www.sec.gov/Archives/edgar/data/1398659/000139865923000026/0001398659-23-000026-index.htm",
        "finalLink": "https://www.sec.gov/Archives/edgar/data/1398659/000139865923000026/g-20230630.htm"
    },
    {
        "date": "2023-03-31",
        "symbol": "G",
        "reportedCurrency": "USD",
        "cik": "0001398659",
        "fillingDate": "2023-05-10",
        "acceptedDate": "2023-05-10 16:07:54",
        "calendarYear": "2023",
        "period": "Q1",
        "revenue": 1089319000,
        "costOfRevenue": 719078000,
        "grossProfit": 370241000,
        "grossProfitRatio": 0.3398829911,
        "researchAndDevelopmentExpenses": 0,
        "generalAndAdministrativeExpenses": 0,
        "sellingAndMarketingExpenses": 0,
        "sellingGeneralAndAdministrativeExpenses": 216485000,
        "otherExpenses": 8644000,
        "operatingExpenses": 225129000,
        "costAndExpenses": 944207000,
        "interestIncome": 4926000,
        "interestExpense": 14553000,
        "depreciationAndAmortization": 27012000,
        "ebitda": 180040000,
        "ebitdaratio": 0.1652775725,
        "operatingIncome": 145112000,
        "operatingIncomeRatio": 0.1332135031,
        "totalOtherIncomeExpensesNet": -6637000,
        "incomeBeforeTax": 138475000,
        "incomeBeforeTaxRatio": 0.1271207057,
        "incomeTaxExpense": 32374000,
        "netIncome": 106101000,
        "netIncomeRatio": 0.0974012204,
        "eps": 0.58,
        "epsdiluted": 0.57,
        "weightedAverageShsOut": 183795404,
        "weightedAverageShsOutDil": 187586277,
        "link": "https://www.sec.gov/Archives/edgar/data/1398659/000139865923000017/0001398659-23-000017-index.htm",
        "finalLink": "https://www.sec.gov/Archives/edgar/data/1398659/000139865923000017/g-20230331.htm"
    },
    {
        "date": "2022-12-31",
        "symbol": "G",
        "reportedCurrency": "USD",
        "cik": "0001398659",
        "fillingDate": "2023-03-01",
        "acceptedDate": "2023-03-01 12:33:17",
        "calendarYear": "2022",
        "period": "Q4",
        "revenue": 1102545000,
        "costOfRevenue": 717337000,
        "grossProfit": 385208000,
        "grossProfitRatio": 0.3493807509,
        "researchAndDevelopmentExpenses": 0,
        "generalAndAdministrativeExpenses": 0,
        "sellingAndMarketingExpenses": 0,
        "sellingGeneralAndAdministrativeExpenses": 236557000,
        "otherExpenses": 20900000,
        "operatingExpenses": 257457000,
        "costAndExpenses": 974794000,
        "interestIncome": 1857000,
        "interestExpense": 17370000,
        "depreciationAndAmortization": 28542000,
        "ebitda": 169029000,
        "ebitdaratio": 0.1533080282,
        "operatingIncome": 127751000,
        "operatingIncomeRatio": 0.1158691935,
        "totalOtherIncomeExpensesNet": -4634000,
        "incomeBeforeTax": 123117000,
        "incomeBeforeTaxRatio": 0.1116661905,
        "incomeTaxExpense": 33405000,
        "netIncome": 89712000,
        "netIncomeRatio": 0.0813681074,
        "eps": 0.49,
        "epsdiluted": 0.48,
        "weightedAverageShsOut": 183371581,
        "weightedAverageShsOutDil": 187525698,
        "link": "https://www.sec.gov/Archives/edgar/data/1398659/000139865923000009/0001398659-23-000009-index.htm",
        "finalLink": "https://www.sec.gov/Archives/edgar/data/1398659/000139865923000009/g-20221231.htm"
    },
    {
        "date": "2022-09-30",
        "symbol": "G",
        "reportedCurrency": "USD",
        "cik": "0001398659",
        "fillingDate": "2022-11-09",
        "acceptedDate": "2022-11-09 16:10:22",
        "calendarYear": "2022",
        "period": "Q3",
        "revenue": 1111037000,
        "costOfRevenue": 717219000,
        "grossProfit": 393818000,
        "grossProfitRatio": 0.3544598425,
        "researchAndDevelopmentExpenses": 0,
        "generalAndAdministrativeExpenses": 0,
        "sellingAndMarketingExpenses": 0,
        "sellingGeneralAndAdministrativeExpenses": 231436000,
        "otherExpenses": 31541000,
        "operatingExpenses": 262977000,
        "costAndExpenses": 980196000,
        "interestIncome": 1440000,
        "interestExpense": 14839000,
        "depreciationAndAmortization": 30904000,
        "ebitda": 166817000,
        "ebitdaratio": 0.1501453147,
        "operatingIncome": 130841000,
        "operatingIncomeRatio": 0.1177647549,
        "totalOtherIncomeExpensesNet": -9767000,
        "incomeBeforeTax": 121074000,
        "incomeBeforeTaxRatio": 0.1089738686,
        "incomeTaxExpense": 25231000,
        "netIncome": 95843000,
        "netIncomeRatio": 0.0862644538,
        "eps": 0.52,
        "epsdiluted": 0.51,
        "weightedAverageShsOut": 183312013,
        "weightedAverageShsOutDil": 187399204,
        "link": "https://www.sec.gov/Archives/edgar/data/1398659/000139865922000025/0001398659-22-000025-index.htm",
        "finalLink": "https://www.sec.gov/Archives/edgar/data/1398659/000139865922000025/g-20220930.htm"
    },
    {
        "date": "2022-06-30",
        "symbol": "G",
        "reportedCurrency": "USD",
        "cik": "0001398659",
        "fillingDate": "2022-08-09",
        "acceptedDate": "2022-08-09 13:13:27",
        "calendarYear": "2022",
        "period": "Q2",
        "revenue": 1089147000,
        "costOfRevenue": 714256000,
        "grossProfit": 374891000,
        "grossProfitRatio": 0.3442060622,
        "researchAndDevelopmentExpenses": 0,
        "generalAndAdministrativeExpenses": 0,
        "sellingAndMarketingExpenses": 0,
        "sellingGeneralAndAdministrativeExpenses": 233096000,
        "otherExpenses": 32112000,
        "operatingExpenses": 265208000,
        "costAndExpenses": 979464000,
        "interestIncome": 684000,
        "interestExpense": 11888000,
        "depreciationAndAmortization": 33917000,
        "ebitda": 141168000,
        "ebitdaratio": 0.129613358,
        "operatingIncome": 109683000,
        "operatingIncomeRatio": 0.1007054144,
        "totalOtherIncomeExpensesNet": -14320000,
        "incomeBeforeTax": 95363000,
        "incomeBeforeTaxRatio": 0.0875575106,
        "incomeTaxExpense": 23693000,
        "netIncome": 71670000,
        "netIncomeRatio": 0.0658037896,
        "eps": 0.39,
        "epsdiluted": 0.38,
        "weightedAverageShsOut": 184418350,
        "weightedAverageShsOutDil": 187865653,
        "link": "https://www.sec.gov/Archives/edgar/data/1398659/000139865922000020/0001398659-22-000020-index.htm",
        "finalLink": "https://www.sec.gov/Archives/edgar/data/1398659/000139865922000020/g-20220630.htm"
    },
    {
        "date": "2022-03-31",
        "symbol": "G",
        "reportedCurrency": "USD",
        "cik": "0001398659",
        "fillingDate": "2022-05-10",
        "acceptedDate": "2022-05-10 12:09:10",
        "calendarYear": "2022",
        "period": "Q1",
        "revenue": 1068443000,
        "costOfRevenue": 685962000,
        "grossProfit": 382481000,
        "grossProfitRatio": 0.3579797893,
        "researchAndDevelopmentExpenses": 0,
        "generalAndAdministrativeExpenses": 0,
        "sellingAndMarketingExpenses": 0,
        "sellingGeneralAndAdministrativeExpenses": 237296000,
        "otherExpenses": 11309000,
        "operatingExpenses": 248605000,
        "costAndExpenses": 934567000,
        "interestIncome": 1918000,
        "interestExpense": 14006000,
        "depreciationAndAmortization": 36153000,
        "ebitda": 175841000,
        "ebitdaratio": 0.1645768656,
        "operatingIncome": 133876000,
        "operatingIncomeRatio": 0.1253000862,
        "totalOtherIncomeExpensesNet": -8194000,
        "incomeBeforeTax": 125682000,
        "incomeBeforeTaxRatio": 0.1176309827,
        "incomeTaxExpense": 29503000,
        "netIncome": 96179000,
        "netIncomeRatio": 0.0900179046,
        "eps": 0.52,
        "epsdiluted": 0.51,
        "weightedAverageShsOut": 185637776,
        "weightedAverageShsOutDil": 189558404,
        "link": "https://www.sec.gov/Archives/edgar/data/1398659/000139865922000013/0001398659-22-000013-index.htm",
        "finalLink": "https://www.sec.gov/Archives/edgar/data/1398659/000139865922000013/g-20220331.htm"
    },
    {
        "date": "2021-12-31",
        "symbol": "G",
        "reportedCurrency": "USD",
        "cik": "0001398659",
        "fillingDate": "2022-03-01",
        "acceptedDate": "2022-03-01 12:52:59",
        "calendarYear": "2021",
        "period": "Q4",
        "revenue": 1072277000,
        "costOfRevenue": 702656000,
        "grossProfit": 369621000,
        "grossProfitRatio": 0.3447066383,
        "researchAndDevelopmentExpenses": 0,
        "generalAndAdministrativeExpenses": 0,
        "sellingAndMarketingExpenses": 0,
        "sellingGeneralAndAdministrativeExpenses": 244858000,
        "otherExpenses": 12838000,
        "operatingExpenses": 257696000,
        "costAndExpenses": 960352000,
        "interestIncome": 2334000,
        "interestExpense": 15570000,
        "depreciationAndAmortization": 40604000,
        "ebitda": 159932000,
        "ebitdaratio": 0.1491517584,
        "operatingIncome": 111925000,
        "operatingIncomeRatio": 0.1043806778,
        "totalOtherIncomeExpensesNet": -8167000,
        "incomeBeforeTax": 103758000,
        "incomeBeforeTaxRatio": 0.0967641757,
        "incomeTaxExpense": 30673000,
        "netIncome": 73085000,
        "netIncomeRatio": 0.0681586941,
        "eps": 0.39,
        "epsdiluted": 0.38,
        "weightedAverageShsOut": 187373174,
        "weightedAverageShsOutDil": 193191605,
        "link": "https://www.sec.gov/Archives/edgar/data/1398659/000139865922000009/0001398659-22-000009-index.htm",
        "finalLink": "https://www.sec.gov/Archives/edgar/data/1398659/000139865922000009/g-20211231.htm"
    },
    {
        "date": "2021-09-30",
        "symbol": "G",
        "reportedCurrency": "USD",
        "cik": "0001398659",
        "fillingDate": "2021-11-09",
        "acceptedDate": "2021-11-09 16:26:26",
        "calendarYear": "2021",
        "period": "Q3",
        "revenue": 1015737000,
        "costOfRevenue": 653686000,
        "grossProfit": 362051000,
        "grossProfitRatio": 0.3564416773,
        "researchAndDevelopmentExpenses": 0,
        "generalAndAdministrativeExpenses": 0,
        "sellingAndMarketingExpenses": 0,
        "sellingGeneralAndAdministrativeExpenses": 215957000,
        "otherExpenses": 13805000,
        "operatingExpenses": 229762000,
        "costAndExpenses": 883448000,
        "interestIncome": 2068000,
        "interestExpense": 14833000,
        "depreciationAndAmortization": 40418000,
        "ebitda": 178988000,
        "ebitdaratio": 0.176214906,
        "operatingIncome": 132289000,
        "operatingIncomeRatio": 0.1302394222,
        "totalOtherIncomeExpensesNet": -8552000,
        "incomeBeforeTax": 123737000,
        "incomeBeforeTaxRatio": 0.1218199199,
        "incomeTaxExpense": 21351000,
        "netIncome": 102386000,
        "netIncomeRatio": 0.1007997149,
        "eps": 0.55,
        "epsdiluted": 0.53,
        "weightedAverageShsOut": 187856026,
        "weightedAverageShsOutDil": 193159929,
        "link": "https://www.sec.gov/Archives/edgar/data/1398659/000139865921000010/0001398659-21-000010-index.htm",
        "finalLink": "https://www.sec.gov/Archives/edgar/data/1398659/000139865921000010/g-20210930.htm"
    },
    {
        "date": "2021-06-30",
        "symbol": "G",
        "reportedCurrency": "USD",
        "cik": "0001398659",
        "fillingDate": "2021-08-09",
        "acceptedDate": "2021-08-09 11:27:56",
        "calendarYear": "2021",
        "period": "Q2",
        "revenue": 988126000,
        "costOfRevenue": 632982000,
        "grossProfit": 355144000,
        "grossProfitRatio": 0.359411654,
        "researchAndDevelopmentExpenses": 0,
        "generalAndAdministrativeExpenses": 0,
        "sellingAndMarketingExpenses": 0,
        "sellingGeneralAndAdministrativeExpenses": 204168000,
        "otherExpenses": 14073000,
        "operatingExpenses": 218241000,
        "costAndExpenses": 851223000,
        "interestIncome": 1305000,
        "interestExpense": 14396000,
        "depreciationAndAmortization": 41421000,
        "ebitda": 191226000,
        "ebitdaratio": 0.1935239028,
        "operatingIncome": 136903000,
        "operatingIncomeRatio": 0.1385481204,
        "totalOtherIncomeExpensesNet": -1494000,
        "incomeBeforeTax": 135409000,
        "incomeBeforeTaxRatio": 0.1370361675,
        "incomeTaxExpense": 32705000,
        "netIncome": 102704000,
        "netIncomeRatio": 0.1039381617,
        "eps": 0.55,
        "epsdiluted": 0.53,
        "weightedAverageShsOut": 187329564,
        "weightedAverageShsOutDil": 192282570,
        "link": "https://www.sec.gov/Archives/edgar/data/1398659/000139865921000004/0001398659-21-000004-index.htm",
        "finalLink": "https://www.sec.gov/Archives/edgar/data/1398659/000139865921000004/g-20210630.htm"
    },
    {
        "date": "2021-03-31",
        "symbol": "G",
        "reportedCurrency": "USD",
        "cik": "0001398659",
        "fillingDate": "2021-05-10",
        "acceptedDate": "2021-05-10 16:22:34",
        "calendarYear": "2021",
        "period": "Q1",
        "revenue": 946071000,
        "costOfRevenue": 600928000,
        "grossProfit": 345143000,
        "grossProfitRatio": 0.3648172283,
        "researchAndDevelopmentExpenses": 0,
        "generalAndAdministrativeExpenses": 0,
        "sellingAndMarketingExpenses": 0,
        "sellingGeneralAndAdministrativeExpenses": 200732000,
        "otherExpenses": 16529000,
        "operatingExpenses": 217261000,
        "costAndExpenses": 818189000,
        "interestIncome": 1171000,
        "interestExpense": 13513000,
        "depreciationAndAmortization": 45129000,
        "ebitda": 178867000,
        "ebitdaratio": 0.1890629773,
        "operatingIncome": 127882000,
        "operatingIncomeRatio": 0.1351716732,
        "totalOtherIncomeExpensesNet": -7657000,
        "incomeBeforeTax": 120225000,
        "incomeBeforeTaxRatio": 0.1270782003,
        "incomeTaxExpense": 28952000,
        "netIncome": 91273000,
        "netIncomeRatio": 0.0964758459,
        "eps": 0.48,
        "epsdiluted": 0.47,
        "weightedAverageShsOut": 188650112,
        "weightedAverageShsOutDil": 193213258,
        "link": "https://www.sec.gov/Archives/edgar/data/1398659/000156459021026072/0001564590-21-026072-index.htm",
        "finalLink": "https://www.sec.gov/Archives/edgar/data/1398659/000156459021026072/g-10q_20210331.htm"
    },
    {
        "date": "2020-12-31",
        "symbol": "G",
        "reportedCurrency": "USD",
        "cik": "0001398659",
        "fillingDate": "2021-03-01",
        "acceptedDate": "2021-03-01 13:15:39",
        "calendarYear": "2020",
        "period": "Q4",
        "revenue": 950568000,
        "costOfRevenue": 613645000,
        "grossProfit": 336923000,
        "grossProfitRatio": 0.3544438693,
        "researchAndDevelopmentExpenses": 0,
        "generalAndAdministrativeExpenses": 0,
        "sellingAndMarketingExpenses": 0,
        "sellingGeneralAndAdministrativeExpenses": 207860000,
        "otherExpenses": 16010000,
        "operatingExpenses": 223870000,
        "costAndExpenses": 837515000,
        "interestIncome": 2055000,
        "interestExpense": 12943000,
        "depreciationAndAmortization": 39896000,
        "ebitda": 153167000,
        "ebitdaratio": 0.161132081,
        "operatingIncome": 113053000,
        "operatingIncomeRatio": 0.118932049,
        "totalOtherIncomeExpensesNet": -12725000,
        "incomeBeforeTax": 100328000,
        "incomeBeforeTaxRatio": 0.1055453161,
        "incomeTaxExpense": 25346000,
        "netIncome": 74982000,
        "netIncomeRatio": 0.0788812584,
        "eps": 0.4,
        "epsdiluted": 0.38,
        "weightedAverageShsOut": 189470107,
        "weightedAverageShsOutDil": 194823683,
        "link": "https://www.sec.gov/Archives/edgar/data/1398659/000156459021009746/0001564590-21-009746-index.htm",
        "finalLink": "https://www.sec.gov/Archives/edgar/data/1398659/000156459021009746/g-10k_20201231.htm"
    },
    {
        "date": "2020-09-30",
        "symbol": "G",
        "reportedCurrency": "USD",
        "cik": "0001398659",
        "fillingDate": "2020-11-09",
        "acceptedDate": "2020-11-09 14:49:07",
        "calendarYear": "2020",
        "period": "Q3",
        "revenue": 935523000,
        "costOfRevenue": 605829000,
        "grossProfit": 329694000,
        "grossProfitRatio": 0.3524167765,
        "researchAndDevelopmentExpenses": 0,
        "generalAndAdministrativeExpenses": 0,
        "sellingAndMarketingExpenses": 0,
        "sellingGeneralAndAdministrativeExpenses": 198335000,
        "otherExpenses": 6717000,
        "operatingExpenses": 205052000,
        "costAndExpenses": 810881000,
        "interestIncome": 1828000,
        "interestExpense": 14585000,
        "depreciationAndAmortization": 40343000,
        "ebitda": 165371000,
        "ebitdaratio": 0.1767685028,
        "operatingIncome": 124642000,
        "operatingIncomeRatio": 0.1332324272,
        "totalOtherIncomeExpensesNet": -14199000,
        "incomeBeforeTax": 110443000,
        "incomeBeforeTaxRatio": 0.1180548207,
        "incomeTaxExpense": 25008000,
        "netIncome": 85435000,
        "netIncomeRatio": 0.0913232491,
        "eps": 0.45,
        "epsdiluted": 0.43,
        "weightedAverageShsOut": 190949108,
        "weightedAverageShsOutDil": 196655140,
        "link": "https://www.sec.gov/Archives/edgar/data/1398659/000156459020052422/0001564590-20-052422-index.htm",
        "finalLink": "https://www.sec.gov/Archives/edgar/data/1398659/000156459020052422/g-10q_20200930.htm"
    },
    {
        "date": "2020-06-30",
        "symbol": "G",
        "reportedCurrency": "USD",
        "cik": "0001398659",
        "fillingDate": "2020-08-10",
        "acceptedDate": "2020-08-10 17:27:39",
        "calendarYear": "2020",
        "period": "Q2",
        "revenue": 900094000,
        "costOfRevenue": 593892000,
        "grossProfit": 306202000,
        "grossProfitRatio": 0.3401889136,
        "researchAndDevelopmentExpenses": 0,
        "generalAndAdministrativeExpenses": 183272000,
        "sellingAndMarketingExpenses": 3040000,
        "sellingGeneralAndAdministrativeExpenses": 186312000,
        "otherExpenses": 29526000,
        "operatingExpenses": 215838000,
        "costAndExpenses": 809730000,
        "interestIncome": 1127000,
        "interestExpense": 14746000,
        "depreciationAndAmortization": 40368000,
        "ebitda": 134261000,
        "ebitdaratio": 0.1491633096,
        "operatingIncome": 90364000,
        "operatingIncomeRatio": 0.1003939589,
        "totalOtherIncomeExpensesNet": -11217000,
        "incomeBeforeTax": 79147000,
        "incomeBeforeTaxRatio": 0.0879319271,
        "incomeTaxExpense": 16986000,
        "netIncome": 62161000,
        "netIncomeRatio": 0.0690605648,
        "eps": 0.33,
        "epsdiluted": 0.32,
        "weightedAverageShsOut": 190541148,
        "weightedAverageShsOutDil": 195112549,
        "link": "https://www.sec.gov/Archives/edgar/data/1398659/000156459020039007/0001564590-20-039007-index.htm",
        "finalLink": "https://www.sec.gov/Archives/edgar/data/1398659/000156459020039007/g-10q_20200630.htm"
    },
    {
        "date": "2020-03-31",
        "symbol": "G",
        "reportedCurrency": "USD",
        "cik": "0001398659",
        "fillingDate": "2020-05-11",
        "acceptedDate": "2020-05-11 16:49:26",
        "calendarYear": "2020",
        "period": "Q1",
        "revenue": 923192000,
        "costOfRevenue": 604771000,
        "grossProfit": 318421000,
        "grossProfitRatio": 0.3449130842,
        "researchAndDevelopmentExpenses": 0,
        "generalAndAdministrativeExpenses": 194375000,
        "sellingAndMarketingExpenses": 2967000,
        "sellingGeneralAndAdministrativeExpenses": 197342000,
        "otherExpenses": 10421000,
        "operatingExpenses": 207763000,
        "costAndExpenses": 812534000,
        "interestIncome": 2274000,
        "interestExpense": 13970000,
        "depreciationAndAmortization": 39235000,
        "ebitda": 163764000,
        "ebitdaratio": 0.1773888855,
        "operatingIncome": 110658000,
        "operatingIncomeRatio": 0.1198645569,
        "totalOtherIncomeExpensesNet": -99000,
        "incomeBeforeTax": 110559000,
        "incomeBeforeTaxRatio": 0.1197573203,
        "incomeTaxExpense": 24861000,
        "netIncome": 85698000,
        "netIncomeRatio": 0.0928279275,
        "eps": 0.45,
        "epsdiluted": 0.44,
        "weightedAverageShsOut": 190626757,
        "weightedAverageShsOutDil": 196532513,
        "link": "https://www.sec.gov/Archives/edgar/data/1398659/000156459020024304/0001564590-20-024304-index.htm",
        "finalLink": "https://www.sec.gov/Archives/edgar/data/1398659/000156459020024304/g-10q_20200331.htm"
    },
    {
        "date": "2019-12-31",
        "symbol": "G",
        "reportedCurrency": "USD",
        "cik": "0001398659",
        "fillingDate": "2020-03-02",
        "acceptedDate": "2020-03-02 16:19:04",
        "calendarYear": "2019",
        "period": "Q4",
        "revenue": 940739000,
        "costOfRevenue": 630648000,
        "grossProfit": 310091000,
        "grossProfitRatio": 0.3296249013,
        "researchAndDevelopmentExpenses": 0,
        "generalAndAdministrativeExpenses": 210046000,
        "sellingAndMarketingExpenses": 0,
        "sellingGeneralAndAdministrativeExpenses": 210046000,
        "otherExpenses": -19473000,
        "operatingExpenses": 190573000,
        "costAndExpenses": 821221000,
        "interestIncome": 2563000,
        "interestExpense": 12534000,
        "depreciationAndAmortization": 34914000,
        "ebitda": 161797000,
        "ebitdaratio": 0.1719892553,
        "operatingIncome": 119518000,
        "operatingIncomeRatio": 0.127046928,
        "totalOtherIncomeExpensesNet": -5169000,
        "incomeBeforeTax": 114349000,
        "incomeBeforeTaxRatio": 0.1215523115,
        "incomeTaxExpense": 32151000,
        "netIncome": 82198000,
        "netIncomeRatio": 0.0873759885,
        "eps": 0.43,
        "epsdiluted": 0.42,
        "weightedAverageShsOut": 190083647,
        "weightedAverageShsOutDil": 196592325,
        "link": "https://www.sec.gov/Archives/edgar/data/1398659/000156459020008158/0001564590-20-008158-index.htm",
        "finalLink": "https://www.sec.gov/Archives/edgar/data/1398659/000156459020008158/g-10k_20191231.htm"
    },
    {
        "date": "2019-09-30",
        "symbol": "G",
        "reportedCurrency": "USD",
        "cik": "0001398659",
        "fillingDate": "2019-11-08",
        "acceptedDate": "2019-11-08 14:52:24",
        "calendarYear": "2019",
        "period": "Q3",
        "revenue": 888799000,
        "costOfRevenue": 573659000,
        "grossProfit": 315140000,
        "grossProfitRatio": 0.3545683557,
        "researchAndDevelopmentExpenses": 0,
        "generalAndAdministrativeExpenses": 192002000,
        "sellingAndMarketingExpenses": 2535000,
        "sellingGeneralAndAdministrativeExpenses": 194537000,
        "otherExpenses": 7019000,
        "operatingExpenses": 201556000,
        "costAndExpenses": 775215000,
        "interestIncome": 1968000,
        "interestExpense": 12189000,
        "depreciationAndAmortization": 31486000,
        "ebitda": 154464000,
        "ebitdaratio": 0.1737895745,
        "operatingIncome": 113584000,
        "operatingIncomeRatio": 0.1277949233,
        "totalOtherIncomeExpensesNet": -2795000,
        "incomeBeforeTax": 110789000,
        "incomeBeforeTaxRatio": 0.1246502303,
        "incomeTaxExpense": 22669000,
        "netIncome": 88120000,
        "netIncomeRatio": 0.099145026,
        "eps": 0.46,
        "epsdiluted": 0.45,
        "weightedAverageShsOut": 190599049,
        "weightedAverageShsOutDil": 195890841,
        "link": "https://www.sec.gov/Archives/edgar/data/1398659/000156459019042177/0001564590-19-042177-index.htm",
        "finalLink": "https://www.sec.gov/Archives/edgar/data/1398659/000156459019042177/g-10q_20190930.htm"
    },
    {
        "date": "2019-06-30",
        "symbol": "G",
        "reportedCurrency": "USD",
        "cik": "0001398659",
        "fillingDate": "2019-08-09",
        "acceptedDate": "2019-08-09 16:16:56",
        "calendarYear": "2019",
        "period": "Q2",
        "revenue": 881799000,
        "costOfRevenue": 571244000,
        "grossProfit": 310555000,
        "grossProfitRatio": 0.3521834341,
        "researchAndDevelopmentExpenses": 0,
        "generalAndAdministrativeExpenses": 194196000,
        "sellingAndMarketingExpenses": 0,
        "sellingGeneralAndAdministrativeExpenses": 194196000,
        "otherExpenses": 10157000,
        "operatingExpenses": 204353000,
        "costAndExpenses": 775597000,
        "interestIncome": 1026000,
        "interestExpense": 13169000,
        "depreciationAndAmortization": 31885000,
        "ebitda": 140009000,
        "ebitdaratio": 0.1587765466,
        "operatingIncome": 106202000,
        "operatingIncomeRatio": 0.1204378776,
        "totalOtherIncomeExpensesNet": -11247000,
        "incomeBeforeTax": 94955000,
        "incomeBeforeTaxRatio": 0.1076832702,
        "incomeTaxExpense": 21233000,
        "netIncome": 73722000,
        "netIncomeRatio": 0.0836040866,
        "eps": 0.39,
        "epsdiluted": 0.38,
        "weightedAverageShsOut": 190163359,
        "weightedAverageShsOutDil": 194766047,
        "link": "https://www.sec.gov/Archives/edgar/data/1398659/000156459019031265/0001564590-19-031265-index.htm",
        "finalLink": "https://www.sec.gov/Archives/edgar/data/1398659/000156459019031265/g-10q_20190630.htm"
    },
    {
        "date": "2019-03-31",
        "symbol": "G",
        "reportedCurrency": "USD",
        "cik": "0001398659",
        "fillingDate": "2019-05-10",
        "acceptedDate": "2019-05-10 14:03:33",
        "calendarYear": "2019",
        "period": "Q1",
        "revenue": 809206000,
        "costOfRevenue": 519137000,
        "grossProfit": 290069000,
        "grossProfitRatio": 0.3584612571,
        "researchAndDevelopmentExpenses": 0,
        "generalAndAdministrativeExpenses": 188690000,
        "sellingAndMarketingExpenses": 0,
        "sellingGeneralAndAdministrativeExpenses": 188690000,
        "otherExpenses": 11307000,
        "operatingExpenses": 199997000,
        "costAndExpenses": 719134000,
        "interestIncome": 1764000,
        "interestExpense": 12887000,
        "depreciationAndAmortization": 30428000,
        "ebitda": 122639000,
        "ebitdaratio": 0.1515547339,
        "operatingIncome": 90072000,
        "operatingIncomeRatio": 0.1113091104,
        "totalOtherIncomeExpensesNet": -10748000,
        "incomeBeforeTax": 79324000,
        "incomeBeforeTaxRatio": 0.0980269548,
        "incomeTaxExpense": 18483000,
        "netIncome": 60841000,
        "netIncomeRatio": 0.0751860466,
        "eps": 0.32,
        "epsdiluted": 0.31,
        "weightedAverageShsOut": 189451845,
        "weightedAverageShsOutDil": 193394208,
        "link": "https://www.sec.gov/Archives/edgar/data/1398659/000156459019018422/0001564590-19-018422-index.htm",
        "finalLink": "https://www.sec.gov/Archives/edgar/data/1398659/000156459019018422/g-10q_20190331.htm"
    },
    {
        "date": "2018-12-31",
        "symbol": "G",
        "reportedCurrency": "USD",
        "cik": "0001398659",
        "fillingDate": "2019-03-01",
        "acceptedDate": "2019-03-01 14:35:39",
        "calendarYear": "2018",
        "period": "Q4",
        "revenue": 835339000,
        "costOfRevenue": 533134000,
        "grossProfit": 302205000,
        "grossProfitRatio": 0.3617752793,
        "researchAndDevelopmentExpenses": 0,
        "generalAndAdministrativeExpenses": 177942000,
        "sellingAndMarketingExpenses": 0,
        "sellingGeneralAndAdministrativeExpenses": 177942000,
        "otherExpenses": 13422000,
        "operatingExpenses": 191364000,
        "costAndExpenses": 724498000,
        "interestIncome": 2916000,
        "interestExpense": 12389000,
        "depreciationAndAmortization": 26972000,
        "ebitda": 146003000,
        "ebitdaratio": 0.1747829324,
        "operatingIncome": 110841000,
        "operatingIncomeRatio": 0.1326898421,
        "totalOtherIncomeExpensesNet": -4199000,
        "incomeBeforeTax": 106642000,
        "incomeBeforeTaxRatio": 0.1276631404,
        "incomeTaxExpense": 27495000,
        "netIncome": 79147000,
        "netIncomeRatio": 0.0947483596,
        "eps": 0.42,
        "epsdiluted": 0.41,
        "weightedAverageShsOut": 189724744,
        "weightedAverageShsOutDil": 193149836,
        "link": "https://www.sec.gov/Archives/edgar/data/1398659/000156459019005767/0001564590-19-005767-index.htm",
        "finalLink": "https://www.sec.gov/Archives/edgar/data/1398659/000156459019005767/g-10k_20181231.htm"
    },
    {
        "date": "2018-09-30",
        "symbol": "G",
        "reportedCurrency": "USD",
        "cik": "0001398659",
        "fillingDate": "2018-11-09",
        "acceptedDate": "2018-11-09 14:19:10",
        "calendarYear": "2018",
        "period": "Q3",
        "revenue": 747978000,
        "costOfRevenue": 481412000,
        "grossProfit": 266566000,
        "grossProfitRatio": 0.3563821396,
        "researchAndDevelopmentExpenses": 0,
        "generalAndAdministrativeExpenses": 165389000,
        "sellingAndMarketingExpenses": 0,
        "sellingGeneralAndAdministrativeExpenses": 165389000,
        "otherExpenses": 7149000,
        "operatingExpenses": 172538000,
        "costAndExpenses": 653950000,
        "interestIncome": 3328000,
        "interestExpense": 12467000,
        "depreciationAndAmortization": 25371000,
        "ebitda": 135555000,
        "ebitdaratio": 0.1812285923,
        "operatingIncome": 94028000,
        "operatingIncomeRatio": 0.1257095797,
        "totalOtherIncomeExpensesNet": 3689000,
        "incomeBeforeTax": 97717000,
        "incomeBeforeTaxRatio": 0.1306415429,
        "incomeTaxExpense": 24114000,
        "netIncome": 73603000,
        "netIncomeRatio": 0.0984026268,
        "eps": 0.39,
        "epsdiluted": 0.38,
        "weightedAverageShsOut": 190024924,
        "weightedAverageShsOutDil": 193115769,
        "link": "https://www.sec.gov/Archives/edgar/data/1398659/000156459018028866/0001564590-18-028866-index.htm",
        "finalLink": "https://www.sec.gov/Archives/edgar/data/1398659/000156459018028866/g-10q_20180930.htm"
    },
    {
        "date": "2018-06-30",
        "symbol": "G",
        "reportedCurrency": "USD",
        "cik": "0001398659",
        "fillingDate": "2018-08-09",
        "acceptedDate": "2018-08-09 15:52:54",
        "calendarYear": "2018",
        "period": "Q2",
        "revenue": 728561000,
        "costOfRevenue": 462898000,
        "grossProfit": 265663000,
        "grossProfitRatio": 0.3646407096,
        "researchAndDevelopmentExpenses": 0,
        "generalAndAdministrativeExpenses": 173546000,
        "sellingAndMarketingExpenses": 0,
        "sellingGeneralAndAdministrativeExpenses": 173546000,
        "otherExpenses": 12595000,
        "operatingExpenses": 186141000,
        "costAndExpenses": 649039000,
        "interestIncome": 1774000,
        "interestExpense": 12181000,
        "depreciationAndAmortization": 25603000,
        "ebitda": 119437000,
        "ebitdaratio": 0.1639354838,
        "operatingIncome": 79522000,
        "operatingIncomeRatio": 0.1091494055,
        "totalOtherIncomeExpensesNet": 2131000,
        "incomeBeforeTax": 81653000,
        "incomeBeforeTaxRatio": 0.1120743493,
        "incomeTaxExpense": 17079000,
        "netIncome": 64574000,
        "netIncomeRatio": 0.088632249,
        "eps": 0.34,
        "epsdiluted": 0.33,
        "weightedAverageShsOut": 190132664,
        "weightedAverageShsOutDil": 193365974,
        "link": "https://www.sec.gov/Archives/edgar/data/1398659/000156459018021008/0001564590-18-021008-index.htm",
        "finalLink": "https://www.sec.gov/Archives/edgar/data/1398659/000156459018021008/g-10q_20180630.htm"
    },
    {
        "date": "2018-03-31",
        "symbol": "G",
        "reportedCurrency": "USD",
        "cik": "0001398659",
        "fillingDate": "2018-05-10",
        "acceptedDate": "2018-05-10 15:15:59",
        "calendarYear": "2018",
        "period": "Q1",
        "revenue": 688912000,
        "costOfRevenue": 444324000,
        "grossProfit": 244588000,
        "grossProfitRatio": 0.3550351859,
        "researchAndDevelopmentExpenses": 0,
        "generalAndAdministrativeExpenses": 168457000,
        "sellingAndMarketingExpenses": 0,
        "sellingGeneralAndAdministrativeExpenses": 168457000,
        "otherExpenses": 12370000,
        "operatingExpenses": 180827000,
        "costAndExpenses": 625151000,
        "interestIncome": 3370000,
        "interestExpense": 11470000,
        "depreciationAndAmortization": 25772000,
        "ebitda": 113251000,
        "ebitdaratio": 0.1643910978,
        "operatingIncome": 63761000,
        "operatingIncomeRatio": 0.0925531853,
        "totalOtherIncomeExpensesNet": 12248000,
        "incomeBeforeTax": 76009000,
        "incomeBeforeTaxRatio": 0.1103319437,
        "incomeTaxExpense": 12075000,
        "netIncome": 63934000,
        "netIncomeRatio": 0.0928043059,
        "eps": 0.34,
        "epsdiluted": 0.33,
        "weightedAverageShsOut": 192816626,
        "weightedAverageShsOutDil": 196288569,
        "link": "https://www.sec.gov/Archives/edgar/data/1398659/000156459018012891/0001564590-18-012891-index.htm",
        "finalLink": "https://www.sec.gov/Archives/edgar/data/1398659/000156459018012891/g-10q_20180331.htm"
    },
    {
        "date": "2017-12-31",
        "symbol": "G",
        "reportedCurrency": "USD",
        "cik": "0001398659",
        "fillingDate": "2018-03-01",
        "acceptedDate": "2018-03-01 13:18:58",
        "calendarYear": "2017",
        "period": "Q4",
        "revenue": 734413000,
        "costOfRevenue": 455883000,
        "grossProfit": 278530000,
        "grossProfitRatio": 0.3792552692,
        "researchAndDevelopmentExpenses": 0,
        "generalAndAdministrativeExpenses": 186487000,
        "sellingAndMarketingExpenses": 0,
        "sellingGeneralAndAdministrativeExpenses": 186487000,
        "otherExpenses": 19994000,
        "operatingExpenses": 206481000,
        "costAndExpenses": 662364000,
        "interestIncome": 3639000,
        "interestExpense": 11307000,
        "depreciationAndAmortization": 26864000,
        "ebitda": 119754000,
        "ebitdaratio": 0.1630608391,
        "operatingIncome": 72049000,
        "operatingIncomeRatio": 0.0981042002,
        "totalOtherIncomeExpensesNet": 9534000,
        "incomeBeforeTax": 81583000,
        "incomeBeforeTaxRatio": 0.1110859966,
        "incomeTaxExpense": 15445000,
        "netIncome": 66138000,
        "netIncomeRatio": 0.0900555954,
        "eps": 0.35,
        "epsdiluted": 0.34,
        "weightedAverageShsOut": 192795534,
        "weightedAverageShsOutDil": 196862168,
        "link": "https://www.sec.gov/Archives/edgar/data/1398659/000156459018004031/0001564590-18-004031-index.htm",
        "finalLink": "https://www.sec.gov/Archives/edgar/data/1398659/000156459018004031/g-10k_20171231.htm"
    },
    {
        "date": "2017-09-30",
        "symbol": "G",
        "reportedCurrency": "USD",
        "cik": "0001398659",
        "fillingDate": "2017-11-09",
        "acceptedDate": "2017-11-09 14:21:44",
        "calendarYear": "2017",
        "period": "Q3",
        "revenue": 708824000,
        "costOfRevenue": 428790000,
        "grossProfit": 280034000,
        "grossProfitRatio": 0.3950684514,
        "researchAndDevelopmentExpenses": 0,
        "generalAndAdministrativeExpenses": 169529000,
        "sellingAndMarketingExpenses": 0,
        "sellingGeneralAndAdministrativeExpenses": 169529000,
        "otherExpenses": 12586000,
        "operatingExpenses": 182115000,
        "costAndExpenses": 610905000,
        "interestIncome": 2549000,
        "interestExpense": 11273000,
        "depreciationAndAmortization": 25110000,
        "ebitda": 126125000,
        "ebitdaratio": 0.1779355665,
        "operatingIncome": 97919000,
        "operatingIncomeRatio": 0.1381428958,
        "totalOtherIncomeExpensesNet": -8177000,
        "incomeBeforeTax": 89742000,
        "incomeBeforeTaxRatio": 0.1266068869,
        "incomeTaxExpense": 16581000,
        "netIncome": 73161000,
        "netIncomeRatio": 0.1032146203,
        "eps": 0.38,
        "epsdiluted": 0.38,
        "weightedAverageShsOut": 192124366,
        "weightedAverageShsOutDil": 194947699,
        "link": "https://www.sec.gov/Archives/edgar/data/1398659/000156459017023139/0001564590-17-023139-index.htm",
        "finalLink": "https://www.sec.gov/Archives/edgar/data/1398659/000156459017023139/g-10q_20170930.htm"
    },
    {
        "date": "2017-06-30",
        "symbol": "G",
        "reportedCurrency": "USD",
        "cik": "0001398659",
        "fillingDate": "2017-08-09",
        "acceptedDate": "2017-08-09 15:37:20",
        "calendarYear": "2017",
        "period": "Q2",
        "revenue": 670697000,
        "costOfRevenue": 414508000,
        "grossProfit": 256189000,
        "grossProfitRatio": 0.3819742745,
        "researchAndDevelopmentExpenses": 0,
        "generalAndAdministrativeExpenses": 165410000,
        "sellingAndMarketingExpenses": 0,
        "sellingGeneralAndAdministrativeExpenses": 165410000,
        "otherExpenses": 9820000,
        "operatingExpenses": 175230000,
        "costAndExpenses": 589738000,
        "interestIncome": 863000,
        "interestExpense": 10713000,
        "depreciationAndAmortization": 21560000,
        "ebitda": 116846000,
        "ebitdaratio": 0.1742157785,
        "operatingIncome": 80959000,
        "operatingIncomeRatio": 0.1207087552,
        "totalOtherIncomeExpensesNet": 3614000,
        "incomeBeforeTax": 84573000,
        "incomeBeforeTaxRatio": 0.1260971795,
        "incomeTaxExpense": 15471000,
        "netIncome": 69102000,
        "netIncomeRatio": 0.1030301313,
        "eps": 0.36,
        "epsdiluted": 0.36,
        "weightedAverageShsOut": 191469593,
        "weightedAverageShsOutDil": 193732406,
        "link": "https://www.sec.gov/Archives/edgar/data/1398659/000156459017016911/0001564590-17-016911-index.htm",
        "finalLink": "https://www.sec.gov/Archives/edgar/data/1398659/000156459017016911/g-10q_20170630.htm"
    },
    {
        "date": "2017-03-31",
        "symbol": "G",
        "reportedCurrency": "USD",
        "cik": "0001398659",
        "fillingDate": "2017-05-10",
        "acceptedDate": "2017-05-10 14:17:00",
        "calendarYear": "2017",
        "period": "Q1",
        "revenue": 622995000,
        "costOfRevenue": 383337000,
        "grossProfit": 239658000,
        "grossProfitRatio": 0.3846868755,
        "researchAndDevelopmentExpenses": 0,
        "generalAndAdministrativeExpenses": 158382000,
        "sellingAndMarketingExpenses": 0,
        "sellingGeneralAndAdministrativeExpenses": 158382000,
        "otherExpenses": 2180000,
        "operatingExpenses": 160562000,
        "costAndExpenses": 543899000,
        "interestIncome": 1131000,
        "interestExpense": 6624000,
        "depreciationAndAmortization": 21381000,
        "ebitda": 92690000,
        "ebitdaratio": 0.1487812904,
        "operatingIncome": 79096000,
        "operatingIncomeRatio": 0.1269608905,
        "totalOtherIncomeExpensesNet": -14411000,
        "incomeBeforeTax": 64685000,
        "incomeBeforeTaxRatio": 0.1038290837,
        "incomeTaxExpense": 12245000,
        "netIncome": 52440000,
        "netIncomeRatio": 0.0841740303,
        "eps": 0.27,
        "epsdiluted": 0.26,
        "weightedAverageShsOut": 199069528,
        "weightedAverageShsOutDil": 202655937,
        "link": "https://www.sec.gov/Archives/edgar/data/1398659/000156459017010170/0001564590-17-010170-index.htm",
        "finalLink": "https://www.sec.gov/Archives/edgar/data/1398659/000156459017010170/g-10q_20170331.htm"
    },
    {
        "date": "2016-12-31",
        "symbol": "G",
        "reportedCurrency": "USD",
        "cik": "0001398659",
        "fillingDate": "2017-03-01",
        "acceptedDate": "2017-03-01 15:37:42",
        "calendarYear": "2016",
        "period": "Q4",
        "revenue": 681747000,
        "costOfRevenue": 405672000,
        "grossProfit": 276075000,
        "grossProfitRatio": 0.404952277,
        "researchAndDevelopmentExpenses": 0,
        "generalAndAdministrativeExpenses": 168352000,
        "sellingAndMarketingExpenses": 0,
        "sellingGeneralAndAdministrativeExpenses": 168352000,
        "otherExpenses": 9632000,
        "operatingExpenses": 177984000,
        "costAndExpenses": 583656000,
        "interestIncome": 1682000,
        "interestExpense": 6694000,
        "depreciationAndAmortization": 21606000,
        "ebitda": 122439000,
        "ebitdaratio": 0.1795959498,
        "operatingIncome": 98091000,
        "operatingIncomeRatio": 0.1438818213,
        "totalOtherIncomeExpensesNet": -3952000,
        "incomeBeforeTax": 94139000,
        "incomeBeforeTaxRatio": 0.1380849494,
        "incomeTaxExpense": 17262000,
        "netIncome": 76877000,
        "netIncomeRatio": 0.112764706,
        "eps": 0.38,
        "epsdiluted": 0.38,
        "weightedAverageShsOut": 200341922,
        "weightedAverageShsOutDil": 203431310,
        "link": "https://www.sec.gov/Archives/edgar/data/1398659/000156459017003076/0001564590-17-003076-index.htm",
        "finalLink": "https://www.sec.gov/Archives/edgar/data/1398659/000156459017003076/g-10k_20161231.htm"
    },
    {
        "date": "2016-09-30",
        "symbol": "G",
        "reportedCurrency": "USD",
        "cik": "0001398659",
        "fillingDate": "2016-11-08",
        "acceptedDate": "2016-11-08 13:57:52",
        "calendarYear": "2016",
        "period": "Q3",
        "revenue": 648783000,
        "costOfRevenue": 392432000,
        "grossProfit": 256351000,
        "grossProfitRatio": 0.3951259512,
        "researchAndDevelopmentExpenses": 0,
        "generalAndAdministrativeExpenses": 154671000,
        "sellingAndMarketingExpenses": 0,
        "sellingGeneralAndAdministrativeExpenses": 154671000,
        "otherExpenses": 14556000,
        "operatingExpenses": 169227000,
        "costAndExpenses": 561659000,
        "interestIncome": 1041000,
        "interestExpense": 5942000,
        "depreciationAndAmortization": 20495000,
        "ebitda": 111680000,
        "ebitdaratio": 0.1721376793,
        "operatingIncome": 87124000,
        "operatingIncomeRatio": 0.1342883522,
        "totalOtherIncomeExpensesNet": -1881000,
        "incomeBeforeTax": 85243000,
        "incomeBeforeTaxRatio": 0.1313890777,
        "incomeTaxExpense": 17198000,
        "netIncome": 68045000,
        "netIncomeRatio": 0.1048809849,
        "eps": 0.33,
        "epsdiluted": 0.33,
        "weightedAverageShsOut": 206146007,
        "weightedAverageShsOutDil": 209376683,
        "link": "https://www.sec.gov/Archives/edgar/data/1398659/000156459016028219/0001564590-16-028219-index.htm",
        "finalLink": "https://www.sec.gov/Archives/edgar/data/1398659/000156459016028219/g-10q_20160930.htm"
    },
    {
        "date": "2016-06-30",
        "symbol": "G",
        "reportedCurrency": "USD",
        "cik": "0001398659",
        "fillingDate": "2016-08-08",
        "acceptedDate": "2016-08-08 16:38:09",
        "calendarYear": "2016",
        "period": "Q2",
        "revenue": 630523000,
        "costOfRevenue": 383755000,
        "grossProfit": 246768000,
        "grossProfitRatio": 0.3913703386,
        "researchAndDevelopmentExpenses": 0,
        "generalAndAdministrativeExpenses": 163015000,
        "sellingAndMarketingExpenses": 0,
        "sellingGeneralAndAdministrativeExpenses": 163015000,
        "otherExpenses": 3813000,
        "operatingExpenses": 166828000,
        "costAndExpenses": 550583000,
        "interestIncome": 2160000,
        "interestExpense": 5593000,
        "depreciationAndAmortization": 20335000,
        "ebitda": 105672000,
        "ebitdaratio": 0.1675942035,
        "operatingIncome": 79940000,
        "operatingIncomeRatio": 0.1267836383,
        "totalOtherIncomeExpensesNet": -196000,
        "incomeBeforeTax": 79744000,
        "incomeBeforeTaxRatio": 0.1264727853,
        "incomeTaxExpense": 15395000,
        "netIncome": 64349000,
        "netIncomeRatio": 0.1020565467,
        "eps": 0.31,
        "epsdiluted": 0.31,
        "weightedAverageShsOut": 210178050,
        "weightedAverageShsOutDil": 213803134,
        "link": "https://www.sec.gov/Archives/edgar/data/1398659/000156459016023315/0001564590-16-023315-index.htm",
        "finalLink": "https://www.sec.gov/Archives/edgar/data/1398659/000156459016023315/g-10q_20160630.htm"
    },
    {
        "date": "2016-03-31",
        "symbol": "G",
        "reportedCurrency": "USD",
        "cik": "0001398659",
        "fillingDate": "2016-05-09",
        "acceptedDate": "2016-05-09 16:04:15",
        "calendarYear": "2016",
        "period": "Q1",
        "revenue": 609703000,
        "costOfRevenue": 372848000,
        "grossProfit": 236855000,
        "grossProfitRatio": 0.3884760285,
        "researchAndDevelopmentExpenses": 0,
        "generalAndAdministrativeExpenses": 157978000,
        "sellingAndMarketingExpenses": 0,
        "sellingGeneralAndAdministrativeExpenses": 157978000,
        "otherExpenses": 3255000,
        "operatingExpenses": 161233000,
        "costAndExpenses": 534081000,
        "interestIncome": 2364000,
        "interestExpense": 5202000,
        "depreciationAndAmortization": 19300000,
        "ebitda": 95021000,
        "ebitdaratio": 0.1558480112,
        "operatingIncome": 75622000,
        "operatingIncomeRatio": 0.1240308806,
        "totalOtherIncomeExpensesNet": -5103000,
        "incomeBeforeTax": 70519000,
        "incomeBeforeTaxRatio": 0.1156612318,
        "incomeTaxExpense": 12243000,
        "netIncome": 58276000,
        "netIncomeRatio": 0.0955809632,
        "eps": 0.28,
        "epsdiluted": 0.27,
        "weightedAverageShsOut": 210780165,
        "weightedAverageShsOutDil": 213892964,
        "link": "https://www.sec.gov/Archives/edgar/data/1398659/000119312516583783/0001193125-16-583783-index.htm",
        "finalLink": "https://www.sec.gov/Archives/edgar/data/1398659/000119312516583783/d272856d10q.htm"
    },
    {
        "date": "2015-12-31",
        "symbol": "G",
        "reportedCurrency": "USD",
        "cik": "0001398659",
        "fillingDate": "2016-02-26",
        "acceptedDate": "2016-02-26 12:55:13",
        "calendarYear": "2015",
        "period": "Q4",
        "revenue": 646528000,
        "costOfRevenue": 393937000,
        "grossProfit": 252591000,
        "grossProfitRatio": 0.3906884157,
        "researchAndDevelopmentExpenses": 0,
        "generalAndAdministrativeExpenses": 163267000,
        "sellingAndMarketingExpenses": 0,
        "sellingGeneralAndAdministrativeExpenses": 163267000,
        "otherExpenses": 5878000,
        "operatingExpenses": 169145000,
        "costAndExpenses": 563082000,
        "interestIncome": 3136000,
        "interestExpense": 5159000,
        "depreciationAndAmortization": 20739000,
        "ebitda": 107779000,
        "ebitdaratio": 0.1667043036,
        "operatingIncome": 83446000,
        "operatingIncomeRatio": 0.1290678826,
        "totalOtherIncomeExpensesNet": -1565000,
        "incomeBeforeTax": 81881000,
        "incomeBeforeTaxRatio": 0.1266472604,
        "incomeTaxExpense": 17468000,
        "netIncome": 64413000,
        "netIncomeRatio": 0.0996290957,
        "eps": 0.3,
        "epsdiluted": 0.3,
        "weightedAverageShsOut": 212697001,
        "weightedAverageShsOutDil": 215675065,
        "link": "https://www.sec.gov/Archives/edgar/data/1398659/000119312516480871/0001193125-16-480871-index.htm",
        "finalLink": "https://www.sec.gov/Archives/edgar/data/1398659/000119312516480871/d98410d10k.htm"
    },
    {
        "date": "2015-09-30",
        "symbol": "G",
        "reportedCurrency": "USD",
        "cik": "0001398659",
        "fillingDate": "2015-11-06",
        "acceptedDate": "2015-11-06 16:18:03",
        "calendarYear": "2015",
        "period": "Q3",
        "revenue": 617831000,
        "costOfRevenue": 375830000,
        "grossProfit": 242001000,
        "grossProfitRatio": 0.3916944925,
        "researchAndDevelopmentExpenses": 0,
        "generalAndAdministrativeExpenses": 142487000,
        "sellingAndMarketingExpenses": 0,
        "sellingGeneralAndAdministrativeExpenses": 142487000,
        "otherExpenses": 12171000,
        "operatingExpenses": 154658000,
        "costAndExpenses": 530488000,
        "interestIncome": 2343000,
        "interestExpense": 5210000,
        "depreciationAndAmortization": 20593000,
        "ebitda": 112056000,
        "ebitdaratio": 0.1813699863,
        "operatingIncome": 87343000,
        "operatingIncomeRatio": 0.1413703747,
        "totalOtherIncomeExpensesNet": -1090000,
        "incomeBeforeTax": 86253000,
        "incomeBeforeTaxRatio": 0.1396061382,
        "incomeTaxExpense": 18203000,
        "netIncome": 68050000,
        "netIncomeRatio": 0.1101433887,
        "eps": 0.32,
        "epsdiluted": 0.31,
        "weightedAverageShsOut": 215311322,
        "weightedAverageShsOutDil": 217595704,
        "link": "https://www.sec.gov/Archives/edgar/data/1398659/000119312515370201/0001193125-15-370201-index.htm",
        "finalLink": "https://www.sec.gov/Archives/edgar/data/1398659/000119312515370201/d66482d10q.htm"
    },
    {
        "date": "2015-06-30",
        "symbol": "G",
        "reportedCurrency": "USD",
        "cik": "0001398659",
        "fillingDate": "2015-08-07",
        "acceptedDate": "2015-08-07 13:22:07",
        "calendarYear": "2015",
        "period": "Q2",
        "revenue": 609532000,
        "costOfRevenue": 366304000,
        "grossProfit": 243228000,
        "grossProfitRatio": 0.3990405754,
        "researchAndDevelopmentExpenses": 0,
        "generalAndAdministrativeExpenses": 146976000,
        "sellingAndMarketingExpenses": 0,
        "sellingGeneralAndAdministrativeExpenses": 146976000,
        "otherExpenses": 6899000,
        "operatingExpenses": 153875000,
        "costAndExpenses": 520179000,
        "interestIncome": 2001000,
        "interestExpense": 9238000,
        "depreciationAndAmortization": 20609000,
        "ebitda": 107752000,
        "ebitdaratio": 0.1767782495,
        "operatingIncome": 89353000,
        "operatingIncomeRatio": 0.1465927958,
        "totalOtherIncomeExpensesNet": -11448000,
        "incomeBeforeTax": 77905000,
        "incomeBeforeTaxRatio": 0.1278111732,
        "incomeTaxExpense": 15204000,
        "netIncome": 62701000,
        "netIncomeRatio": 0.1028674458,
        "eps": 0.29,
        "epsdiluted": 0.28,
        "weightedAverageShsOut": 218525149,
        "weightedAverageShsOutDil": 220962306,
        "link": "https://www.sec.gov/Archives/edgar/data/1398659/000119312515282740/0001193125-15-282740-index.htm",
        "finalLink": "https://www.sec.gov/Archives/edgar/data/1398659/000119312515282740/d940262d10q.htm"
    },
    {
        "date": "2015-03-31",
        "symbol": "G",
        "reportedCurrency": "USD",
        "cik": "0001398659",
        "fillingDate": "2015-05-08",
        "acceptedDate": "2015-05-08 16:23:32",
        "calendarYear": "2015",
        "period": "Q1",
        "revenue": 587153000,
        "costOfRevenue": 357476000,
        "grossProfit": 229677000,
        "grossProfitRatio": 0.3911706148,
        "researchAndDevelopmentExpenses": 0,
        "generalAndAdministrativeExpenses": 146400000,
        "sellingAndMarketingExpenses": 0,
        "sellingGeneralAndAdministrativeExpenses": 146400000,
        "otherExpenses": 9227000,
        "operatingExpenses": 155627000,
        "costAndExpenses": 513103000,
        "interestIncome": 1196000,
        "interestExpense": 10221000,
        "depreciationAndAmortization": 20858000,
        "ebitda": 86794000,
        "ebitdaratio": 0.1478217773,
        "operatingIncome": 74050000,
        "operatingIncomeRatio": 0.1261170427,
        "totalOtherIncomeExpensesNet": -18335000,
        "incomeBeforeTax": 55715000,
        "incomeBeforeTaxRatio": 0.0948900883,
        "incomeTaxExpense": 11062000,
        "netIncome": 44653000,
        "netIncomeRatio": 0.0760500244,
        "eps": 0.2,
        "epsdiluted": 0.2,
        "weightedAverageShsOut": 219892695,
        "weightedAverageShsOutDil": 222347101,
        "link": "https://www.sec.gov/Archives/edgar/data/1398659/000119312515179631/0001193125-15-179631-index.htm",
        "finalLink": "https://www.sec.gov/Archives/edgar/data/1398659/000119312515179631/d887929d10q.htm"
    },
    {
        "date": "2014-12-31",
        "symbol": "G",
        "reportedCurrency": "USD",
        "cik": "0001398659",
        "fillingDate": "2015-02-27",
        "acceptedDate": "2015-02-27 14:09:07",
        "calendarYear": "2014",
        "period": "Q4",
        "revenue": 601530000,
        "costOfRevenue": 359199000,
        "grossProfit": 242331000,
        "grossProfitRatio": 0.4028577128,
        "researchAndDevelopmentExpenses": 0,
        "generalAndAdministrativeExpenses": 164982000,
        "sellingAndMarketingExpenses": 0,
        "sellingGeneralAndAdministrativeExpenses": 164982000,
        "otherExpenses": 6483000,
        "operatingExpenses": 171465000,
        "costAndExpenses": 530664000,
        "interestIncome": 823000,
        "interestExpense": 9405000,
        "depreciationAndAmortization": 21206000,
        "ebitda": 88519000,
        "ebitdaratio": 0.1471564178,
        "operatingIncome": 70866000,
        "operatingIncomeRatio": 0.1178095856,
        "totalOtherIncomeExpensesNet": -12958000,
        "incomeBeforeTax": 57908000,
        "incomeBeforeTaxRatio": 0.0962678503,
        "incomeTaxExpense": 12156000,
        "netIncome": 45752000,
        "netIncomeRatio": 0.0760593819,
        "eps": 0.21,
        "epsdiluted": 0.21,
        "weightedAverageShsOut": 216472908,
        "weightedAverageShsOutDil": 216472908,
        "link": "https://www.sec.gov/Archives/edgar/data/1398659/000119312515068826/0001193125-15-068826-index.htm",
        "finalLink": "https://www.sec.gov/Archives/edgar/data/1398659/000119312515068826/d833545d10k.htm"
    },
    {
        "date": "2014-09-30",
        "symbol": "G",
        "reportedCurrency": "USD",
        "cik": "0001398659",
        "fillingDate": "2014-11-07",
        "acceptedDate": "2014-11-07 14:31:35",
        "calendarYear": "2014",
        "period": "Q3",
        "revenue": 588107000,
        "costOfRevenue": 354475000,
        "grossProfit": 233632000,
        "grossProfitRatio": 0.3972610426,
        "researchAndDevelopmentExpenses": 0,
        "generalAndAdministrativeExpenses": 151001000,
        "sellingAndMarketingExpenses": 0,
        "sellingGeneralAndAdministrativeExpenses": 151001000,
        "otherExpenses": 9764000,
        "operatingExpenses": 160765000,
        "costAndExpenses": 515240000,
        "interestIncome": 1597000,
        "interestExpense": 8986000,
        "depreciationAndAmortization": 20779000,
        "ebitda": 91555000,
        "ebitdaratio": 0.1556774533,
        "operatingIncome": 72867000,
        "operatingIncomeRatio": 0.1239009228,
        "totalOtherIncomeExpensesNet": -11077000,
        "incomeBeforeTax": 61790000,
        "incomeBeforeTaxRatio": 0.1050659149,
        "incomeTaxExpense": 15124000,
        "netIncome": 46666000,
        "netIncomeRatio": 0.0793495061,
        "eps": 0.22,
        "epsdiluted": 0.21,
        "weightedAverageShsOut": 216472908,
        "weightedAverageShsOutDil": 220535530,
        "link": "https://www.sec.gov/Archives/edgar/data/1398659/000119312514403042/0001193125-14-403042-index.htm",
        "finalLink": "https://www.sec.gov/Archives/edgar/data/1398659/000119312514403042/d778868d10q.htm"
    },
    {
        "date": "2014-06-30",
        "symbol": "G",
        "reportedCurrency": "USD",
        "cik": "0001398659",
        "fillingDate": "2014-08-08",
        "acceptedDate": "2014-08-08 14:08:33",
        "calendarYear": "2014",
        "period": "Q2",
        "revenue": 561611000,
        "costOfRevenue": 340125000,
        "grossProfit": 221486000,
        "grossProfitRatio": 0.3943761785,
        "researchAndDevelopmentExpenses": 0,
        "generalAndAdministrativeExpenses": 140636000,
        "sellingAndMarketingExpenses": 0,
        "sellingGeneralAndAdministrativeExpenses": 140636000,
        "otherExpenses": 7799000,
        "operatingExpenses": 148435000,
        "costAndExpenses": 488560000,
        "interestIncome": 626000,
        "interestExpense": 7648000,
        "depreciationAndAmortization": 19263000,
        "ebitda": 89662000,
        "ebitdaratio": 0.1596514313,
        "operatingIncome": 73051000,
        "operatingIncomeRatio": 0.1300740192,
        "totalOtherIncomeExpensesNet": -10300000,
        "incomeBeforeTax": 62751000,
        "incomeBeforeTaxRatio": 0.1117339226,
        "incomeTaxExpense": 13851000,
        "netIncome": 48900000,
        "netIncomeRatio": 0.0870709441,
        "eps": 0.23,
        "epsdiluted": 0.22,
        "weightedAverageShsOut": 217541960,
        "weightedAverageShsOutDil": 221509867,
        "link": "https://www.sec.gov/Archives/edgar/data/1398659/000119312514302730/0001193125-14-302730-index.htm",
        "finalLink": "https://www.sec.gov/Archives/edgar/data/1398659/000119312514302730/d739789d10q.htm"
    },
    {
        "date": "2014-03-31",
        "symbol": "G",
        "reportedCurrency": "USD",
        "cik": "0001398659",
        "fillingDate": "2014-05-09",
        "acceptedDate": "2014-05-09 14:35:06",
        "calendarYear": "2014",
        "period": "Q1",
        "revenue": 528190000,
        "costOfRevenue": 324289000,
        "grossProfit": 203901000,
        "grossProfitRatio": 0.3860372215,
        "researchAndDevelopmentExpenses": 0,
        "generalAndAdministrativeExpenses": 120435000,
        "sellingAndMarketingExpenses": 0,
        "sellingGeneralAndAdministrativeExpenses": 120435000,
        "otherExpenses": 6219000,
        "operatingExpenses": 126654000,
        "costAndExpenses": 450943000,
        "interestIncome": 1359000,
        "interestExpense": 7761000,
        "depreciationAndAmortization": 18359000,
        "ebitda": 93261000,
        "ebitdaratio": 0.1765671444,
        "operatingIncome": 77247000,
        "operatingIncomeRatio": 0.1462485091,
        "totalOtherIncomeExpensesNet": -10106000,
        "incomeBeforeTax": 67141000,
        "incomeBeforeTaxRatio": 0.1271152426,
        "incomeTaxExpense": 16288000,
        "netIncome": 50853000,
        "netIncomeRatio": 0.0962778546,
        "eps": 0.22,
        "epsdiluted": 0.21,
        "weightedAverageShsOut": 232093917,
        "weightedAverageShsOutDil": 237275651,
        "link": "https://www.sec.gov/Archives/edgar/data/1398659/000119312514192130/0001193125-14-192130-index.htm",
        "finalLink": "https://www.sec.gov/Archives/edgar/data/1398659/000119312514192130/d694800d10q.htm"
    },
    {
        "date": "2013-12-31",
        "symbol": "G",
        "reportedCurrency": "USD",
        "cik": "0001398659",
        "fillingDate": "2014-02-28",
        "acceptedDate": "2014-02-28 14:39:34",
        "calendarYear": "2013",
        "period": "Q4",
        "revenue": 558459000,
        "costOfRevenue": 345842000,
        "grossProfit": 212617000,
        "grossProfitRatio": 0.3807208766,
        "researchAndDevelopmentExpenses": 0,
        "generalAndAdministrativeExpenses": 134122000,
        "sellingAndMarketingExpenses": 0,
        "sellingGeneralAndAdministrativeExpenses": 134122000,
        "otherExpenses": 6862000,
        "operatingExpenses": 140984000,
        "costAndExpenses": 486826000,
        "interestIncome": 1622000,
        "interestExpense": 8015000,
        "depreciationAndAmortization": 18587000,
        "ebitda": 89205000,
        "ebitdaratio": 0.1597341971,
        "operatingIncome": 71633000,
        "operatingIncomeRatio": 0.1282690403,
        "totalOtherIncomeExpensesNet": -9030000,
        "incomeBeforeTax": 62603000,
        "incomeBeforeTaxRatio": 0.1120995454,
        "incomeTaxExpense": 12697000,
        "netIncome": 49906000,
        "netIncomeRatio": 0.0893637671,
        "eps": 0.22,
        "epsdiluted": 0.22,
        "weightedAverageShsOut": 230057508,
        "weightedAverageShsOutDil": 230057508,
        "link": "https://www.sec.gov/Archives/edgar/data/1398659/000119312514076650/0001193125-14-076650-index.htm",
        "finalLink": "https://www.sec.gov/Archives/edgar/data/1398659/000119312514076650/d660707d10k.htm"
    },
    {
        "date": "2013-09-30",
        "symbol": "G",
        "reportedCurrency": "USD",
        "cik": "0001398659",
        "fillingDate": "2013-11-08",
        "acceptedDate": "2013-11-08 14:44:17",
        "calendarYear": "2013",
        "period": "Q3",
        "revenue": 534886000,
        "costOfRevenue": 329289000,
        "grossProfit": 205597000,
        "grossProfitRatio": 0.3843753622,
        "researchAndDevelopmentExpenses": 0,
        "generalAndAdministrativeExpenses": 114898000,
        "sellingAndMarketingExpenses": 0,
        "sellingGeneralAndAdministrativeExpenses": 114898000,
        "otherExpenses": 4742000,
        "operatingExpenses": 119640000,
        "costAndExpenses": 448929000,
        "interestIncome": 4355000,
        "interestExpense": 8134000,
        "depreciationAndAmortization": 18819000,
        "ebitda": 120305000,
        "ebitdaratio": 0.2249170851,
        "operatingIncome": 85957000,
        "operatingIncomeRatio": 0.1607015327,
        "totalOtherIncomeExpensesNet": 7395000,
        "incomeBeforeTax": 93352000,
        "incomeBeforeTaxRatio": 0.1745269085,
        "incomeTaxExpense": 21921000,
        "netIncome": 71431000,
        "netIncomeRatio": 0.133544344,
        "eps": 0.31,
        "epsdiluted": 0.3,
        "weightedAverageShsOut": 230057508,
        "weightedAverageShsOutDil": 236336924,
        "link": "https://www.sec.gov/Archives/edgar/data/1398659/000119312513434946/0001193125-13-434946-index.htm",
        "finalLink": "https://www.sec.gov/Archives/edgar/data/1398659/000119312513434946/d599968d10q.htm"
    },
    {
        "date": "2013-06-30",
        "symbol": "G",
        "reportedCurrency": "USD",
        "cik": "0001398659",
        "fillingDate": "2013-08-09",
        "acceptedDate": "2013-08-09 13:10:01",
        "calendarYear": "2013",
        "period": "Q2",
        "revenue": 534804000,
        "costOfRevenue": 332714000,
        "grossProfit": 202090000,
        "grossProfitRatio": 0.3778767548,
        "researchAndDevelopmentExpenses": 0,
        "generalAndAdministrativeExpenses": 116267000,
        "sellingAndMarketingExpenses": 0,
        "sellingGeneralAndAdministrativeExpenses": 116267000,
        "otherExpenses": 7835000,
        "operatingExpenses": 124102000,
        "costAndExpenses": 456816000,
        "interestIncome": 4486000,
        "interestExpense": 12789000,
        "depreciationAndAmortization": 19924000,
        "ebitda": 117409000,
        "ebitdaratio": 0.2195365031,
        "operatingIncome": 77988000,
        "operatingIncomeRatio": 0.1458253865,
        "totalOtherIncomeExpensesNet": 6708000,
        "incomeBeforeTax": 84696000,
        "incomeBeforeTaxRatio": 0.1583682994,
        "incomeTaxExpense": 19234000,
        "netIncome": 65462000,
        "netIncomeRatio": 0.1224037217,
        "eps": 0.28,
        "epsdiluted": 0.27,
        "weightedAverageShsOut": 229237503,
        "weightedAverageShsOutDil": 235329303,
        "link": "https://www.sec.gov/Archives/edgar/data/1398659/000119312513328721/0001193125-13-328721-index.htm",
        "finalLink": "https://www.sec.gov/Archives/edgar/data/1398659/000119312513328721/d546922d10q.htm"
    },
    {
        "date": "2013-03-31",
        "symbol": "G",
        "reportedCurrency": "USD",
        "cik": "0001398659",
        "fillingDate": "2013-05-10",
        "acceptedDate": "2013-05-10 14:35:12",
        "calendarYear": "2013",
        "period": "Q1",
        "revenue": 503848000,
        "costOfRevenue": 311726000,
        "grossProfit": 192122000,
        "grossProfitRatio": 0.3813094425,
        "researchAndDevelopmentExpenses": 0,
        "generalAndAdministrativeExpenses": 111079000,
        "sellingAndMarketingExpenses": 0,
        "sellingGeneralAndAdministrativeExpenses": 111079000,
        "otherExpenses": 7094000,
        "operatingExpenses": 118173000,
        "costAndExpenses": 429899000,
        "interestIncome": 5273000,
        "interestExpense": 9938000,
        "depreciationAndAmortization": 19130000,
        "ebitda": 94568000,
        "ebitdaratio": 0.187691526,
        "operatingIncome": 73949000,
        "operatingIncomeRatio": 0.1467684699,
        "totalOtherIncomeExpensesNet": -8449000,
        "incomeBeforeTax": 65500000,
        "incomeBeforeTaxRatio": 0.1299995237,
        "incomeTaxExpense": 17248000,
        "netIncome": 48252000,
        "netIncomeRatio": 0.0957669773,
        "eps": 0.21,
        "epsdiluted": 0.2,
        "weightedAverageShsOut": 227227226,
        "weightedAverageShsOutDil": 233620751,
        "link": "https://www.sec.gov/Archives/edgar/data/1398659/000119312513213604/0001193125-13-213604-index.htm",
        "finalLink": "https://www.sec.gov/Archives/edgar/data/1398659/000119312513213604/d505053d10q.htm"
    },
    {
        "date": "2012-12-31",
        "symbol": "G",
        "reportedCurrency": "USD",
        "cik": "0001398659",
        "fillingDate": "2013-03-01",
        "acceptedDate": "2013-03-01 14:31:31",
        "calendarYear": "2012",
        "period": "Q4",
        "revenue": 507704000,
        "costOfRevenue": 309826000,
        "grossProfit": 197878000,
        "grossProfitRatio": 0.3897507209,
        "researchAndDevelopmentExpenses": 0,
        "generalAndAdministrativeExpenses": 0,
        "sellingAndMarketingExpenses": 0,
        "sellingGeneralAndAdministrativeExpenses": 116525000,
        "otherExpenses": 10558000,
        "operatingExpenses": 127083000,
        "costAndExpenses": 436909000,
        "interestIncome": 4042000,
        "interestExpense": 10134000,
        "depreciationAndAmortization": 20636000,
        "ebitda": 110874000,
        "ebitdaratio": 0.2183831524,
        "operatingIncome": 70795000,
        "operatingIncomeRatio": 0.1394414856,
        "totalOtherIncomeExpensesNet": 9309000,
        "incomeBeforeTax": 80104000,
        "incomeBeforeTaxRatio": 0.1577769724,
        "incomeTaxExpense": 25180000,
        "netIncome": 59775000,
        "netIncomeRatio": 0.1177359249,
        "eps": 0.27,
        "epsdiluted": 0.27,
        "weightedAverageShsOut": 223876035,
        "weightedAverageShsOutDil": 223876035,
        "link": "https://www.sec.gov/Archives/edgar/data/1398659/000119312513087279/0001193125-13-087279-index.htm",
        "finalLink": "https://www.sec.gov/Archives/edgar/data/1398659/000119312513087279/d449875d10k.htm"
    },
    {
        "date": "2012-09-30",
        "symbol": "G",
        "reportedCurrency": "USD",
        "cik": "0001398659",
        "fillingDate": "2012-11-09",
        "acceptedDate": "2012-11-09 14:12:21",
        "calendarYear": "2012",
        "period": "Q3",
        "revenue": 491157000,
        "costOfRevenue": 297253000,
        "grossProfit": 193904000,
        "grossProfitRatio": 0.3947902605,
        "researchAndDevelopmentExpenses": 0,
        "generalAndAdministrativeExpenses": 116337000,
        "sellingAndMarketingExpenses": 0,
        "sellingGeneralAndAdministrativeExpenses": 116337000,
        "otherExpenses": 7615000,
        "operatingExpenses": 123952000,
        "costAndExpenses": 421205000,
        "interestIncome": 2455000,
        "interestExpense": 11022000,
        "depreciationAndAmortization": 19495000,
        "ebitda": 72367000,
        "ebitdaratio": 0.1473398526,
        "operatingIncome": 69952000,
        "operatingIncomeRatio": 0.1424228913,
        "totalOtherIncomeExpensesNet": -28102000,
        "incomeBeforeTax": 41850000,
        "incomeBeforeTaxRatio": 0.0852069705,
        "incomeTaxExpense": 15239000,
        "netIncome": 25175000,
        "netIncomeRatio": 0.0512565229,
        "eps": 0.11,
        "epsdiluted": 0.11,
        "weightedAverageShsOut": 223876035,
        "weightedAverageShsOutDil": 230195834,
        "link": "https://www.sec.gov/Archives/edgar/data/1398659/000119312512462827/0001193125-12-462827-index.htm",
        "finalLink": "https://www.sec.gov/Archives/edgar/data/1398659/000119312512462827/d406660d10q.htm"
    },
    {
        "date": "2012-06-30",
        "symbol": "G",
        "reportedCurrency": "USD",
        "cik": "0001398659",
        "fillingDate": "2012-08-09",
        "acceptedDate": "2012-08-09 15:33:05",
        "calendarYear": "2012",
        "period": "Q2",
        "revenue": 467631000,
        "costOfRevenue": 285222000,
        "grossProfit": 182409000,
        "grossProfitRatio": 0.390070376,
        "researchAndDevelopmentExpenses": 0,
        "generalAndAdministrativeExpenses": 112031000,
        "sellingAndMarketingExpenses": 0,
        "sellingGeneralAndAdministrativeExpenses": 112031000,
        "otherExpenses": 7211000,
        "operatingExpenses": 119242000,
        "costAndExpenses": 404464000,
        "interestIncome": 2385000,
        "interestExpense": 3406000,
        "depreciationAndAmortization": 19799000,
        "ebitda": 107637000,
        "ebitdaratio": 0.2301750739,
        "operatingIncome": 63167000,
        "operatingIncomeRatio": 0.1350787266,
        "totalOtherIncomeExpensesNet": 21265000,
        "incomeBeforeTax": 84432000,
        "incomeBeforeTaxRatio": 0.1805526152,
        "incomeTaxExpense": 21633000,
        "netIncome": 61100000,
        "netIncomeRatio": 0.1306585748,
        "eps": 0.27,
        "epsdiluted": 0.27,
        "weightedAverageShsOut": 223182251,
        "weightedAverageShsOutDil": 227880427,
        "link": "https://www.sec.gov/Archives/edgar/data/1398659/000119312512347342/0001193125-12-347342-index.htm",
        "finalLink": "https://www.sec.gov/Archives/edgar/data/1398659/000119312512347342/d360295d10q.htm"
    },
    {
        "date": "2012-03-31",
        "symbol": "G",
        "reportedCurrency": "USD",
        "cik": "0001398659",
        "fillingDate": "2012-05-10",
        "acceptedDate": "2012-05-10 10:55:58",
        "calendarYear": "2012",
        "period": "Q1",
        "revenue": 435479000,
        "costOfRevenue": 265465000,
        "grossProfit": 170014000,
        "grossProfitRatio": 0.3904068853,
        "researchAndDevelopmentExpenses": 0,
        "generalAndAdministrativeExpenses": 102867000,
        "sellingAndMarketingExpenses": 0,
        "sellingGeneralAndAdministrativeExpenses": 102867000,
        "otherExpenses": 6716000,
        "operatingExpenses": 109583000,
        "costAndExpenses": 375048000,
        "interestIncome": 3125000,
        "interestExpense": 3559000,
        "depreciationAndAmortization": 19464000,
        "ebitda": 79646000,
        "ebitdaratio": 0.1828928605,
        "operatingIncome": 60431000,
        "operatingIncomeRatio": 0.1387690336,
        "totalOtherIncomeExpensesNet": -3808000,
        "incomeBeforeTax": 56623000,
        "incomeBeforeTaxRatio": 0.1300246395,
        "incomeTaxExpense": 16367000,
        "netIncome": 38540000,
        "netIncomeRatio": 0.0885002492,
        "eps": 0.17,
        "epsdiluted": 0.17,
        "weightedAverageShsOut": 222810236,
        "weightedAverageShsOutDil": 227472915,
        "link": "https://www.sec.gov/Archives/edgar/data/1398659/000119312512224192/0001193125-12-224192-index.htm",
        "finalLink": "https://www.sec.gov/Archives/edgar/data/1398659/000119312512224192/d319475d10q.htm"
    },
    {
        "date": "2011-12-31",
        "symbol": "G",
        "reportedCurrency": "USD",
        "cik": "0001398659",
        "fillingDate": "2012-02-29",
        "acceptedDate": "2012-02-29 12:08:57",
        "calendarYear": "2011",
        "period": "Q4",
        "revenue": 442694000,
        "costOfRevenue": 268069000,
        "grossProfit": 174625000,
        "grossProfitRatio": 0.39445983,
        "researchAndDevelopmentExpenses": 0,
        "generalAndAdministrativeExpenses": 0,
        "sellingAndMarketingExpenses": 0,
        "sellingGeneralAndAdministrativeExpenses": 99350000,
        "otherExpenses": 13347000,
        "operatingExpenses": 112697000,
        "costAndExpenses": 380766000,
        "interestIncome": 4215000,
        "interestExpense": 3551000,
        "depreciationAndAmortization": 19843000,
        "ebitda": 110395000,
        "ebitdaratio": 0.2493708973,
        "operatingIncome": 61928000,
        "operatingIncomeRatio": 0.1398889526,
        "totalOtherIncomeExpensesNet": 25400000,
        "incomeBeforeTax": 87001000,
        "incomeBeforeTaxRatio": 0.1965262687,
        "incomeTaxExpense": 24270000,
        "netIncome": 61120000,
        "netIncomeRatio": 0.1380637641,
        "eps": 0.28,
        "epsdiluted": 0.28,
        "weightedAverageShsOut": 221771264,
        "weightedAverageShsOutDil": 221771264,
        "link": "https://www.sec.gov/Archives/edgar/data/1398659/000119312512087932/0001193125-12-087932-index.htm",
        "finalLink": "https://www.sec.gov/Archives/edgar/data/1398659/000119312512087932/d258759d10k.htm"
    },
    {
        "date": "2011-09-30",
        "symbol": "G",
        "reportedCurrency": "USD",
        "cik": "0001398659",
        "fillingDate": "2011-11-09",
        "acceptedDate": "2011-11-09 16:18:42",
        "calendarYear": "2011",
        "period": "Q3",
        "revenue": 429565000,
        "costOfRevenue": 268312000,
        "grossProfit": 161253000,
        "grossProfitRatio": 0.3753867284,
        "researchAndDevelopmentExpenses": 0,
        "generalAndAdministrativeExpenses": 0,
        "sellingAndMarketingExpenses": 0,
        "sellingGeneralAndAdministrativeExpenses": 93552000,
        "otherExpenses": 10953000,
        "operatingExpenses": 104505000,
        "costAndExpenses": 372817000,
        "interestIncome": 3758000,
        "interestExpense": 3063000,
        "depreciationAndAmortization": 21341000,
        "ebitda": 93014000,
        "ebitdaratio": 0.2165306764,
        "operatingIncome": 56748000,
        "operatingIncomeRatio": 0.1321057349,
        "totalOtherIncomeExpensesNet": 11862000,
        "incomeBeforeTax": 68610000,
        "incomeBeforeTaxRatio": 0.1597197165,
        "incomeTaxExpense": 18907000,
        "netIncome": 48046000,
        "netIncomeRatio": 0.1118480323,
        "eps": 0.22,
        "epsdiluted": 0.21,
        "weightedAverageShsOut": 221771264,
        "weightedAverageShsOutDil": 226772299,
        "link": "https://www.sec.gov/Archives/edgar/data/1398659/000119312511304588/0001193125-11-304588-index.htm",
        "finalLink": "https://www.sec.gov/Archives/edgar/data/1398659/000119312511304588/d229817d10q.htm"
    },
    {
        "date": "2011-06-30",
        "symbol": "G",
        "reportedCurrency": "USD",
        "cik": "0001398659",
        "fillingDate": "2011-08-09",
        "acceptedDate": "2011-08-09 15:09:51",
        "calendarYear": "2011",
        "period": "Q2",
        "revenue": 397623000,
        "costOfRevenue": 254030000,
        "grossProfit": 143593000,
        "grossProfitRatio": 0.3611285061,
        "researchAndDevelopmentExpenses": 0,
        "generalAndAdministrativeExpenses": 84714000,
        "sellingAndMarketingExpenses": 0,
        "sellingGeneralAndAdministrativeExpenses": 84714000,
        "otherExpenses": 7815000,
        "operatingExpenses": 92529000,
        "costAndExpenses": 346559000,
        "interestIncome": 3605000,
        "interestExpense": 1934000,
        "depreciationAndAmortization": 20183000,
        "ebitda": 77203000,
        "ebitdaratio": 0.1941613035,
        "operatingIncome": 51064000,
        "operatingIncomeRatio": 0.1284231546,
        "totalOtherIncomeExpensesNet": 4022000,
        "incomeBeforeTax": 55086000,
        "incomeBeforeTaxRatio": 0.1385382636,
        "incomeTaxExpense": 14357000,
        "netIncome": 39009000,
        "netIncomeRatio": 0.0981054919,
        "eps": 0.18,
        "epsdiluted": 0.17,
        "weightedAverageShsOut": 221297842,
        "weightedAverageShsOutDil": 226146388,
        "link": "https://www.sec.gov/Archives/edgar/data/1398659/000119312511216336/0001193125-11-216336-index.htm",
        "finalLink": "https://www.sec.gov/Archives/edgar/data/1398659/000119312511216336/d10q.htm"
    },
    {
        "date": "2011-03-31",
        "symbol": "G",
        "reportedCurrency": "USD",
        "cik": "0001398659",
        "fillingDate": "2011-05-10",
        "acceptedDate": "2011-05-10 12:20:54",
        "calendarYear": "2011",
        "period": "Q1",
        "revenue": 330553000,
        "costOfRevenue": 214487000,
        "grossProfit": 116066000,
        "grossProfitRatio": 0.3511267482,
        "researchAndDevelopmentExpenses": 0,
        "generalAndAdministrativeExpenses": 0,
        "sellingAndMarketingExpenses": 0,
        "sellingGeneralAndAdministrativeExpenses": 67441000,
        "otherExpenses": 2121000,
        "operatingExpenses": 69562000,
        "costAndExpenses": 284049000,
        "interestIncome": 3558000,
        "interestExpense": 666000,
        "depreciationAndAmortization": 17122000,
        "ebitda": 68823000,
        "ebitdaratio": 0.2082056433,
        "operatingIncome": 46504000,
        "operatingIncomeRatio": 0.1406854574,
        "totalOtherIncomeExpensesNet": 4531000,
        "incomeBeforeTax": 51035000,
        "incomeBeforeTaxRatio": 0.1543927903,
        "incomeTaxExpense": 13122000,
        "netIncome": 36119000,
        "netIncomeRatio": 0.1092684078,
        "eps": 0.16,
        "epsdiluted": 0.16,
        "weightedAverageShsOut": 221008760,
        "weightedAverageShsOutDil": 225543290,
        "link": "https://www.sec.gov/Archives/edgar/data/1398659/000119312511133786/0001193125-11-133786-index.htm",
        "finalLink": "https://www.sec.gov/Archives/edgar/data/1398659/000119312511133786/d10q.htm"
    },
    {
        "date": "2010-12-31",
        "symbol": "G",
        "reportedCurrency": "USD",
        "cik": "0001398659",
        "fillingDate": "2011-03-01",
        "acceptedDate": "2011-03-01 16:15:54",
        "calendarYear": "2010",
        "period": "Q4",
        "revenue": 341546000,
        "costOfRevenue": 215903000,
        "grossProfit": 125643000,
        "grossProfitRatio": 0.3678655291,
        "researchAndDevelopmentExpenses": 0,
        "generalAndAdministrativeExpenses": 0,
        "sellingAndMarketingExpenses": 0,
        "sellingGeneralAndAdministrativeExpenses": 70527000,
        "otherExpenses": -4769000,
        "operatingExpenses": 65758000,
        "costAndExpenses": 281661000,
        "interestIncome": 2417000,
        "interestExpense": 995000,
        "depreciationAndAmortization": 18628000,
        "ebitda": 81627000,
        "ebitdaratio": 0.2389926979,
        "operatingIncome": 59885000,
        "operatingIncomeRatio": 0.175335094,
        "totalOtherIncomeExpensesNet": 2119000,
        "incomeBeforeTax": 62004000,
        "incomeBeforeTaxRatio": 0.1815392363,
        "incomeTaxExpense": 14631000,
        "netIncome": 46029000,
        "netIncomeRatio": 0.13476662,
        "eps": 0.21,
        "epsdiluted": 0.21,
        "weightedAverageShsOut": 219630410,
        "weightedAverageShsOutDil": 219630410,
        "link": "https://www.sec.gov/Archives/edgar/data/1398659/000119312511052096/0001193125-11-052096-index.htm",
        "finalLink": "https://www.sec.gov/Archives/edgar/data/1398659/000119312511052096/d10k.htm"
    },
    {
        "date": "2010-09-30",
        "symbol": "G",
        "reportedCurrency": "USD",
        "cik": "0001398659",
        "fillingDate": "2010-11-09",
        "acceptedDate": "2010-11-09 16:23:43",
        "calendarYear": "2010",
        "period": "Q3",
        "revenue": 321571000,
        "costOfRevenue": 204833000,
        "grossProfit": 116738000,
        "grossProfitRatio": 0.3630240289,
        "researchAndDevelopmentExpenses": 0,
        "generalAndAdministrativeExpenses": 69074000,
        "sellingAndMarketingExpenses": 2198000,
        "sellingGeneralAndAdministrativeExpenses": 71272000,
        "otherExpenses": 3036000,
        "operatingExpenses": 74308000,
        "costAndExpenses": 279141000,
        "interestIncome": 1127000,
        "interestExpense": 629000,
        "depreciationAndAmortization": 18319000,
        "ebitda": 67997000,
        "ebitdaratio": 0.2114525253,
        "operatingIncome": 42430000,
        "operatingIncomeRatio": 0.1319459777,
        "totalOtherIncomeExpensesNet": 6723000,
        "incomeBeforeTax": 49049000,
        "incomeBeforeTaxRatio": 0.1525293015,
        "incomeTaxExpense": 7490000,
        "netIncome": 40131000,
        "netIncomeRatio": 0.1247967012,
        "eps": 0.18,
        "epsdiluted": 0.18,
        "weightedAverageShsOut": 219630410,
        "weightedAverageShsOutDil": 224831250,
        "link": "https://www.sec.gov/Archives/edgar/data/1398659/000119312510254191/0001193125-10-254191-index.htm",
        "finalLink": "https://www.sec.gov/Archives/edgar/data/1398659/000119312510254191/d10q.htm"
    },
    {
        "date": "2010-06-30",
        "symbol": "G",
        "reportedCurrency": "USD",
        "cik": "0001398659",
        "fillingDate": "2010-08-09",
        "acceptedDate": "2010-08-09 16:01:33",
        "calendarYear": "2010",
        "period": "Q2",
        "revenue": 307627000,
        "costOfRevenue": 191101000,
        "grossProfit": 116526000,
        "grossProfitRatio": 0.3787898982,
        "researchAndDevelopmentExpenses": 0,
        "generalAndAdministrativeExpenses": 72526000,
        "sellingAndMarketingExpenses": 2751000,
        "sellingGeneralAndAdministrativeExpenses": 75277000,
        "otherExpenses": 2954000,
        "operatingExpenses": 78231000,
        "costAndExpenses": 269332000,
        "interestIncome": 702000,
        "interestExpense": 530000,
        "depreciationAndAmortization": 18919000,
        "ebitda": 53461000,
        "ebitdaratio": 0.1737851359,
        "operatingIncome": 38295000,
        "operatingIncomeRatio": 0.124485172,
        "totalOtherIncomeExpensesNet": -4283000,
        "incomeBeforeTax": 34012000,
        "incomeBeforeTaxRatio": 0.1105624669,
        "incomeTaxExpense": 4865000,
        "netIncome": 27847000,
        "netIncomeRatio": 0.0905219633,
        "eps": 0.13,
        "epsdiluted": 0.12,
        "weightedAverageShsOut": 218955223,
        "weightedAverageShsOutDil": 224947174,
        "link": "https://www.sec.gov/Archives/edgar/data/1398659/000119312510183299/0001193125-10-183299-index.htm",
        "finalLink": "https://www.sec.gov/Archives/edgar/data/1398659/000119312510183299/d10q.htm"
    },
    {
        "date": "2010-03-31",
        "symbol": "G",
        "reportedCurrency": "USD",
        "cik": "0001398659",
        "fillingDate": "2010-05-10",
        "acceptedDate": "2010-05-10 15:20:06",
        "calendarYear": "2010",
        "period": "Q1",
        "revenue": 288219000,
        "costOfRevenue": 176685000,
        "grossProfit": 111534000,
        "grossProfitRatio": 0.3869765699,
        "researchAndDevelopmentExpenses": 0,
        "generalAndAdministrativeExpenses": 69975000,
        "sellingAndMarketingExpenses": 2916000,
        "sellingGeneralAndAdministrativeExpenses": 72891000,
        "otherExpenses": 1389000,
        "operatingExpenses": 74280000,
        "costAndExpenses": 250965000,
        "interestIncome": 1342000,
        "interestExpense": 575000,
        "depreciationAndAmortization": 18290000,
        "ebitda": 56325000,
        "ebitdaratio": 0.1954243128,
        "operatingIncome": 37254000,
        "operatingIncomeRatio": 0.1292558783,
        "totalOtherIncomeExpensesNet": 206000,
        "incomeBeforeTax": 37460000,
        "incomeBeforeTaxRatio": 0.1299706126,
        "incomeTaxExpense": 7217000,
        "netIncome": 28174000,
        "netIncomeRatio": 0.0977520566,
        "eps": 0.13,
        "epsdiluted": 0.13,
        "weightedAverageShsOut": 217956146,
        "weightedAverageShsOutDil": 223972059,
        "link": "https://www.sec.gov/Archives/edgar/data/1398659/000119312510114455/0001193125-10-114455-index.htm",
        "finalLink": "https://www.sec.gov/Archives/edgar/data/1398659/000119312510114455/d10q.htm"
    },
    {
        "date": "2009-12-31",
        "symbol": "G",
        "reportedCurrency": "USD",
        "cik": "0001398659",
        "fillingDate": "2010-02-23",
        "acceptedDate": "2010-02-23 16:38:54",
        "calendarYear": "2009",
        "period": "Q4",
        "revenue": 296946000,
        "costOfRevenue": 176108000,
        "grossProfit": 120838000,
        "grossProfitRatio": 0.4069359412,
        "researchAndDevelopmentExpenses": 0,
        "generalAndAdministrativeExpenses": 0,
        "sellingAndMarketingExpenses": 0,
        "sellingGeneralAndAdministrativeExpenses": 70427000,
        "otherExpenses": 4098000,
        "operatingExpenses": 74525000,
        "costAndExpenses": 250633000,
        "interestIncome": 1555000,
        "interestExpense": 1259000,
        "depreciationAndAmortization": 20512000,
        "ebitda": 65585000,
        "ebitdaratio": 0.2208650731,
        "operatingIncome": 46313000,
        "operatingIncomeRatio": 0.1559643841,
        "totalOtherIncomeExpensesNet": -2499000,
        "incomeBeforeTax": 43814000,
        "incomeBeforeTaxRatio": 0.1475487126,
        "incomeTaxExpense": 7036000,
        "netIncome": 34589000,
        "netIncomeRatio": 0.1164824581,
        "eps": 0.16,
        "epsdiluted": 0.16,
        "weightedAverageShsOut": 215794607,
        "weightedAverageShsOutDil": 215794607,
        "link": "https://www.sec.gov/Archives/edgar/data/1398659/000119312510037647/0001193125-10-037647-index.htm",
        "finalLink": "https://www.sec.gov/Archives/edgar/data/1398659/000119312510037647/d10k.htm"
    },
    {
        "date": "2009-09-30",
        "symbol": "G",
        "reportedCurrency": "USD",
        "cik": "0001398659",
        "fillingDate": "2009-11-09",
        "acceptedDate": "2009-11-09 15:35:03",
        "calendarYear": "2009",
        "period": "Q3",
        "revenue": 284440000,
        "costOfRevenue": 166995000,
        "grossProfit": 117445000,
        "grossProfitRatio": 0.4128990297,
        "researchAndDevelopmentExpenses": 0,
        "generalAndAdministrativeExpenses": 64591000,
        "sellingAndMarketingExpenses": 0,
        "sellingGeneralAndAdministrativeExpenses": 64591000,
        "otherExpenses": 7941000,
        "operatingExpenses": 72532000,
        "costAndExpenses": 239527000,
        "interestIncome": 1188000,
        "interestExpense": 725000,
        "depreciationAndAmortization": 20124000,
        "ebitda": 63491000,
        "ebitdaratio": 0.2232140346,
        "operatingIncome": 44913000,
        "operatingIncomeRatio": 0.1578997328,
        "totalOtherIncomeExpensesNet": -2271000,
        "incomeBeforeTax": 42642000,
        "incomeBeforeTaxRatio": 0.1499156237,
        "incomeTaxExpense": 7895000,
        "netIncome": 33062000,
        "netIncomeRatio": 0.1162354099,
        "eps": 0.15,
        "epsdiluted": 0.15,
        "weightedAverageShsOut": 215794607,
        "weightedAverageShsOutDil": 221799597,
        "link": "https://www.sec.gov/Archives/edgar/data/1398659/000110465909063651/0001104659-09-063651-index.htm",
        "finalLink": "https://www.sec.gov/Archives/edgar/data/1398659/000110465909063651/a09-31082_110q.htm"
    },
    {
        "date": "2009-06-30",
        "symbol": "G",
        "reportedCurrency": "USD",
        "cik": "0001398659",
        "fillingDate": "2009-08-10",
        "acceptedDate": "2009-08-10 15:38:18",
        "calendarYear": "2009",
        "period": "Q2",
        "revenue": 272850000,
        "costOfRevenue": 165803000,
        "grossProfit": 107047000,
        "grossProfitRatio": 0.3923291186,
        "researchAndDevelopmentExpenses": 0,
        "generalAndAdministrativeExpenses": 61262000,
        "sellingAndMarketingExpenses": 0,
        "sellingGeneralAndAdministrativeExpenses": 61262000,
        "otherExpenses": 7936000,
        "operatingExpenses": 69198000,
        "costAndExpenses": 235001000,
        "interestIncome": 2300000,
        "interestExpense": 1034000,
        "depreciationAndAmortization": 19565000,
        "ebitda": 58080000,
        "ebitdaratio": 0.2128642111,
        "operatingIncome": 37849000,
        "operatingIncomeRatio": 0.1387172439,
        "totalOtherIncomeExpensesNet": -368000,
        "incomeBeforeTax": 37481000,
        "incomeBeforeTaxRatio": 0.1373685175,
        "incomeTaxExpense": 5663000,
        "netIncome": 29687000,
        "netIncomeRatio": 0.1088033718,
        "eps": 0.14,
        "epsdiluted": 0.14,
        "weightedAverageShsOut": 215030747,
        "weightedAverageShsOutDil": 218644090,
        "link": "https://www.sec.gov/Archives/edgar/data/1398659/000110465909048601/0001104659-09-048601-index.htm",
        "finalLink": "https://www.sec.gov/Archives/edgar/data/1398659/000110465909048601/a09-18746_110q.htm"
    },
    {
        "date": "2009-03-31",
        "symbol": "G",
        "reportedCurrency": "USD",
        "cik": "0001398659",
        "fillingDate": "2009-05-11",
        "acceptedDate": "2009-05-11 15:01:41",
        "calendarYear": "2009",
        "period": "Q1",
        "revenue": 265833000,
        "costOfRevenue": 163719000,
        "grossProfit": 102114000,
        "grossProfitRatio": 0.3841283814,
        "researchAndDevelopmentExpenses": 0,
        "generalAndAdministrativeExpenses": 61479000,
        "sellingAndMarketingExpenses": 0,
        "sellingGeneralAndAdministrativeExpenses": 61479000,
        "otherExpenses": 7534000,
        "operatingExpenses": 69013000,
        "costAndExpenses": 232732000,
        "interestIncome": 2404000,
        "interestExpense": 1314000,
        "depreciationAndAmortization": 19386000,
        "ebitda": 57448000,
        "ebitdaratio": 0.2161056001,
        "operatingIncome": 33101000,
        "operatingIncomeRatio": 0.1245180245,
        "totalOtherIncomeExpensesNet": 3647000,
        "incomeBeforeTax": 36748000,
        "incomeBeforeTaxRatio": 0.1382371639,
        "incomeTaxExpense": 4872000,
        "netIncome": 31876000,
        "netIncomeRatio": 0.1199098682,
        "eps": 0.14,
        "epsdiluted": 0.14,
        "weightedAverageShsOut": 214585598,
        "weightedAverageShsOutDil": 217242725,
        "link": "https://www.sec.gov/Archives/edgar/data/1398659/000110465909031446/0001104659-09-031446-index.htm",
        "finalLink": "https://www.sec.gov/Archives/edgar/data/1398659/000110465909031446/a09-11395_110q.htm"
    },
    {
        "date": "2008-12-31",
        "symbol": "G",
        "reportedCurrency": "USD",
        "cik": "0001398659",
        "fillingDate": "2009-03-02",
        "acceptedDate": "2009-03-02 14:14:29",
        "calendarYear": "2008",
        "period": "Q4",
        "revenue": 281846000,
        "costOfRevenue": 170293000,
        "grossProfit": 111553000,
        "grossProfitRatio": 0.3957941571,
        "researchAndDevelopmentExpenses": 0,
        "generalAndAdministrativeExpenses": 0,
        "sellingAndMarketingExpenses": 0,
        "sellingGeneralAndAdministrativeExpenses": 43398000,
        "otherExpenses": 17270000,
        "operatingExpenses": 60668000,
        "costAndExpenses": 230961000,
        "interestIncome": 0,
        "interestExpense": 0,
        "depreciationAndAmortization": 20844000,
        "ebitda": 71729000,
        "ebitdaratio": 0.2544971367,
        "operatingIncome": 50885000,
        "operatingIncomeRatio": 0.1805418562,
        "totalOtherIncomeExpensesNet": -14498000,
        "incomeBeforeTax": 36387000,
        "incomeBeforeTaxRatio": 0.1291024176,
        "incomeTaxExpense": -3412000,
        "netIncome": 46997000,
        "netIncomeRatio": 0.1667470888,
        "eps": 0.22,
        "epsdiluted": 0.22,
        "weightedAverageShsOut": 214182308,
        "weightedAverageShsOutDil": 214182308,
        "link": "https://www.sec.gov/Archives/edgar/data/1398659/000104746909002096/0001047469-09-002096-index.htm",
        "finalLink": "https://www.sec.gov/Archives/edgar/data/1398659/000104746909002096/a2191114z10-k.htm"
    },
    {
        "date": "2008-09-30",
        "symbol": "G",
        "reportedCurrency": "USD",
        "cik": "0001398659",
        "fillingDate": "2008-11-13",
        "acceptedDate": "2008-11-13 07:43:29",
        "calendarYear": "2008",
        "period": "Q3",
        "revenue": 270799000,
        "costOfRevenue": 155765000,
        "grossProfit": 115034000,
        "grossProfitRatio": 0.424794774,
        "researchAndDevelopmentExpenses": 0,
        "generalAndAdministrativeExpenses": 0,
        "sellingAndMarketingExpenses": 0,
        "sellingGeneralAndAdministrativeExpenses": 71175000,
        "otherExpenses": 7531000,
        "operatingExpenses": 78706000,
        "costAndExpenses": 234471000,
        "interestIncome": 4615000,
        "interestExpense": 2182000,
        "depreciationAndAmortization": 21945000,
        "ebitda": 65275000,
        "ebitdaratio": 0.2410459418,
        "operatingIncome": 36328000,
        "operatingIncomeRatio": 0.1341511601,
        "totalOtherIncomeExpensesNet": 4820000,
        "incomeBeforeTax": 41148000,
        "incomeBeforeTaxRatio": 0.1519503396,
        "incomeTaxExpense": 5692000,
        "netIncome": 33634000,
        "netIncomeRatio": 0.124202822,
        "eps": 0.16,
        "epsdiluted": 0.15,
        "weightedAverageShsOut": 214182308,
        "weightedAverageShsOutDil": 219350826,
        "link": "https://www.sec.gov/Archives/edgar/data/1398659/000110465908070350/0001104659-08-070350-index.htm",
        "finalLink": "https://www.sec.gov/Archives/edgar/data/1398659/000110465908070350/a08-25736_110q.htm"
    },
    {
        "date": "2008-06-30",
        "symbol": "G",
        "reportedCurrency": "USD",
        "cik": "0001398659",
        "fillingDate": "2008-08-14",
        "acceptedDate": "2008-08-14 08:41:06",
        "calendarYear": "2008",
        "period": "Q2",
        "revenue": 253576000,
        "costOfRevenue": 147092000,
        "grossProfit": 106484000,
        "grossProfitRatio": 0.4199293309,
        "researchAndDevelopmentExpenses": 0,
        "generalAndAdministrativeExpenses": 0,
        "sellingAndMarketingExpenses": 0,
        "sellingGeneralAndAdministrativeExpenses": 66632000,
        "otherExpenses": 10674000,
        "operatingExpenses": 77306000,
        "costAndExpenses": 224398000,
        "interestIncome": 4223000,
        "interestExpense": 1812000,
        "depreciationAndAmortization": 21706000,
        "ebitda": 54961000,
        "ebitdaratio": 0.2167436981,
        "operatingIncome": 29178000,
        "operatingIncomeRatio": 0.1150660946,
        "totalOtherIncomeExpensesNet": 2265000,
        "incomeBeforeTax": 31443000,
        "incomeBeforeTaxRatio": 0.1239983279,
        "incomeTaxExpense": 3376000,
        "netIncome": 24816000,
        "netIncomeRatio": 0.0978641512,
        "eps": 0.12,
        "epsdiluted": 0.11,
        "weightedAverageShsOut": 213001442,
        "weightedAverageShsOutDil": 218863648,
        "link": "https://www.sec.gov/Archives/edgar/data/1398659/000110465908052787/0001104659-08-052787-index.htm",
        "finalLink": "https://www.sec.gov/Archives/edgar/data/1398659/000110465908052787/a08-19075_110q.htm"
    },
    {
        "date": "2008-03-31",
        "symbol": "G",
        "reportedCurrency": "USD",
        "cik": "0001398659",
        "fillingDate": "2008-05-15",
        "acceptedDate": "2008-05-15 14:11:21",
        "calendarYear": "2008",
        "period": "Q1",
        "revenue": 234434000,
        "costOfRevenue": 157599000,
        "grossProfit": 76835000,
        "grossProfitRatio": 0.3277468285,
        "researchAndDevelopmentExpenses": 0,
        "generalAndAdministrativeExpenses": 0,
        "sellingAndMarketingExpenses": 0,
        "sellingGeneralAndAdministrativeExpenses": 66089000,
        "otherExpenses": -13291000,
        "operatingExpenses": 52798000,
        "costAndExpenses": 210397000,
        "interestIncome": 0,
        "interestExpense": 0,
        "depreciationAndAmortization": 27571000,
        "ebitda": 51608000,
        "ebitdaratio": 0.2201387171,
        "operatingIncome": 24037000,
        "operatingIncomeRatio": 0.1025320559,
        "totalOtherIncomeExpensesNet": 23997000,
        "incomeBeforeTax": 25911000,
        "incomeBeforeTaxRatio": 0.110525777,
        "incomeTaxExpense": 3166000,
        "netIncome": 19693000,
        "netIncomeRatio": 0.0840023205,
        "eps": 0.09,
        "epsdiluted": 0.09,
        "weightedAverageShsOut": 212197645,
        "weightedAverageShsOutDil": 218508968,
        "link": "https://www.sec.gov/Archives/edgar/data/1398659/000110465908033552/0001104659-08-033552-index.htm",
        "finalLink": "https://www.sec.gov/Archives/edgar/data/1398659/000110465908033552/a08-11781_110q.htm"
    },
    {
        "date": "2007-12-31",
        "symbol": "G",
        "reportedCurrency": "USD",
        "cik": "0001398659",
        "fillingDate": "2008-03-31",
        "acceptedDate": "2008-03-31 13:32:12",
        "calendarYear": "2007",
        "period": "Q4",
        "revenue": 231649000,
        "costOfRevenue": 143974000,
        "grossProfit": 87675000,
        "grossProfitRatio": 0.3784821001,
        "researchAndDevelopmentExpenses": 0,
        "generalAndAdministrativeExpenses": 0,
        "sellingAndMarketingExpenses": 0,
        "sellingGeneralAndAdministrativeExpenses": 54148000,
        "otherExpenses": 2426000,
        "operatingExpenses": 56574000,
        "costAndExpenses": 200548000,
        "interestIncome": 0,
        "interestExpense": 0,
        "depreciationAndAmortization": 21244000,
        "ebitda": 61008000,
        "ebitdaratio": 0.2633639688,
        "operatingIncome": 31101000,
        "operatingIncomeRatio": 0.1342591593,
        "totalOtherIncomeExpensesNet": 2246000,
        "incomeBeforeTax": 33347000,
        "incomeBeforeTaxRatio": 0.1439548627,
        "incomeTaxExpense": -306000,
        "netIncome": 31161000,
        "netIncomeRatio": 0.1345181719,
        "eps": 0.17,
        "epsdiluted": 0.17,
        "weightedAverageShsOut": 186839059,
        "weightedAverageShsOutDil": 186839059,
        "link": "https://www.sec.gov/Archives/edgar/data/1398659/000104746908003774/0001047469-08-003774-index.htm",
        "finalLink": "https://www.sec.gov/Archives/edgar/data/1398659/000104746908003774/a2184257z10-k.htm"
    },
    {
        "date": "2007-09-30",
        "symbol": "G",
        "reportedCurrency": "USD",
        "cik": "0001398659",
        "fillingDate": "2007-11-14",
        "acceptedDate": "2007-11-14 10:30:52",
        "calendarYear": "2007",
        "period": "Q3",
        "revenue": 214769000,
        "costOfRevenue": 122663000,
        "grossProfit": 92106000,
        "grossProfitRatio": 0.428860776,
        "researchAndDevelopmentExpenses": 0,
        "generalAndAdministrativeExpenses": 0,
        "sellingAndMarketingExpenses": 0,
        "sellingGeneralAndAdministrativeExpenses": 59036000,
        "otherExpenses": 8548000,
        "operatingExpenses": 67584000,
        "costAndExpenses": 190247000,
        "interestIncome": 0,
        "interestExpense": 0,
        "depreciationAndAmortization": 22382000,
        "ebitda": 46904000,
        "ebitdaratio": 0.2183927848,
        "operatingIncome": 24522000,
        "operatingIncomeRatio": 0.1141784894,
        "totalOtherIncomeExpensesNet": 410000,
        "incomeBeforeTax": 24932000,
        "incomeBeforeTaxRatio": 0.1160875173,
        "incomeTaxExpense": 6486000,
        "netIncome": 16323000,
        "netIncomeRatio": 0.0760025888,
        "eps": 0.07,
        "epsdiluted": 0.07,
        "weightedAverageShsOut": 186839059,
        "weightedAverageShsOutDil": 195698132,
        "link": "https://www.sec.gov/Archives/edgar/data/1398659/000110465907082817/0001104659-07-082817-index.htm",
        "finalLink": "https://www.sec.gov/Archives/edgar/data/1398659/000110465907082817/a07-28779_110q.htm"
    },
    {
        "date": "2007-06-30",
        "symbol": "G",
        "reportedCurrency": "USD",
        "cik": "0001398659",
        "fillingDate": "2007-09-11",
        "acceptedDate": "2007-09-11 15:29:07",
        "calendarYear": "2007",
        "period": "Q2",
        "revenue": 200686000,
        "costOfRevenue": 120743000,
        "grossProfit": 79943000,
        "grossProfitRatio": 0.3983486641,
        "researchAndDevelopmentExpenses": 0,
        "generalAndAdministrativeExpenses": 0,
        "sellingAndMarketingExpenses": 0,
        "sellingGeneralAndAdministrativeExpenses": 52516000,
        "otherExpenses": 8277000,
        "operatingExpenses": 60793000,
        "costAndExpenses": 181536000,
        "interestIncome": 0,
        "interestExpense": 0,
        "depreciationAndAmortization": 21774000,
        "ebitda": 40924000,
        "ebitdaratio": 0.2039205525,
        "operatingIncome": 19150000,
        "operatingIncomeRatio": 0.0954227001,
        "totalOtherIncomeExpensesNet": -3067000,
        "incomeBeforeTax": 4778000,
        "incomeBeforeTaxRatio": 0.0238083374,
        "incomeTaxExpense": -2244000,
        "netIncome": 7022000,
        "netIncomeRatio": 0.0349899844,
        "eps": -0.17,
        "epsdiluted": -0.17,
        "weightedAverageShsOut": 69462052,
        "weightedAverageShsOutDil": 69462052,
        "link": "https://www.sec.gov/Archives/edgar/data/1398659/000110465907068303/0001104659-07-068303-index.htm",
        "finalLink": "https://www.sec.gov/Archives/edgar/data/1398659/000110465907068303/a07-22773_110q.htm"
    },
    {
        "date": "2007-03-31",
        "symbol": "G",
        "reportedCurrency": "USD",
        "cik": "0001398659",
        "fillingDate": "2007-03-31",
        "acceptedDate": "2007-03-30 20:00:00",
        "calendarYear": "2007",
        "period": "Q1",
        "revenue": 175982000,
        "costOfRevenue": 109885000,
        "grossProfit": 66097000,
        "grossProfitRatio": 0.3755895489,
        "researchAndDevelopmentExpenses": 0,
        "generalAndAdministrativeExpenses": 0,
        "sellingAndMarketingExpenses": 0,
        "sellingGeneralAndAdministrativeExpenses": 48774000,
        "otherExpenses": 6749000,
        "operatingExpenses": 55523000,
        "costAndExpenses": 165408000,
        "interestIncome": 0,
        "interestExpense": 0,
        "depreciationAndAmortization": 20208000,
        "ebitda": 30782000,
        "ebitdaratio": 0.1749156164,
        "operatingIncome": 10574000,
        "operatingIncomeRatio": 0.0600856906,
        "totalOtherIncomeExpensesNet": -3580000,
        "incomeBeforeTax": 6994000,
        "incomeBeforeTaxRatio": 0.039742701,
        "incomeTaxExpense": 4169000,
        "netIncome": 1848000,
        "netIncomeRatio": 0.010501074,
        "eps": -0.22,
        "epsdiluted": -0.22,
        "weightedAverageShsOut": 68326370,
        "weightedAverageShsOutDil": 68326370,
        "link": "",
        "finalLink": ""
    },
    {
        "date": "2006-12-31",
        "symbol": "G",
        "reportedCurrency": "USD",
        "cik": "0001398659",
        "fillingDate": "2006-12-31",
        "acceptedDate": "2006-12-30 19:00:00",
        "calendarYear": "2006",
        "period": "Q4",
        "revenue": 160384000,
        "costOfRevenue": 0,
        "grossProfit": 0,
        "grossProfitRatio": 0,
        "researchAndDevelopmentExpenses": 0,
        "generalAndAdministrativeExpenses": 0,
        "sellingAndMarketingExpenses": 0,
        "sellingGeneralAndAdministrativeExpenses": 0,
        "otherExpenses": 160384000,
        "operatingExpenses": 160384000,
        "costAndExpenses": 160384000,
        "interestIncome": 0,
        "interestExpense": 0,
        "depreciationAndAmortization": 0,
        "ebitda": -409506000,
        "ebitdaratio": -2.5532846169,
        "operatingIncome": -409506000,
        "operatingIncomeRatio": -2.5532846169,
        "totalOtherIncomeExpensesNet": 409506000,
        "incomeBeforeTax": 0,
        "incomeBeforeTaxRatio": 0,
        "incomeTaxExpense": -11568000,
        "netIncome": 11568000,
        "netIncomeRatio": 0.0721268955,
        "eps": 0.29,
        "epsdiluted": 0.29,
        "weightedAverageShsOut": 39241100,
        "weightedAverageShsOutDil": 39241100,
        "link": "",
        "finalLink": ""
    },
    {
        "date": "2006-09-30",
        "symbol": "G",
        "reportedCurrency": "USD",
        "cik": "0001398659",
        "fillingDate": "2006-09-30",
        "acceptedDate": "2006-09-29 20:00:00",
        "calendarYear": "2006",
        "period": "Q3",
        "revenue": 160384000,
        "costOfRevenue": 0,
        "grossProfit": 0,
        "grossProfitRatio": 0,
        "researchAndDevelopmentExpenses": 0,
        "generalAndAdministrativeExpenses": 0,
        "sellingAndMarketingExpenses": 0,
        "sellingGeneralAndAdministrativeExpenses": 0,
        "otherExpenses": 160384000,
        "operatingExpenses": 160384000,
        "costAndExpenses": 160384000,
        "interestIncome": 0,
        "interestExpense": 0,
        "depreciationAndAmortization": 0,
        "ebitda": 160384000,
        "ebitdaratio": 1,
        "operatingIncome": 160384000,
        "operatingIncomeRatio": 1,
        "totalOtherIncomeExpensesNet": -160384000,
        "incomeBeforeTax": 0,
        "incomeBeforeTaxRatio": 0,
        "incomeTaxExpense": -11568000,
        "netIncome": 11568000,
        "netIncomeRatio": 0.0721268955,
        "eps": 0.29,
        "epsdiluted": 0.29,
        "weightedAverageShsOut": 39241100,
        "weightedAverageShsOutDil": 39241100,
        "link": "",
        "finalLink": ""
    },
    {
        "date": "2006-06-30",
        "symbol": "G",
        "reportedCurrency": "USD",
        "cik": "0001398659",
        "fillingDate": "2006-06-30",
        "acceptedDate": "2006-06-29 20:00:00",
        "calendarYear": "2006",
        "period": "Q2",
        "revenue": 160384000,
        "costOfRevenue": 0,
        "grossProfit": 0,
        "grossProfitRatio": 0,
        "researchAndDevelopmentExpenses": 0,
        "generalAndAdministrativeExpenses": 0,
        "sellingAndMarketingExpenses": 0,
        "sellingGeneralAndAdministrativeExpenses": 0,
        "otherExpenses": 160384000,
        "operatingExpenses": 160384000,
        "costAndExpenses": 160384000,
        "interestIncome": 0,
        "interestExpense": 0,
        "depreciationAndAmortization": 0,
        "ebitda": 160384000,
        "ebitdaratio": 1,
        "operatingIncome": 160384000,
        "operatingIncomeRatio": 1,
        "totalOtherIncomeExpensesNet": -160384000,
        "incomeBeforeTax": 0,
        "incomeBeforeTaxRatio": 0,
        "incomeTaxExpense": -11568000,
        "netIncome": 11568000,
        "netIncomeRatio": 0.0721268955,
        "eps": 0.29,
        "epsdiluted": 0.29,
        "weightedAverageShsOut": 39241100,
        "weightedAverageShsOutDil": 39241100,
        "link": "",
        "finalLink": ""
    },
    {
        "date": "2006-03-31",
        "symbol": "G",
        "reportedCurrency": "USD",
        "cik": "0001398659",
        "fillingDate": "2006-03-31",
        "acceptedDate": "2006-03-30 19:00:00",
        "calendarYear": "2006",
        "period": "Q1",
        "revenue": 131896000,
        "costOfRevenue": 0,
        "grossProfit": 0,
        "grossProfitRatio": 0,
        "researchAndDevelopmentExpenses": 0,
        "generalAndAdministrativeExpenses": 0,
        "sellingAndMarketingExpenses": 0,
        "sellingGeneralAndAdministrativeExpenses": 0,
        "otherExpenses": 131896000,
        "operatingExpenses": 131896000,
        "costAndExpenses": 131896000,
        "interestIncome": 0,
        "interestExpense": 0,
        "depreciationAndAmortization": 0,
        "ebitda": 131896000,
        "ebitdaratio": 1,
        "operatingIncome": 131896000,
        "operatingIncomeRatio": 1,
        "totalOtherIncomeExpensesNet": -131896000,
        "incomeBeforeTax": 0,
        "incomeBeforeTaxRatio": 0,
        "incomeTaxExpense": -5068000,
        "netIncome": 5068000,
        "netIncomeRatio": 0.038424213,
        "eps": 0.13,
        "epsdiluted": 0.13,
        "weightedAverageShsOut": 39400000,
        "weightedAverageShsOutDil": 39400000,
        "link": "",
        "finalLink": ""
    }
]