[
    {
        "date": "2025-08-02",
        "symbol": "GCO",
        "reportedCurrency": "USD",
        "cik": "0000018498",
        "fillingDate": "2025-09-11",
        "acceptedDate": "2025-09-11 11:21:12",
        "calendarYear": "2026",
        "period": "Q2",
        "revenue": 545965000,
        "costOfRevenue": 296016000,
        "grossProfit": 249949000,
        "grossProfitRatio": 0.4578113982,
        "researchAndDevelopmentExpenses": 0,
        "generalAndAdministrativeExpenses": 0,
        "sellingAndMarketingExpenses": 0,
        "sellingGeneralAndAdministrativeExpenses": 264265000,
        "otherExpenses": 0,
        "operatingExpenses": 264265000,
        "costAndExpenses": 560281000,
        "interestIncome": 0,
        "interestExpense": 1459000,
        "depreciationAndAmortization": -13393000,
        "ebitda": -27966000,
        "ebitdaratio": -0.0512230637,
        "operatingIncome": -18456000,
        "operatingIncomeRatio": -0.0338043647,
        "totalOtherIncomeExpensesNet": 2409000,
        "incomeBeforeTax": -16047000,
        "incomeBeforeTaxRatio": -0.029391994,
        "incomeTaxExpense": 2409000,
        "netIncome": -18471000,
        "netIncomeRatio": -0.033831839,
        "eps": -1.79,
        "epsdiluted": -1.79,
        "weightedAverageShsOut": 10394000,
        "weightedAverageShsOutDil": 10394000,
        "link": "https://www.sec.gov/Archives/edgar/data/18498/000095017025114115/0000950170-25-114115-index.htm",
        "finalLink": "https://www.sec.gov/Archives/edgar/data/18498/000095017025114115/gco-20250802.htm"
    },
    {
        "date": "2025-05-03",
        "symbol": "GCO",
        "reportedCurrency": "USD",
        "cik": "0000018498",
        "fillingDate": "2025-06-12",
        "acceptedDate": "2025-06-12 09:43:50",
        "calendarYear": "2026",
        "period": "Q1",
        "revenue": 473973000,
        "costOfRevenue": 252792000,
        "grossProfit": 221181000,
        "grossProfitRatio": 0.4666531638,
        "researchAndDevelopmentExpenses": 0,
        "generalAndAdministrativeExpenses": 0,
        "sellingAndMarketingExpenses": 0,
        "sellingGeneralAndAdministrativeExpenses": 249035000,
        "otherExpenses": 291000,
        "operatingExpenses": 249326000,
        "costAndExpenses": 502118000,
        "interestIncome": 0,
        "interestExpense": 1339000,
        "depreciationAndAmortization": 13393000,
        "ebitda": -14932000,
        "ebitdaratio": -0.0315039042,
        "operatingIncome": -28145000,
        "operatingIncomeRatio": -0.0593810196,
        "totalOtherIncomeExpensesNet": -1519000,
        "incomeBeforeTax": -29664000,
        "incomeBeforeTaxRatio": -0.0625858435,
        "incomeTaxExpense": -8452000,
        "netIncome": -21227000,
        "netIncomeRatio": -0.0447852515,
        "eps": -2.02,
        "epsdiluted": -2.02,
        "weightedAverageShsOut": 10495000,
        "weightedAverageShsOutDil": 10495000,
        "link": "https://www.sec.gov/Archives/edgar/data/18498/000095017025085164/0000950170-25-085164-index.htm",
        "finalLink": "https://www.sec.gov/Archives/edgar/data/18498/000095017025085164/gco-20250503.htm"
    },
    {
        "date": "2025-01-31",
        "symbol": "GCO",
        "reportedCurrency": "USD",
        "cik": "0000018498",
        "fillingDate": "2025-03-26",
        "acceptedDate": "2025-03-26 10:36:50",
        "calendarYear": "2025",
        "period": "Q4",
        "revenue": 745949000,
        "costOfRevenue": 396312000,
        "grossProfit": 349637000,
        "grossProfitRatio": 0.4687143491,
        "researchAndDevelopmentExpenses": 0,
        "generalAndAdministrativeExpenses": 0,
        "sellingAndMarketingExpenses": 0,
        "sellingGeneralAndAdministrativeExpenses": 301861000,
        "otherExpenses": 1659000,
        "operatingExpenses": 303520000,
        "costAndExpenses": 699832000,
        "interestIncome": 0,
        "interestExpense": 802000,
        "depreciationAndAmortization": 13054000,
        "ebitda": 60830000,
        "ebitdaratio": 0.0815471299,
        "operatingIncome": 46117000,
        "operatingIncomeRatio": 0.0618232614,
        "totalOtherIncomeExpensesNet": -888000,
        "incomeBeforeTax": 45229000,
        "incomeBeforeTaxRatio": 0.0606328315,
        "incomeTaxExpense": 11676000,
        "netIncome": 34381000,
        "netIncomeRatio": 0.0460902823,
        "eps": 3.06,
        "epsdiluted": 3.13,
        "weightedAverageShsOut": 11236000,
        "weightedAverageShsOutDil": 10981000,
        "link": "https://www.sec.gov/Archives/edgar/data/18498/000095017025044864/0000950170-25-044864-index.htm",
        "finalLink": "https://www.sec.gov/Archives/edgar/data/18498/000095017025044864/gco-20250201.htm"
    },
    {
        "date": "2024-11-02",
        "symbol": "GCO",
        "reportedCurrency": "USD",
        "cik": "0000018498",
        "fillingDate": "2024-12-12",
        "acceptedDate": "2024-12-12 10:53:07",
        "calendarYear": "2025",
        "period": "Q3",
        "revenue": 596328000,
        "costOfRevenue": 311072000,
        "grossProfit": 285256000,
        "grossProfitRatio": 0.4783541943,
        "researchAndDevelopmentExpenses": 0,
        "generalAndAdministrativeExpenses": 0,
        "sellingAndMarketingExpenses": 0,
        "sellingGeneralAndAdministrativeExpenses": 274912000,
        "otherExpenses": 134000,
        "operatingExpenses": 275046000,
        "costAndExpenses": 586118000,
        "interestIncome": 0,
        "interestExpense": 1213000,
        "depreciationAndAmortization": 12968000,
        "ebitda": 23178000,
        "ebitdaratio": 0.0388678714,
        "operatingIncome": 10210000,
        "operatingIncomeRatio": 0.0171214499,
        "totalOtherIncomeExpensesNet": -1299000,
        "incomeBeforeTax": 8911000,
        "incomeBeforeTaxRatio": 0.0149431186,
        "incomeTaxExpense": 27759000,
        "netIncome": -18932000,
        "netIncomeRatio": -0.0317476288,
        "eps": -1.76,
        "epsdiluted": -1.76,
        "weightedAverageShsOut": 10737000,
        "weightedAverageShsOutDil": 10737000,
        "link": "https://www.sec.gov/Archives/edgar/data/18498/000095017024135629/0000950170-24-135629-index.htm",
        "finalLink": "https://www.sec.gov/Archives/edgar/data/18498/000095017024135629/gco-20241102.htm"
    },
    {
        "date": "2024-08-03",
        "symbol": "GCO",
        "reportedCurrency": "USD",
        "cik": "0000018498",
        "fillingDate": "2024-09-12",
        "acceptedDate": "2024-09-12 10:54:26",
        "calendarYear": "2025",
        "period": "Q2",
        "revenue": 525188000,
        "costOfRevenue": 279549000,
        "grossProfit": 245639000,
        "grossProfitRatio": 0.4677163225,
        "researchAndDevelopmentExpenses": 0,
        "generalAndAdministrativeExpenses": 249921000,
        "sellingAndMarketingExpenses": 2600000,
        "sellingGeneralAndAdministrativeExpenses": 252521000,
        "otherExpenses": 0,
        "operatingExpenses": 255135000,
        "costAndExpenses": 535462000,
        "interestIncome": 0,
        "interestExpense": 1345000,
        "depreciationAndAmortization": 13169000,
        "ebitda": 2809000,
        "ebitdaratio": 0.0053485609,
        "operatingIncome": -10274000,
        "operatingIncomeRatio": -0.0195625186,
        "totalOtherIncomeExpensesNet": -1431000,
        "incomeBeforeTax": -11705000,
        "incomeBeforeTaxRatio": -0.0222872571,
        "incomeTaxExpense": -1776000,
        "netIncome": -9992000,
        "netIncomeRatio": -0.019025568,
        "eps": -0.91,
        "epsdiluted": -0.91,
        "weightedAverageShsOut": 10942000,
        "weightedAverageShsOutDil": 10942000,
        "link": "https://www.sec.gov/Archives/edgar/data/18498/000095017024105736/0000950170-24-105736-index.htm",
        "finalLink": "https://www.sec.gov/Archives/edgar/data/18498/000095017024105736/gco-20240803.htm"
    },
    {
        "date": "2024-05-04",
        "symbol": "GCO",
        "reportedCurrency": "USD",
        "cik": "0000018498",
        "fillingDate": "2024-06-13",
        "acceptedDate": "2024-06-13 09:40:14",
        "calendarYear": "2025",
        "period": "Q1",
        "revenue": 457597000,
        "costOfRevenue": 241316000,
        "grossProfit": 216281000,
        "grossProfitRatio": 0.4726451441,
        "researchAndDevelopmentExpenses": 0,
        "generalAndAdministrativeExpenses": 245431000,
        "sellingAndMarketingExpenses": 2400000,
        "sellingGeneralAndAdministrativeExpenses": 247831000,
        "otherExpenses": -109000,
        "operatingExpenses": 247831000,
        "costAndExpenses": 489147000,
        "interestIncome": 0,
        "interestExpense": 890000,
        "depreciationAndAmortization": 13237000,
        "ebitda": -19000000,
        "ebitdaratio": -0.0415212512,
        "operatingIncome": -31550000,
        "operatingIncomeRatio": -0.0689471303,
        "totalOtherIncomeExpensesNet": -999000,
        "incomeBeforeTax": -33127000,
        "incomeBeforeTaxRatio": -0.0723933942,
        "incomeTaxExpense": -8839000,
        "netIncome": -24347000,
        "netIncomeRatio": -0.0532062055,
        "eps": -2.23,
        "epsdiluted": -2.23,
        "weightedAverageShsOut": 10930000,
        "weightedAverageShsOutDil": 10930000,
        "link": "https://www.sec.gov/Archives/edgar/data/18498/000095017024072730/0000950170-24-072730-index.htm",
        "finalLink": "https://www.sec.gov/Archives/edgar/data/18498/000095017024072730/gco-20240504.htm"
    },
    {
        "date": "2024-01-31",
        "symbol": "GCO",
        "reportedCurrency": "USD",
        "cik": "0000018498",
        "fillingDate": "2024-03-27",
        "acceptedDate": "2024-03-27 11:04:30",
        "calendarYear": "2024",
        "period": "Q4",
        "revenue": 738950000,
        "costOfRevenue": 396883000,
        "grossProfit": 342067000,
        "grossProfitRatio": 0.4629095338,
        "researchAndDevelopmentExpenses": 0,
        "generalAndAdministrativeExpenses": 300549000,
        "sellingAndMarketingExpenses": 3000000,
        "sellingGeneralAndAdministrativeExpenses": 303549000,
        "otherExpenses": -149000,
        "operatingExpenses": 303549000,
        "costAndExpenses": 700432000,
        "interestIncome": 0,
        "interestExpense": 1536000,
        "depreciationAndAmortization": 13992000,
        "ebitda": 51155000,
        "ebitdaratio": 0.0692266053,
        "operatingIncome": 38518000,
        "operatingIncomeRatio": 0.0521253129,
        "totalOtherIncomeExpensesNet": -1685000,
        "incomeBeforeTax": 35627000,
        "incomeBeforeTaxRatio": 0.0482130049,
        "incomeTaxExpense": 15337000,
        "netIncome": 27189000,
        "netIncomeRatio": 0.0367940997,
        "eps": 2.49,
        "epsdiluted": 2.47,
        "weightedAverageShsOut": 10911000,
        "weightedAverageShsOutDil": 11025000,
        "link": "https://www.sec.gov/Archives/edgar/data/18498/000095017024036902/0000950170-24-036902-index.htm",
        "finalLink": "https://www.sec.gov/Archives/edgar/data/18498/000095017024036902/gco-20240203.htm"
    },
    {
        "date": "2023-10-28",
        "symbol": "GCO",
        "reportedCurrency": "USD",
        "cik": "0000018498",
        "fillingDate": "2023-12-07",
        "acceptedDate": "2023-12-07 08:32:30",
        "calendarYear": "2024",
        "period": "Q3",
        "revenue": 579315000,
        "costOfRevenue": 300890000,
        "grossProfit": 278425000,
        "grossProfitRatio": 0.4806107213,
        "researchAndDevelopmentExpenses": 0,
        "generalAndAdministrativeExpenses": 264374000,
        "sellingAndMarketingExpenses": 3100000,
        "sellingGeneralAndAdministrativeExpenses": 267474000,
        "otherExpenses": -148000,
        "operatingExpenses": 267474000,
        "costAndExpenses": 568364000,
        "interestIncome": 0,
        "interestExpense": 2207000,
        "depreciationAndAmortization": -49000,
        "ebitda": 23133000,
        "ebitdaratio": 0.0399316434,
        "operatingIncome": 10852000,
        "operatingIncomeRatio": 0.0187324685,
        "totalOtherIncomeExpensesNet": -2355000,
        "incomeBeforeTax": 8497000,
        "incomeBeforeTaxRatio": 0.0146673226,
        "incomeTaxExpense": 1908000,
        "netIncome": 6539000,
        "netIncomeRatio": 0.0112874688,
        "eps": 0.6,
        "epsdiluted": 0.6,
        "weightedAverageShsOut": 10898000,
        "weightedAverageShsOutDil": 10972000,
        "link": "https://www.sec.gov/Archives/edgar/data/18498/000095017023068685/0000950170-23-068685-index.htm",
        "finalLink": "https://www.sec.gov/Archives/edgar/data/18498/000095017023068685/gco-20231028.htm"
    },
    {
        "date": "2023-07-29",
        "symbol": "GCO",
        "reportedCurrency": "USD",
        "cik": "0000018498",
        "fillingDate": "2023-09-07",
        "acceptedDate": "2023-09-07 10:49:15",
        "calendarYear": "2024",
        "period": "Q2",
        "revenue": 523027000,
        "costOfRevenue": 273507000,
        "grossProfit": 249520000,
        "grossProfitRatio": 0.4770690614,
        "researchAndDevelopmentExpenses": 0,
        "generalAndAdministrativeExpenses": 257020000,
        "sellingAndMarketingExpenses": 2500000,
        "sellingGeneralAndAdministrativeExpenses": 259520000,
        "otherExpenses": -148000,
        "operatingExpenses": 259520000,
        "costAndExpenses": 533027000,
        "interestIncome": 0,
        "interestExpense": 2383000,
        "depreciationAndAmortization": 28479000,
        "ebitda": -26942000,
        "ebitdaratio": -0.051511681,
        "operatingIncome": -38627000,
        "operatingIncomeRatio": -0.0738527839,
        "totalOtherIncomeExpensesNet": -2531000,
        "incomeBeforeTax": -41158000,
        "incomeBeforeTaxRatio": -0.0786919222,
        "incomeTaxExpense": -9526000,
        "netIncome": -31665000,
        "netIncomeRatio": -0.0605418076,
        "eps": -2.79,
        "epsdiluted": -2.79,
        "weightedAverageShsOut": 11344000,
        "weightedAverageShsOutDil": 11344000,
        "link": "https://www.sec.gov/Archives/edgar/data/18498/000095017023046907/0000950170-23-046907-index.htm",
        "finalLink": "https://www.sec.gov/Archives/edgar/data/18498/000095017023046907/gco-20230729.htm"
    },
    {
        "date": "2023-04-29",
        "symbol": "GCO",
        "reportedCurrency": "USD",
        "cik": "0000018498",
        "fillingDate": "2023-06-08",
        "acceptedDate": "2023-06-08 09:08:40",
        "calendarYear": "2024",
        "period": "Q1",
        "revenue": 483332000,
        "costOfRevenue": 254524000,
        "grossProfit": 228808000,
        "grossProfitRatio": 0.473397168,
        "researchAndDevelopmentExpenses": 0,
        "generalAndAdministrativeExpenses": 0,
        "sellingAndMarketingExpenses": 0,
        "sellingGeneralAndAdministrativeExpenses": 251497000,
        "otherExpenses": 308000,
        "operatingExpenses": 251805000,
        "costAndExpenses": 506329000,
        "interestIncome": 0,
        "interestExpense": 1651000,
        "depreciationAndAmortization": 11286000,
        "ebitda": -11803000,
        "ebitdaratio": -0.0244200674,
        "operatingIncome": -22997000,
        "operatingIncomeRatio": -0.0475801313,
        "totalOtherIncomeExpensesNet": -1743000,
        "incomeBeforeTax": -24740000,
        "incomeBeforeTaxRatio": -0.0511863481,
        "incomeTaxExpense": -5865000,
        "netIncome": -18890000,
        "netIncomeRatio": -0.0390828664,
        "eps": -1.6,
        "epsdiluted": -1.6,
        "weightedAverageShsOut": 11818000,
        "weightedAverageShsOutDil": 11818000,
        "link": "https://www.sec.gov/Archives/edgar/data/18498/000095017023026918/0000950170-23-026918-index.htm",
        "finalLink": "https://www.sec.gov/Archives/edgar/data/18498/000095017023026918/gco-20230429.htm"
    },
    {
        "date": "2023-01-31",
        "symbol": "GCO",
        "reportedCurrency": "USD",
        "cik": "0000018498",
        "fillingDate": "2023-03-22",
        "acceptedDate": "2023-03-22 13:19:57",
        "calendarYear": "2023",
        "period": "Q4",
        "revenue": 725020000,
        "costOfRevenue": 388395000,
        "grossProfit": 336625000,
        "grossProfitRatio": 0.4642975366,
        "researchAndDevelopmentExpenses": 0,
        "generalAndAdministrativeExpenses": 0,
        "sellingAndMarketingExpenses": 0,
        "sellingGeneralAndAdministrativeExpenses": 285776000,
        "otherExpenses": 1009000,
        "operatingExpenses": 286785000,
        "costAndExpenses": 675180000,
        "interestIncome": 0,
        "interestExpense": 1312000,
        "depreciationAndAmortization": 10917000,
        "ebitda": 60707000,
        "ebitdaratio": 0.0837314833,
        "operatingIncome": 49840000,
        "operatingIncomeRatio": 0.0687429312,
        "totalOtherIncomeExpensesNet": -1362000,
        "incomeBeforeTax": 48478000,
        "incomeBeforeTaxRatio": 0.0668643624,
        "incomeTaxExpense": 9280000,
        "netIncome": 38949000,
        "netIncomeRatio": 0.0537212767,
        "eps": 3.27,
        "epsdiluted": 3.21,
        "weightedAverageShsOut": 11914000,
        "weightedAverageShsOutDil": 12124000,
        "link": "https://www.sec.gov/Archives/edgar/data/18498/000095017023009103/0000950170-23-009103-index.htm",
        "finalLink": "https://www.sec.gov/Archives/edgar/data/18498/000095017023009103/gco-20230128.htm"
    },
    {
        "date": "2022-10-29",
        "symbol": "GCO",
        "reportedCurrency": "USD",
        "cik": "0000018498",
        "fillingDate": "2022-12-08",
        "acceptedDate": "2022-12-08 10:28:45",
        "calendarYear": "2023",
        "period": "Q3",
        "revenue": 603788000,
        "costOfRevenue": 309981000,
        "grossProfit": 293807000,
        "grossProfitRatio": 0.486606226,
        "researchAndDevelopmentExpenses": 0,
        "generalAndAdministrativeExpenses": 0,
        "sellingAndMarketingExpenses": 0,
        "sellingGeneralAndAdministrativeExpenses": 267734000,
        "otherExpenses": 0,
        "operatingExpenses": 267734000,
        "costAndExpenses": 577715000,
        "interestIncome": 0,
        "interestExpense": 906000,
        "depreciationAndAmortization": 10672000,
        "ebitda": 36695000,
        "ebitdaratio": 0.0607746428,
        "operatingIncome": 26073000,
        "operatingIncomeRatio": 0.0431823753,
        "totalOtherIncomeExpensesNet": -956000,
        "incomeBeforeTax": 25117000,
        "incomeBeforeTaxRatio": 0.0415990381,
        "incomeTaxExpense": 4693000,
        "netIncome": 20376000,
        "netIncomeRatio": 0.0337469443,
        "eps": 1.68,
        "epsdiluted": 1.65,
        "weightedAverageShsOut": 12138000,
        "weightedAverageShsOutDil": 12326000,
        "link": "https://www.sec.gov/Archives/edgar/data/18498/000095017022026199/0000950170-22-026199-index.htm",
        "finalLink": "https://www.sec.gov/Archives/edgar/data/18498/000095017022026199/gco-20221029.htm"
    },
    {
        "date": "2022-07-30",
        "symbol": "GCO",
        "reportedCurrency": "USD",
        "cik": "0000018498",
        "fillingDate": "2022-09-08",
        "acceptedDate": "2022-09-08 10:58:38",
        "calendarYear": "2023",
        "period": "Q2",
        "revenue": 535332000,
        "costOfRevenue": 281018000,
        "grossProfit": 254314000,
        "grossProfitRatio": 0.4750584684,
        "researchAndDevelopmentExpenses": 0,
        "generalAndAdministrativeExpenses": 242003000,
        "sellingAndMarketingExpenses": 3100000,
        "sellingGeneralAndAdministrativeExpenses": 245103000,
        "otherExpenses": -50000,
        "operatingExpenses": 245103000,
        "costAndExpenses": 526121000,
        "interestIncome": 0,
        "interestExpense": 405000,
        "depreciationAndAmortization": 10678000,
        "ebitda": 19710000,
        "ebitdaratio": 0.0368182735,
        "operatingIncome": 9211000,
        "operatingIncomeRatio": 0.017206145,
        "totalOtherIncomeExpensesNet": -455000,
        "incomeBeforeTax": 8627000,
        "incomeBeforeTaxRatio": 0.0161152332,
        "incomeTaxExpense": 976000,
        "netIncome": 7643000,
        "netIncomeRatio": 0.0142771215,
        "eps": 0.6,
        "epsdiluted": 0.59,
        "weightedAverageShsOut": 12813000,
        "weightedAverageShsOutDil": 13009000,
        "link": "https://www.sec.gov/Archives/edgar/data/18498/000095017022018218/0000950170-22-018218-index.htm",
        "finalLink": "https://www.sec.gov/Archives/edgar/data/18498/000095017022018218/gco-20220730.htm"
    },
    {
        "date": "2022-04-30",
        "symbol": "GCO",
        "reportedCurrency": "USD",
        "cik": "0000018498",
        "fillingDate": "2022-06-09",
        "acceptedDate": "2022-06-09 10:27:53",
        "calendarYear": "2023",
        "period": "Q1",
        "revenue": 520748000,
        "costOfRevenue": 269304000,
        "grossProfit": 251444000,
        "grossProfitRatio": 0.4828515904,
        "researchAndDevelopmentExpenses": 0,
        "generalAndAdministrativeExpenses": 240781000,
        "sellingAndMarketingExpenses": 2700000,
        "sellingGeneralAndAdministrativeExpenses": 243481000,
        "otherExpenses": -98000,
        "operatingExpenses": 243481000,
        "costAndExpenses": 512785000,
        "interestIncome": 100000,
        "interestExpense": 397000,
        "depreciationAndAmortization": 10551000,
        "ebitda": 18412000,
        "ebitdaratio": 0.0353568329,
        "operatingIncome": -2686000,
        "operatingIncomeRatio": -0.0051579651,
        "totalOtherIncomeExpensesNet": -395000,
        "incomeBeforeTax": 7851000,
        "incomeBeforeTaxRatio": 0.0150763901,
        "incomeTaxExpense": 2882000,
        "netIncome": 4947000,
        "netIncomeRatio": 0.0094997964,
        "eps": 0.38,
        "epsdiluted": 0.37,
        "weightedAverageShsOut": 12961000,
        "weightedAverageShsOutDil": 13369000,
        "link": "https://www.sec.gov/Archives/edgar/data/18498/000095017022011360/0000950170-22-011360-index.htm",
        "finalLink": "https://www.sec.gov/Archives/edgar/data/18498/000095017022011360/gco-20220430.htm"
    },
    {
        "date": "2022-01-31",
        "symbol": "GCO",
        "reportedCurrency": "USD",
        "cik": "0000018498",
        "fillingDate": "2022-03-23",
        "acceptedDate": "2022-03-23 15:39:09",
        "calendarYear": "2022",
        "period": "Q4",
        "revenue": 727660000,
        "costOfRevenue": 371909000,
        "grossProfit": 355751000,
        "grossProfitRatio": 0.4888972872,
        "researchAndDevelopmentExpenses": 0,
        "generalAndAdministrativeExpenses": 287578000,
        "sellingAndMarketingExpenses": 2900000,
        "sellingGeneralAndAdministrativeExpenses": 290478000,
        "otherExpenses": -56000,
        "operatingExpenses": 290478000,
        "costAndExpenses": 662387000,
        "interestIncome": 0,
        "interestExpense": 517000,
        "depreciationAndAmortization": 10711000,
        "ebitda": 84538000,
        "ebitdaratio": 0.1161778853,
        "operatingIncome": 83383000,
        "operatingIncomeRatio": 0.1145906055,
        "totalOtherIncomeExpensesNet": -573000,
        "incomeBeforeTax": 82810000,
        "incomeBeforeTaxRatio": 0.1138031498,
        "incomeTaxExpense": 20612000,
        "netIncome": 62140000,
        "netIncomeRatio": 0.0853970261,
        "eps": 4.52,
        "epsdiluted": 4.41,
        "weightedAverageShsOut": 13738000,
        "weightedAverageShsOutDil": 14106000,
        "link": "https://www.sec.gov/Archives/edgar/data/18498/000095017022004397/0000950170-22-004397-index.htm",
        "finalLink": "https://www.sec.gov/Archives/edgar/data/18498/000095017022004397/gco-20220129.htm"
    },
    {
        "date": "2021-10-30",
        "symbol": "GCO",
        "reportedCurrency": "USD",
        "cik": "0000018498",
        "fillingDate": "2021-12-09",
        "acceptedDate": "2021-12-09 10:56:32",
        "calendarYear": "2022",
        "period": "Q3",
        "revenue": 600546000,
        "costOfRevenue": 305345000,
        "grossProfit": 295201000,
        "grossProfitRatio": 0.4915543522,
        "researchAndDevelopmentExpenses": 0,
        "generalAndAdministrativeExpenses": 248431000,
        "sellingAndMarketingExpenses": 2700000,
        "sellingGeneralAndAdministrativeExpenses": 251131000,
        "otherExpenses": -55000,
        "operatingExpenses": 251131000,
        "costAndExpenses": 556476000,
        "interestIncome": 169000,
        "interestExpense": 754000,
        "depreciationAndAmortization": 10624000,
        "ebitda": 54525000,
        "ebitdaratio": 0.0907923789,
        "operatingIncome": 43756000,
        "operatingIncomeRatio": 0.0728603637,
        "totalOtherIncomeExpensesNet": -640000,
        "incomeBeforeTax": 43116000,
        "incomeBeforeTaxRatio": 0.0717946669,
        "incomeTaxExpense": 10135000,
        "netIncome": 32895000,
        "netIncomeRatio": 0.0547751546,
        "eps": 2.3,
        "epsdiluted": 2.25,
        "weightedAverageShsOut": 14314000,
        "weightedAverageShsOutDil": 14616000,
        "link": "https://www.sec.gov/Archives/edgar/data/18498/000156459021059838/0001564590-21-059838-index.htm",
        "finalLink": "https://www.sec.gov/Archives/edgar/data/18498/000156459021059838/gco-10q_20211030.htm"
    },
    {
        "date": "2021-07-31",
        "symbol": "GCO",
        "reportedCurrency": "USD",
        "cik": "0000018498",
        "fillingDate": "2021-09-09",
        "acceptedDate": "2021-09-09 10:15:00",
        "calendarYear": "2022",
        "period": "Q2",
        "revenue": 555183000,
        "costOfRevenue": 282661000,
        "grossProfit": 272522000,
        "grossProfitRatio": 0.4908687766,
        "researchAndDevelopmentExpenses": 0,
        "generalAndAdministrativeExpenses": 248951000,
        "sellingAndMarketingExpenses": 3600000,
        "sellingGeneralAndAdministrativeExpenses": 252551000,
        "otherExpenses": -56000,
        "operatingExpenses": 252551000,
        "costAndExpenses": 535212000,
        "interestIncome": 135000,
        "interestExpense": 752000,
        "depreciationAndAmortization": 10745000,
        "ebitda": 24390000,
        "ebitdaratio": 0.0439314604,
        "operatingIncome": 12901000,
        "operatingIncomeRatio": 0.023237383,
        "totalOtherIncomeExpensesNet": -673000,
        "incomeBeforeTax": 12228000,
        "incomeBeforeTaxRatio": 0.0220251701,
        "incomeTaxExpense": 1354000,
        "netIncome": 10937000,
        "netIncomeRatio": 0.0196998107,
        "eps": 0.76,
        "epsdiluted": 0.75,
        "weightedAverageShsOut": 14339000,
        "weightedAverageShsOutDil": 14611000,
        "link": "https://www.sec.gov/Archives/edgar/data/18498/000156459021047424/0001564590-21-047424-index.htm",
        "finalLink": "https://www.sec.gov/Archives/edgar/data/18498/000156459021047424/gco-10q_20210731.htm"
    },
    {
        "date": "2021-05-01",
        "symbol": "GCO",
        "reportedCurrency": "USD",
        "cik": "0000018498",
        "fillingDate": "2021-06-10",
        "acceptedDate": "2021-06-10 10:26:10",
        "calendarYear": "2022",
        "period": "Q1",
        "revenue": 538695000,
        "costOfRevenue": 281033000,
        "grossProfit": 257662000,
        "grossProfitRatio": 0.4783077623,
        "researchAndDevelopmentExpenses": 0,
        "generalAndAdministrativeExpenses": 235865000,
        "sellingAndMarketingExpenses": 3600000,
        "sellingGeneralAndAdministrativeExpenses": 239465000,
        "otherExpenses": 39000,
        "operatingExpenses": 239465000,
        "costAndExpenses": 520498000,
        "interestIncome": 100000,
        "interestExpense": 829000,
        "depreciationAndAmortization": 10889000,
        "ebitda": 26869000,
        "ebitdaratio": 0.0498779458,
        "operatingIncome": 15527000,
        "operatingIncomeRatio": 0.0288233602,
        "totalOtherIncomeExpensesNet": -690000,
        "incomeBeforeTax": 14837000,
        "incomeBeforeTaxRatio": 0.0275424869,
        "incomeTaxExpense": 5943000,
        "netIncome": 8878000,
        "netIncomeRatio": 0.0164805688,
        "eps": 0.62,
        "epsdiluted": 0.6,
        "weightedAverageShsOut": 14287000,
        "weightedAverageShsOutDil": 14702000,
        "link": "https://www.sec.gov/Archives/edgar/data/18498/000156459021032370/0001564590-21-032370-index.htm",
        "finalLink": "https://www.sec.gov/Archives/edgar/data/18498/000156459021032370/gco-10q_20210501.htm"
    },
    {
        "date": "2021-01-31",
        "symbol": "GCO",
        "reportedCurrency": "USD",
        "cik": "0000018498",
        "fillingDate": "2021-03-31",
        "acceptedDate": "2021-03-31 12:01:05",
        "calendarYear": "2021",
        "period": "Q4",
        "revenue": 636801000,
        "costOfRevenue": 344982000,
        "grossProfit": 291819000,
        "grossProfitRatio": 0.4582577603,
        "researchAndDevelopmentExpenses": 0,
        "generalAndAdministrativeExpenses": 224111000,
        "sellingAndMarketingExpenses": 2400000,
        "sellingGeneralAndAdministrativeExpenses": 226511000,
        "otherExpenses": 182000,
        "operatingExpenses": 226511000,
        "costAndExpenses": 571493000,
        "interestIncome": 0,
        "interestExpense": 912000,
        "depreciationAndAmortization": 10946000,
        "ebitda": 98477000,
        "ebitdaratio": 0.1546432873,
        "operatingIncome": 62579000,
        "operatingIncomeRatio": 0.0982708884,
        "totalOtherIncomeExpensesNet": -730000,
        "incomeBeforeTax": 61849000,
        "incomeBeforeTaxRatio": 0.0971245334,
        "incomeTaxExpense": -28195000,
        "netIncome": 89918000,
        "netIncomeRatio": 0.1412026677,
        "eps": 6.29,
        "epsdiluted": 6.2,
        "weightedAverageShsOut": 14293000,
        "weightedAverageShsOutDil": 14513000,
        "link": "https://www.sec.gov/Archives/edgar/data/18498/000156459021016951/0001564590-21-016951-index.htm",
        "finalLink": "https://www.sec.gov/Archives/edgar/data/18498/000156459021016951/gco-10k_20210130.htm"
    },
    {
        "date": "2020-10-31",
        "symbol": "GCO",
        "reportedCurrency": "USD",
        "cik": "0000018498",
        "fillingDate": "2020-12-10",
        "acceptedDate": "2020-12-10 10:56:49",
        "calendarYear": "2021",
        "period": "Q3",
        "revenue": 479280000,
        "costOfRevenue": 253776000,
        "grossProfit": 225504000,
        "grossProfitRatio": 0.4705057586,
        "researchAndDevelopmentExpenses": 0,
        "generalAndAdministrativeExpenses": 207861000,
        "sellingAndMarketingExpenses": 3100000,
        "sellingGeneralAndAdministrativeExpenses": 210961000,
        "otherExpenses": 182000,
        "operatingExpenses": 210961000,
        "costAndExpenses": 464737000,
        "interestIncome": 11000,
        "interestExpense": 1415000,
        "depreciationAndAmortization": 11343000,
        "ebitda": 20368000,
        "ebitdaratio": 0.042497079,
        "operatingIncome": 8184000,
        "operatingIncomeRatio": 0.0170756134,
        "totalOtherIncomeExpensesNet": -1222000,
        "incomeBeforeTax": 6962000,
        "incomeBeforeTaxRatio": 0.0145259556,
        "incomeTaxExpense": -514000,
        "netIncome": 7466000,
        "netIncomeRatio": 0.015577533,
        "eps": 0.52,
        "epsdiluted": 0.52,
        "weightedAverageShsOut": 14283000,
        "weightedAverageShsOutDil": 14362000,
        "link": "https://www.sec.gov/Archives/edgar/data/18498/000156459020056657/0001564590-20-056657-index.htm",
        "finalLink": "https://www.sec.gov/Archives/edgar/data/18498/000156459020056657/gco-10q_20201031.htm"
    },
    {
        "date": "2020-08-01",
        "symbol": "GCO",
        "reportedCurrency": "USD",
        "cik": "0000018498",
        "fillingDate": "2020-09-10",
        "acceptedDate": "2020-09-10 12:29:13",
        "calendarYear": "2021",
        "period": "Q2",
        "revenue": 391217000,
        "costOfRevenue": 224217000,
        "grossProfit": 167000000,
        "grossProfitRatio": 0.4268730653,
        "researchAndDevelopmentExpenses": 0,
        "generalAndAdministrativeExpenses": 185061000,
        "sellingAndMarketingExpenses": 2200000,
        "sellingGeneralAndAdministrativeExpenses": 187261000,
        "otherExpenses": 182000,
        "operatingExpenses": 187261000,
        "costAndExpenses": 411478000,
        "interestIncome": 47000,
        "interestExpense": 1965000,
        "depreciationAndAmortization": 11787000,
        "ebitda": -9978000,
        "ebitdaratio": -0.0255050266,
        "operatingIncome": -21994000,
        "operatingIncomeRatio": -0.0562194383,
        "totalOtherIncomeExpensesNet": -1736000,
        "incomeBeforeTax": -23730000,
        "incomeBeforeTaxRatio": -0.0606568733,
        "incomeTaxExpense": -4806000,
        "netIncome": -19036000,
        "netIncomeRatio": -0.0486584172,
        "eps": -1.34,
        "epsdiluted": -1.34,
        "weightedAverageShsOut": 14179000,
        "weightedAverageShsOutDil": 14179000,
        "link": "https://www.sec.gov/Archives/edgar/data/18498/000156459020043082/0001564590-20-043082-index.htm",
        "finalLink": "https://www.sec.gov/Archives/edgar/data/18498/000156459020043082/gco-10q_20200801.htm"
    },
    {
        "date": "2020-05-02",
        "symbol": "GCO",
        "reportedCurrency": "USD",
        "cik": "0000018498",
        "fillingDate": "2020-06-11",
        "acceptedDate": "2020-06-11 09:34:24",
        "calendarYear": "2021",
        "period": "Q1",
        "revenue": 279232000,
        "costOfRevenue": 159088000,
        "grossProfit": 120144000,
        "grossProfitRatio": 0.4302658721,
        "researchAndDevelopmentExpenses": 0,
        "generalAndAdministrativeExpenses": 186642000,
        "sellingAndMarketingExpenses": 2400000,
        "sellingGeneralAndAdministrativeExpenses": 189042000,
        "otherExpenses": 124000,
        "operatingExpenses": 189042000,
        "costAndExpenses": 348130000,
        "interestIncome": 200000,
        "interestExpense": 1056000,
        "depreciationAndAmortization": 12423000,
        "ebitda": -143278000,
        "ebitdaratio": -0.5131145427,
        "operatingIncome": -156018000,
        "operatingIncomeRatio": -0.558739686,
        "totalOtherIncomeExpensesNet": -732000,
        "incomeBeforeTax": -156750000,
        "incomeBeforeTaxRatio": -0.561361162,
        "incomeTaxExpense": -22126000,
        "netIncome": -134777000,
        "netIncomeRatio": -0.4826703243,
        "eps": -9.55,
        "epsdiluted": -9.55,
        "weightedAverageShsOut": 14110000,
        "weightedAverageShsOutDil": 14110000,
        "link": "https://www.sec.gov/Archives/edgar/data/18498/000156459020028947/0001564590-20-028947-index.htm",
        "finalLink": "https://www.sec.gov/Archives/edgar/data/18498/000156459020028947/gco-10q_20200502.htm"
    },
    {
        "date": "2020-01-31",
        "symbol": "GCO",
        "reportedCurrency": "USD",
        "cik": "0000018498",
        "fillingDate": "2020-04-01",
        "acceptedDate": "2020-04-01 15:29:15",
        "calendarYear": "2020",
        "period": "Q4",
        "revenue": 677579000,
        "costOfRevenue": 360107000,
        "grossProfit": 317472000,
        "grossProfitRatio": 0.4685387239,
        "researchAndDevelopmentExpenses": 0,
        "generalAndAdministrativeExpenses": 259012000,
        "sellingAndMarketingExpenses": 1600000,
        "sellingGeneralAndAdministrativeExpenses": 260612000,
        "otherExpenses": 124000,
        "operatingExpenses": 260612000,
        "costAndExpenses": 620719000,
        "interestIncome": 353000,
        "interestExpense": 848000,
        "depreciationAndAmortization": 12276000,
        "ebitda": 69292000,
        "ebitdaratio": 0.1022640902,
        "operatingIncome": 45329000,
        "operatingIncomeRatio": 0.0668984724,
        "totalOtherIncomeExpensesNet": -371000,
        "incomeBeforeTax": 44958000,
        "incomeBeforeTaxRatio": 0.0663509347,
        "incomeTaxExpense": 9443000,
        "netIncome": 35562000,
        "netIncomeRatio": 0.052483917,
        "eps": 2.52,
        "epsdiluted": 2.49,
        "weightedAverageShsOut": 14108000,
        "weightedAverageShsOutDil": 14277000,
        "link": "https://www.sec.gov/Archives/edgar/data/18498/000001849820000016/0000018498-20-000016-index.htm",
        "finalLink": "https://www.sec.gov/Archives/edgar/data/18498/000001849820000016/gcofy202010-kq4.htm"
    },
    {
        "date": "2019-11-02",
        "symbol": "GCO",
        "reportedCurrency": "USD",
        "cik": "0000018498",
        "fillingDate": "2019-12-12",
        "acceptedDate": "2019-12-12 15:26:27",
        "calendarYear": "2020",
        "period": "Q3",
        "revenue": 537263000,
        "costOfRevenue": 273061000,
        "grossProfit": 264202000,
        "grossProfitRatio": 0.4917554345,
        "researchAndDevelopmentExpenses": 0,
        "generalAndAdministrativeExpenses": 236160000,
        "sellingAndMarketingExpenses": 1300000,
        "sellingGeneralAndAdministrativeExpenses": 237460000,
        "otherExpenses": 92000,
        "operatingExpenses": 237460000,
        "costAndExpenses": 510521000,
        "interestIncome": 206000,
        "interestExpense": 808000,
        "depreciationAndAmortization": 12180000,
        "ebitda": 39014000,
        "ebitdaratio": 0.0726162047,
        "operatingIncome": 25943000,
        "operatingIncomeRatio": 0.0482873379,
        "totalOtherIncomeExpensesNet": -510000,
        "incomeBeforeTax": 25433000,
        "incomeBeforeTaxRatio": 0.0473380821,
        "incomeTaxExpense": 6454000,
        "netIncome": 18899000,
        "netIncomeRatio": 0.0351764406,
        "eps": 1.31,
        "epsdiluted": 1.3,
        "weightedAverageShsOut": 14465000,
        "weightedAverageShsOutDil": 14529000,
        "link": "https://www.sec.gov/Archives/edgar/data/18498/000001849819000055/0000018498-19-000055-index.htm",
        "finalLink": "https://www.sec.gov/Archives/edgar/data/18498/000001849819000055/gcofy2020q310-q.htm"
    },
    {
        "date": "2019-08-03",
        "symbol": "GCO",
        "reportedCurrency": "USD",
        "cik": "0000018498",
        "fillingDate": "2019-09-12",
        "acceptedDate": "2019-09-12 16:17:11",
        "calendarYear": "2020",
        "period": "Q2",
        "revenue": 486573000,
        "costOfRevenue": 250040000,
        "grossProfit": 236533000,
        "grossProfitRatio": 0.4861202738,
        "researchAndDevelopmentExpenses": 0,
        "generalAndAdministrativeExpenses": 230496000,
        "sellingAndMarketingExpenses": 1300000,
        "sellingGeneralAndAdministrativeExpenses": 231796000,
        "otherExpenses": 93000,
        "operatingExpenses": 231796000,
        "costAndExpenses": 481836000,
        "interestIncome": 488000,
        "interestExpense": 835000,
        "depreciationAndAmortization": 12315000,
        "ebitda": 17070000,
        "ebitdaratio": 0.0350820946,
        "operatingIncome": 2962000,
        "operatingIncomeRatio": 0.006087473,
        "totalOtherIncomeExpensesNet": -254000,
        "incomeBeforeTax": 2708000,
        "incomeBeforeTaxRatio": 0.0055654547,
        "incomeTaxExpense": 1915000,
        "netIncome": 577000,
        "netIncomeRatio": 0.0011858447,
        "eps": 0.04,
        "epsdiluted": 0.04,
        "weightedAverageShsOut": 15959000,
        "weightedAverageShsOutDil": 16028000,
        "link": "https://www.sec.gov/Archives/edgar/data/18498/000001849819000039/0000018498-19-000039-index.htm",
        "finalLink": "https://www.sec.gov/Archives/edgar/data/18498/000001849819000039/gcofy2020q210-q.htm"
    },
    {
        "date": "2019-05-04",
        "symbol": "GCO",
        "reportedCurrency": "USD",
        "cik": "0000018498",
        "fillingDate": "2019-06-13",
        "acceptedDate": "2019-06-13 16:50:22",
        "calendarYear": "2020",
        "period": "Q1",
        "revenue": 495651000,
        "costOfRevenue": 250743000,
        "grossProfit": 244908000,
        "grossProfitRatio": 0.4941138018,
        "researchAndDevelopmentExpenses": 0,
        "generalAndAdministrativeExpenses": 235155000,
        "sellingAndMarketingExpenses": 1400000,
        "sellingGeneralAndAdministrativeExpenses": 236555000,
        "otherExpenses": 86000,
        "operatingExpenses": 236555000,
        "costAndExpenses": 487298000,
        "interestIncome": 1014000,
        "interestExpense": 848000,
        "depreciationAndAmortization": 12803000,
        "ebitda": 21280000,
        "ebitdaratio": 0.042933435,
        "operatingIncome": 9084000,
        "operatingIncomeRatio": 0.0183274118,
        "totalOtherIncomeExpensesNet": 252000,
        "incomeBeforeTax": 9336000,
        "incomeBeforeTaxRatio": 0.0188358341,
        "incomeTaxExpense": 2866000,
        "netIncome": 6346000,
        "netIncomeRatio": 0.0128033637,
        "eps": 0.36,
        "epsdiluted": 0.36,
        "weightedAverageShsOut": 17645000,
        "weightedAverageShsOutDil": 17850000,
        "link": "https://www.sec.gov/Archives/edgar/data/18498/000001849819000032/0000018498-19-000032-index.htm",
        "finalLink": "https://www.sec.gov/Archives/edgar/data/18498/000001849819000032/gcofy2020q110-q.htm"
    },
    {
        "date": "2019-01-31",
        "symbol": "GCO",
        "reportedCurrency": "USD",
        "cik": "0000018498",
        "fillingDate": "2019-04-03",
        "acceptedDate": "2019-04-03 16:09:57",
        "calendarYear": "2019",
        "period": "Q4",
        "revenue": 675491000,
        "costOfRevenue": 359828000,
        "grossProfit": 315663000,
        "grossProfitRatio": 0.4673089649,
        "researchAndDevelopmentExpenses": 0,
        "generalAndAdministrativeExpenses": 258976000,
        "sellingAndMarketingExpenses": 3900000,
        "sellingGeneralAndAdministrativeExpenses": 262876000,
        "otherExpenses": 313000,
        "operatingExpenses": 262876000,
        "costAndExpenses": 622704000,
        "interestIncome": 598000,
        "interestExpense": 971000,
        "depreciationAndAmortization": 18870000,
        "ebitda": 55528000,
        "ebitdaratio": 0.082203908,
        "operatingIncome": 50643000,
        "operatingIncomeRatio": 0.0749721314,
        "totalOtherIncomeExpensesNet": -12847000,
        "incomeBeforeTax": 49986000,
        "incomeBeforeTaxRatio": 0.0739995055,
        "incomeTaxExpense": 20287000,
        "netIncome": -63971000,
        "netIncomeRatio": -0.0947029642,
        "eps": -3.31,
        "epsdiluted": -3.29,
        "weightedAverageShsOut": 19323000,
        "weightedAverageShsOutDil": 19445000,
        "link": "https://www.sec.gov/Archives/edgar/data/18498/000001849819000016/0000018498-19-000016-index.htm",
        "finalLink": "https://www.sec.gov/Archives/edgar/data/18498/000001849819000016/a2018taxonomygcofy201910-k.htm"
    },
    {
        "date": "2018-11-03",
        "symbol": "GCO",
        "reportedCurrency": "USD",
        "cik": "0000018498",
        "fillingDate": "2018-12-13",
        "acceptedDate": "2018-12-13 16:07:02",
        "calendarYear": "2019",
        "period": "Q3",
        "revenue": 713069000,
        "costOfRevenue": 359941000,
        "grossProfit": 353128000,
        "grossProfitRatio": 0.4952227625,
        "researchAndDevelopmentExpenses": 0,
        "generalAndAdministrativeExpenses": 326399000,
        "sellingAndMarketingExpenses": 700000,
        "sellingGeneralAndAdministrativeExpenses": 327099000,
        "otherExpenses": 2000,
        "operatingExpenses": 327099000,
        "costAndExpenses": 687040000,
        "interestIncome": 147000,
        "interestExpense": 984000,
        "depreciationAndAmortization": 19151000,
        "ebitda": 38771000,
        "ebitdaratio": 0.0543720173,
        "operatingIncome": 19471000,
        "operatingIncomeRatio": 0.0273059129,
        "totalOtherIncomeExpensesNet": -7751000,
        "incomeBeforeTax": 18636000,
        "incomeBeforeTaxRatio": 0.0261349182,
        "incomeTaxExpense": 4117000,
        "netIncome": 14387000,
        "netIncomeRatio": 0.0201761681,
        "eps": 0.74,
        "epsdiluted": 0.73,
        "weightedAverageShsOut": 19462000,
        "weightedAverageShsOutDil": 19637000,
        "link": "https://www.sec.gov/Archives/edgar/data/18498/000001849818000048/0000018498-18-000048-index.htm",
        "finalLink": "https://www.sec.gov/Archives/edgar/data/18498/000001849818000048/gcofy2019q3.htm"
    },
    {
        "date": "2018-08-04",
        "symbol": "GCO",
        "reportedCurrency": "USD",
        "cik": "0000018498",
        "fillingDate": "2018-09-13",
        "acceptedDate": "2018-09-13 16:05:56",
        "calendarYear": "2019",
        "period": "Q2",
        "revenue": 653892000,
        "costOfRevenue": 332450000,
        "grossProfit": 321442000,
        "grossProfitRatio": 0.4915827078,
        "researchAndDevelopmentExpenses": 0,
        "generalAndAdministrativeExpenses": 318842000,
        "sellingAndMarketingExpenses": 200000,
        "sellingGeneralAndAdministrativeExpenses": 319042000,
        "otherExpenses": 1000,
        "operatingExpenses": 319042000,
        "costAndExpenses": 651492000,
        "interestIncome": 10000,
        "interestExpense": 1113000,
        "depreciationAndAmortization": 19225000,
        "ebitda": 20597000,
        "ebitdaratio": 0.0314990855,
        "operatingIncome": 1361000,
        "operatingIncomeRatio": 0.0020813835,
        "totalOtherIncomeExpensesNet": -1102000,
        "incomeBeforeTax": 259000,
        "incomeBeforeTaxRatio": 0.0003960899,
        "incomeTaxExpense": 92000,
        "netIncome": -15000,
        "netIncomeRatio": -2.29396e-05,
        "eps": -0.0008,
        "epsdiluted": -0.0008,
        "weightedAverageShsOut": 19342000,
        "weightedAverageShsOutDil": 19342000,
        "link": "https://www.sec.gov/Archives/edgar/data/18498/000001849818000039/0000018498-18-000039-index.htm",
        "finalLink": "https://www.sec.gov/Archives/edgar/data/18498/000001849818000039/gcofy2019q2.htm"
    },
    {
        "date": "2018-05-05",
        "symbol": "GCO",
        "reportedCurrency": "USD",
        "cik": "0000018498",
        "fillingDate": "2018-06-14",
        "acceptedDate": "2018-06-14 16:09:23",
        "calendarYear": "2019",
        "period": "Q1",
        "revenue": 644959000,
        "costOfRevenue": 323131000,
        "grossProfit": 321828000,
        "grossProfitRatio": 0.4989898583,
        "researchAndDevelopmentExpenses": 0,
        "generalAndAdministrativeExpenses": 321324000,
        "sellingAndMarketingExpenses": 800000,
        "sellingGeneralAndAdministrativeExpenses": 322124000,
        "otherExpenses": -20000,
        "operatingExpenses": 322124000,
        "costAndExpenses": 645255000,
        "interestIncome": 19000,
        "interestExpense": 1047000,
        "depreciationAndAmortization": 19693000,
        "ebitda": 17844000,
        "ebitdaratio": 0.0276668749,
        "operatingIncome": -1848000,
        "operatingIncomeRatio": -0.0028652984,
        "totalOtherIncomeExpensesNet": -1048000,
        "incomeBeforeTax": -2896000,
        "incomeBeforeTaxRatio": -0.0044902079,
        "incomeTaxExpense": -588000,
        "netIncome": -2331000,
        "netIncomeRatio": -0.0036141832,
        "eps": -0.12,
        "epsdiluted": -0.12,
        "weightedAverageShsOut": 19278000,
        "weightedAverageShsOutDil": 19455000,
        "link": "https://www.sec.gov/Archives/edgar/data/18498/000001849818000028/0000018498-18-000028-index.htm",
        "finalLink": "https://www.sec.gov/Archives/edgar/data/18498/000001849818000028/gcofy2019q1.htm"
    },
    {
        "date": "2018-01-31",
        "symbol": "GCO",
        "reportedCurrency": "USD",
        "cik": "0000018498",
        "fillingDate": "2018-04-04",
        "acceptedDate": "2018-04-04 16:10:05",
        "calendarYear": "2018",
        "period": "Q4",
        "revenue": 930383000,
        "costOfRevenue": 493679000,
        "grossProfit": 436704000,
        "grossProfitRatio": 0.4693808894,
        "researchAndDevelopmentExpenses": 0,
        "generalAndAdministrativeExpenses": 371320000,
        "sellingAndMarketingExpenses": 2800000,
        "sellingGeneralAndAdministrativeExpenses": 374120000,
        "otherExpenses": 0,
        "operatingExpenses": 374120000,
        "costAndExpenses": 867799000,
        "interestIncome": 8000,
        "interestExpense": 1537000,
        "depreciationAndAmortization": 20796000,
        "ebitda": 70814000,
        "ebitdaratio": 0.0761127407,
        "operatingIncome": 55366000,
        "operatingIncomeRatio": 0.0595088259,
        "totalOtherIncomeExpensesNet": -1529000,
        "incomeBeforeTax": 53837000,
        "incomeBeforeTaxRatio": 0.0578654167,
        "incomeTaxExpense": -2417000,
        "netIncome": 56045000,
        "netIncomeRatio": 0.0602386329,
        "eps": 2.91,
        "epsdiluted": 2.9,
        "weightedAverageShsOut": 19266000,
        "weightedAverageShsOutDil": 19330000,
        "link": "https://www.sec.gov/Archives/edgar/data/18498/000001849818000016/0000018498-18-000016-index.htm",
        "finalLink": "https://www.sec.gov/Archives/edgar/data/18498/000001849818000016/gcofy201810-k.htm"
    },
    {
        "date": "2017-10-28",
        "symbol": "GCO",
        "reportedCurrency": "USD",
        "cik": "0000018498",
        "fillingDate": "2017-12-07",
        "acceptedDate": "2017-12-07 16:18:54",
        "calendarYear": "2018",
        "period": "Q3",
        "revenue": 716759000,
        "costOfRevenue": 362761000,
        "grossProfit": 353998000,
        "grossProfitRatio": 0.4938870666,
        "researchAndDevelopmentExpenses": 0,
        "generalAndAdministrativeExpenses": 321740000,
        "sellingAndMarketingExpenses": 1000000,
        "sellingGeneralAndAdministrativeExpenses": 322740000,
        "otherExpenses": 0,
        "operatingExpenses": 322740000,
        "costAndExpenses": 685501000,
        "interestIncome": 0,
        "interestExpense": 1457000,
        "depreciationAndAmortization": 18984000,
        "ebitda": -133415000,
        "ebitdaratio": -0.1861364838,
        "operatingIncome": -152399000,
        "operatingIncomeRatio": -0.2126223738,
        "totalOtherIncomeExpensesNet": -1478000,
        "incomeBeforeTax": -153856000,
        "incomeBeforeTaxRatio": -0.2146551351,
        "incomeTaxExpense": 10950000,
        "netIncome": -164821000,
        "netIncomeRatio": -0.2299531642,
        "eps": -8.56,
        "epsdiluted": -8.56,
        "weightedAverageShsOut": 19265000,
        "weightedAverageShsOutDil": 19265000,
        "link": "https://www.sec.gov/Archives/edgar/data/18498/000001849817000037/0000018498-17-000037-index.htm",
        "finalLink": "https://www.sec.gov/Archives/edgar/data/18498/000001849817000037/gcofy2018q3.htm"
    },
    {
        "date": "2017-07-29",
        "symbol": "GCO",
        "reportedCurrency": "USD",
        "cik": "0000018498",
        "fillingDate": "2017-09-07",
        "acceptedDate": "2017-09-07 16:08:37",
        "calendarYear": "2018",
        "period": "Q2",
        "revenue": 616506000,
        "costOfRevenue": 309999000,
        "grossProfit": 306507000,
        "grossProfitRatio": 0.4971679108,
        "researchAndDevelopmentExpenses": 0,
        "generalAndAdministrativeExpenses": 307859000,
        "sellingAndMarketingExpenses": 600000,
        "sellingGeneralAndAdministrativeExpenses": 308459000,
        "otherExpenses": 0,
        "operatingExpenses": 308459000,
        "costAndExpenses": 618458000,
        "interestIncome": 6000,
        "interestExpense": 1249000,
        "depreciationAndAmortization": 18930000,
        "ebitda": 16926000,
        "ebitdaratio": 0.0274547206,
        "operatingIncome": -2010000,
        "operatingIncomeRatio": -0.0032603089,
        "totalOtherIncomeExpensesNet": -1273000,
        "incomeBeforeTax": -3259000,
        "incomeBeforeTaxRatio": -0.0052862421,
        "incomeTaxExpense": 616000,
        "netIncome": -3948000,
        "netIncomeRatio": -0.0064038306,
        "eps": -0.21,
        "epsdiluted": -0.21,
        "weightedAverageShsOut": 19152000,
        "weightedAverageShsOutDil": 19152000,
        "link": "https://www.sec.gov/Archives/edgar/data/18498/000001849817000028/0000018498-17-000028-index.htm",
        "finalLink": "https://www.sec.gov/Archives/edgar/data/18498/000001849817000028/gcofy2018q2.htm"
    },
    {
        "date": "2017-04-29",
        "symbol": "GCO",
        "reportedCurrency": "USD",
        "cik": "0000018498",
        "fillingDate": "2017-06-08",
        "acceptedDate": "2017-06-08 16:34:01",
        "calendarYear": "2018",
        "period": "Q1",
        "revenue": 643368000,
        "costOfRevenue": 324455000,
        "grossProfit": 318913000,
        "grossProfitRatio": 0.4956929782,
        "researchAndDevelopmentExpenses": 0,
        "generalAndAdministrativeExpenses": 314800000,
        "sellingAndMarketingExpenses": 1200000,
        "sellingGeneralAndAdministrativeExpenses": 316000000,
        "otherExpenses": 0,
        "operatingExpenses": 316000000,
        "costAndExpenses": 640455000,
        "interestIncome": 0,
        "interestExpense": 1177000,
        "depreciationAndAmortization": 19616000,
        "ebitda": 22529000,
        "ebitdaratio": 0.035017284,
        "operatingIncome": 2794000,
        "operatingIncomeRatio": 0.0043427712,
        "totalOtherIncomeExpensesNet": -1209000,
        "incomeBeforeTax": 1617000,
        "incomeBeforeTaxRatio": 0.0025133361,
        "incomeTaxExpense": 620000,
        "netIncome": 885000,
        "netIncomeRatio": 0.0013755735,
        "eps": 0.05,
        "epsdiluted": 0.05,
        "weightedAverageShsOut": 19189000,
        "weightedAverageShsOutDil": 19293000,
        "link": "https://www.sec.gov/Archives/edgar/data/18498/000001849817000017/0000018498-17-000017-index.htm",
        "finalLink": "https://www.sec.gov/Archives/edgar/data/18498/000001849817000017/fy2018q1.htm"
    },
    {
        "date": "2017-01-31",
        "symbol": "GCO",
        "reportedCurrency": "USD",
        "cik": "0000018498",
        "fillingDate": "2017-03-29",
        "acceptedDate": "2017-03-29 16:04:03",
        "calendarYear": "2017",
        "period": "Q4",
        "revenue": 883169000,
        "costOfRevenue": 465712000,
        "grossProfit": 417457000,
        "grossProfitRatio": 0.4726807666,
        "researchAndDevelopmentExpenses": 0,
        "generalAndAdministrativeExpenses": 349865000,
        "sellingAndMarketingExpenses": 900000,
        "sellingGeneralAndAdministrativeExpenses": 350765000,
        "otherExpenses": 0,
        "operatingExpenses": 350765000,
        "costAndExpenses": 816477000,
        "interestIncome": 10000,
        "interestExpense": 1316000,
        "depreciationAndAmortization": 19249000,
        "ebitda": 85877000,
        "ebitdaratio": 0.0972373351,
        "operatingIncome": 63695000,
        "operatingIncomeRatio": 0.0721209644,
        "totalOtherIncomeExpensesNet": 10900000,
        "incomeBeforeTax": 74595000,
        "incomeBeforeTaxRatio": 0.0844628831,
        "incomeTaxExpense": 27752000,
        "netIncome": 46548000,
        "netIncomeRatio": 0.0527056543,
        "eps": 2.4,
        "epsdiluted": 2.39,
        "weightedAverageShsOut": 19383000,
        "weightedAverageShsOutDil": 19493000,
        "link": "https://www.sec.gov/Archives/edgar/data/18498/000001849817000009/0000018498-17-000009-index.htm",
        "finalLink": "https://www.sec.gov/Archives/edgar/data/18498/000001849817000009/gcofy201710-k.htm"
    },
    {
        "date": "2016-10-29",
        "symbol": "GCO",
        "reportedCurrency": "USD",
        "cik": "0000018498",
        "fillingDate": "2016-12-08",
        "acceptedDate": "2016-12-08 16:07:13",
        "calendarYear": "2017",
        "period": "Q3",
        "revenue": 710822000,
        "costOfRevenue": 355187000,
        "grossProfit": 355635000,
        "grossProfitRatio": 0.5003151281,
        "researchAndDevelopmentExpenses": 0,
        "generalAndAdministrativeExpenses": 313698000,
        "sellingAndMarketingExpenses": 1000000,
        "sellingGeneralAndAdministrativeExpenses": 314698000,
        "otherExpenses": 0,
        "operatingExpenses": 314698000,
        "costAndExpenses": 669885000,
        "interestIncome": 1000,
        "interestExpense": 1488000,
        "depreciationAndAmortization": 18596000,
        "ebitda": 59523000,
        "ebitdaratio": 0.0837382636,
        "operatingIncome": 40348000,
        "operatingIncomeRatio": 0.0567624525,
        "totalOtherIncomeExpensesNet": -1488000,
        "incomeBeforeTax": 38860000,
        "incomeBeforeTaxRatio": 0.0546691014,
        "incomeTaxExpense": 12912000,
        "netIncome": 25895000,
        "netIncomeRatio": 0.0364296547,
        "eps": 1.3,
        "epsdiluted": 1.3,
        "weightedAverageShsOut": 19912000,
        "weightedAverageShsOutDil": 19962000,
        "link": "https://www.sec.gov/Archives/edgar/data/18498/000001849816000095/0000018498-16-000095-index.htm",
        "finalLink": "https://www.sec.gov/Archives/edgar/data/18498/000001849816000095/genescofy2017q3.htm"
    },
    {
        "date": "2016-07-30",
        "symbol": "GCO",
        "reportedCurrency": "USD",
        "cik": "0000018498",
        "fillingDate": "2016-09-08",
        "acceptedDate": "2016-09-08 16:17:08",
        "calendarYear": "2017",
        "period": "Q2",
        "revenue": 625557000,
        "costOfRevenue": 310820000,
        "grossProfit": 314737000,
        "grossProfitRatio": 0.5031308098,
        "researchAndDevelopmentExpenses": 0,
        "generalAndAdministrativeExpenses": 301962000,
        "sellingAndMarketingExpenses": 700000,
        "sellingGeneralAndAdministrativeExpenses": 302662000,
        "otherExpenses": 0,
        "operatingExpenses": 302662000,
        "costAndExpenses": 613482000,
        "interestIncome": 10000,
        "interestExpense": 1306000,
        "depreciationAndAmortization": 19109000,
        "ebitda": 31146000,
        "ebitdaratio": 0.0497892278,
        "operatingIncome": 20020000,
        "operatingIncomeRatio": 0.0320034785,
        "totalOtherIncomeExpensesNet": 1179000,
        "incomeBeforeTax": 21199000,
        "incomeBeforeTaxRatio": 0.0338881988,
        "incomeTaxExpense": 6695000,
        "netIncome": 14578000,
        "netIncomeRatio": 0.0233040314,
        "eps": 0.72,
        "epsdiluted": 0.72,
        "weightedAverageShsOut": 20195000,
        "weightedAverageShsOutDil": 20244000,
        "link": "https://www.sec.gov/Archives/edgar/data/18498/000001849816000089/0000018498-16-000089-index.htm",
        "finalLink": "https://www.sec.gov/Archives/edgar/data/18498/000001849816000089/genescofy2017q2.htm"
    },
    {
        "date": "2016-04-30",
        "symbol": "GCO",
        "reportedCurrency": "USD",
        "cik": "0000018498",
        "fillingDate": "2016-06-09",
        "acceptedDate": "2016-06-09 16:30:08",
        "calendarYear": "2017",
        "period": "Q1",
        "revenue": 648793000,
        "costOfRevenue": 319096000,
        "grossProfit": 329697000,
        "grossProfitRatio": 0.508169786,
        "researchAndDevelopmentExpenses": 0,
        "generalAndAdministrativeExpenses": 307243000,
        "sellingAndMarketingExpenses": 1000000,
        "sellingGeneralAndAdministrativeExpenses": 308243000,
        "otherExpenses": 0,
        "operatingExpenses": 308243000,
        "costAndExpenses": 627339000,
        "interestIncome": 26000,
        "interestExpense": 1137000,
        "depreciationAndAmortization": 18814000,
        "ebitda": 40247000,
        "ebitdaratio": 0.0620336533,
        "operatingIncome": 17897000,
        "operatingIncomeRatio": 0.0275850695,
        "totalOtherIncomeExpensesNet": -1137000,
        "incomeBeforeTax": 16760000,
        "incomeBeforeTaxRatio": 0.0258325845,
        "incomeTaxExpense": 6196000,
        "netIncome": 10410000,
        "netIncomeRatio": 0.0160451793,
        "eps": 0.5,
        "epsdiluted": 0.5,
        "weightedAverageShsOut": 20815000,
        "weightedAverageShsOutDil": 20990000,
        "link": "https://www.sec.gov/Archives/edgar/data/18498/000001849816000079/0000018498-16-000079-index.htm",
        "finalLink": "https://www.sec.gov/Archives/edgar/data/18498/000001849816000079/genescofy2017q1.htm"
    },
    {
        "date": "2016-01-31",
        "symbol": "GCO",
        "reportedCurrency": "USD",
        "cik": "0000018498",
        "fillingDate": "2016-03-30",
        "acceptedDate": "2016-03-30 16:36:37",
        "calendarYear": "2016",
        "period": "Q4",
        "revenue": 932214000,
        "costOfRevenue": 509058000,
        "grossProfit": 423156000,
        "grossProfitRatio": 0.4539258153,
        "researchAndDevelopmentExpenses": 0,
        "generalAndAdministrativeExpenses": 348182000,
        "sellingAndMarketingExpenses": 600000,
        "sellingGeneralAndAdministrativeExpenses": 348782000,
        "otherExpenses": 0,
        "operatingExpenses": 348782000,
        "costAndExpenses": 857840000,
        "interestIncome": 0,
        "interestExpense": 1500000,
        "depreciationAndAmortization": 20842000,
        "ebitda": 95231000,
        "ebitdaratio": 0.1021557282,
        "operatingIncome": 70451000,
        "operatingIncomeRatio": 0.0755738489,
        "totalOtherIncomeExpensesNet": 3185000,
        "incomeBeforeTax": 76282000,
        "incomeBeforeTaxRatio": 0.0818288505,
        "incomeTaxExpense": 29538000,
        "netIncome": 46420000,
        "netIncomeRatio": 0.0497954332,
        "eps": 2.15,
        "epsdiluted": 2.14,
        "weightedAverageShsOut": 21595000,
        "weightedAverageShsOutDil": 21693000,
        "link": "https://www.sec.gov/Archives/edgar/data/18498/000001849816000065/0000018498-16-000065-index.htm",
        "finalLink": "https://www.sec.gov/Archives/edgar/data/18498/000001849816000065/gcofy201610-k.htm"
    },
    {
        "date": "2015-10-31",
        "symbol": "GCO",
        "reportedCurrency": "USD",
        "cik": "0000018498",
        "fillingDate": "2015-12-10",
        "acceptedDate": "2015-12-10 16:28:28",
        "calendarYear": "2016",
        "period": "Q3",
        "revenue": 773898000,
        "costOfRevenue": 400012000,
        "grossProfit": 373886000,
        "grossProfitRatio": 0.4831205146,
        "researchAndDevelopmentExpenses": 0,
        "generalAndAdministrativeExpenses": 320585000,
        "sellingAndMarketingExpenses": 1100000,
        "sellingGeneralAndAdministrativeExpenses": 321685000,
        "otherExpenses": 0,
        "operatingExpenses": 321685000,
        "costAndExpenses": 721697000,
        "interestIncome": 0,
        "interestExpense": 1330000,
        "depreciationAndAmortization": 19294000,
        "ebitda": 71344000,
        "ebitdaratio": 0.0921878594,
        "operatingIncome": 52050000,
        "operatingIncomeRatio": 0.0672569253,
        "totalOtherIncomeExpensesNet": -1330000,
        "incomeBeforeTax": 50720000,
        "incomeBeforeTaxRatio": 0.0655383526,
        "incomeTaxExpense": 17865000,
        "netIncome": 32507000,
        "netIncomeRatio": 0.0420042435,
        "eps": 1.42,
        "epsdiluted": 1.42,
        "weightedAverageShsOut": 22834000,
        "weightedAverageShsOutDil": 22917000,
        "link": "https://www.sec.gov/Archives/edgar/data/18498/000001849815000048/0000018498-15-000048-index.htm",
        "finalLink": "https://www.sec.gov/Archives/edgar/data/18498/000001849815000048/genescofy2016q3.htm"
    },
    {
        "date": "2015-08-01",
        "symbol": "GCO",
        "reportedCurrency": "USD",
        "cik": "0000018498",
        "fillingDate": "2015-09-10",
        "acceptedDate": "2015-09-10 17:06:01",
        "calendarYear": "2016",
        "period": "Q2",
        "revenue": 655525000,
        "costOfRevenue": 335434000,
        "grossProfit": 320091000,
        "grossProfitRatio": 0.4882971664,
        "researchAndDevelopmentExpenses": 0,
        "generalAndAdministrativeExpenses": 305722000,
        "sellingAndMarketingExpenses": 700000,
        "sellingGeneralAndAdministrativeExpenses": 306422000,
        "otherExpenses": 0,
        "operatingExpenses": 306422000,
        "costAndExpenses": 641856000,
        "interestIncome": 17000,
        "interestExpense": 928000,
        "depreciationAndAmortization": 19382000,
        "ebitda": 33009000,
        "ebitdaratio": 0.0503550589,
        "operatingIncome": 12496000,
        "operatingIncomeRatio": 0.0190625834,
        "totalOtherIncomeExpensesNet": -928000,
        "incomeBeforeTax": 11568000,
        "incomeBeforeTaxRatio": 0.0176469242,
        "incomeTaxExpense": 3975000,
        "netIncome": 7520000,
        "netIncomeRatio": 0.0114717211,
        "eps": 0.32,
        "epsdiluted": 0.32,
        "weightedAverageShsOut": 23538000,
        "weightedAverageShsOutDil": 23616000,
        "link": "https://www.sec.gov/Archives/edgar/data/18498/000001849815000032/0000018498-15-000032-index.htm",
        "finalLink": "https://www.sec.gov/Archives/edgar/data/18498/000001849815000032/genescofy2016q2.htm"
    },
    {
        "date": "2015-05-02",
        "symbol": "GCO",
        "reportedCurrency": "USD",
        "cik": "0000018498",
        "fillingDate": "2015-06-11",
        "acceptedDate": "2015-06-11 16:53:48",
        "calendarYear": "2016",
        "period": "Q1",
        "revenue": 660597000,
        "costOfRevenue": 334264000,
        "grossProfit": 326333000,
        "grossProfitRatio": 0.4939970966,
        "researchAndDevelopmentExpenses": 0,
        "generalAndAdministrativeExpenses": 306433000,
        "sellingAndMarketingExpenses": 1000000,
        "sellingGeneralAndAdministrativeExpenses": 307433000,
        "otherExpenses": 0,
        "operatingExpenses": 307433000,
        "costAndExpenses": 641697000,
        "interestIncome": 15000,
        "interestExpense": 645000,
        "depreciationAndAmortization": 19493000,
        "ebitda": 38413000,
        "ebitdaratio": 0.0581489168,
        "operatingIncome": 16254000,
        "operatingIncomeRatio": 0.0246050164,
        "totalOtherIncomeExpensesNet": -645000,
        "incomeBeforeTax": 15609000,
        "incomeBeforeTaxRatio": 0.0236286268,
        "incomeTaxExpense": 5664000,
        "netIncome": 9878000,
        "netIncomeRatio": 0.0149531409,
        "eps": 0.42,
        "epsdiluted": 0.42,
        "weightedAverageShsOut": 23550000,
        "weightedAverageShsOutDil": 23775000,
        "link": "https://www.sec.gov/Archives/edgar/data/18498/000001849815000021/0000018498-15-000021-index.htm",
        "finalLink": "https://www.sec.gov/Archives/edgar/data/18498/000001849815000021/genescofy2016q1.htm"
    },
    {
        "date": "2015-01-31",
        "symbol": "GCO",
        "reportedCurrency": "USD",
        "cik": "0000018498",
        "fillingDate": "2015-04-01",
        "acceptedDate": "2015-04-01 16:51:16",
        "calendarYear": "2015",
        "period": "Q4",
        "revenue": 892630000,
        "costOfRevenue": 468397000,
        "grossProfit": 424233000,
        "grossProfitRatio": 0.4752618666,
        "researchAndDevelopmentExpenses": 0,
        "generalAndAdministrativeExpenses": 335795000,
        "sellingAndMarketingExpenses": 600000,
        "sellingGeneralAndAdministrativeExpenses": 336395000,
        "otherExpenses": 0,
        "operatingExpenses": 336395000,
        "costAndExpenses": 804792000,
        "interestIncome": 37000,
        "interestExpense": 853000,
        "depreciationAndAmortization": 19571000,
        "ebitda": 107426000,
        "ebitdaratio": 0.1203477365,
        "operatingIncome": 86904000,
        "operatingIncomeRatio": 0.0973572477,
        "totalOtherIncomeExpensesNet": -853000,
        "incomeBeforeTax": 86051000,
        "incomeBeforeTaxRatio": 0.0964016446,
        "incomeTaxExpense": 34294000,
        "netIncome": 50396000,
        "netIncomeRatio": 0.0564578829,
        "eps": 2.14,
        "epsdiluted": 2.12,
        "weightedAverageShsOut": 23563000,
        "weightedAverageShsOutDil": 23759000,
        "link": "https://www.sec.gov/Archives/edgar/data/18498/000001849815000014/0000018498-15-000014-index.htm",
        "finalLink": "https://www.sec.gov/Archives/edgar/data/18498/000001849815000014/gcofy201510-k.htm"
    },
    {
        "date": "2014-11-01",
        "symbol": "GCO",
        "reportedCurrency": "USD",
        "cik": "0000018498",
        "fillingDate": "2014-12-11",
        "acceptedDate": "2014-12-11 17:04:10",
        "calendarYear": "2015",
        "period": "Q3",
        "revenue": 722915000,
        "costOfRevenue": 364426000,
        "grossProfit": 358489000,
        "grossProfitRatio": 0.4958937081,
        "researchAndDevelopmentExpenses": 0,
        "generalAndAdministrativeExpenses": 309893000,
        "sellingAndMarketingExpenses": 1000000,
        "sellingGeneralAndAdministrativeExpenses": 310893000,
        "otherExpenses": 0,
        "operatingExpenses": 310893000,
        "costAndExpenses": 675319000,
        "interestIncome": 23000,
        "interestExpense": 891000,
        "depreciationAndAmortization": 19006000,
        "ebitda": 66563000,
        "ebitdaratio": 0.0920758319,
        "operatingIncome": 46560000,
        "operatingIncomeRatio": 0.0644059122,
        "totalOtherIncomeExpensesNet": -7941000,
        "incomeBeforeTax": 38619000,
        "incomeBeforeTaxRatio": 0.0534212183,
        "incomeTaxExpense": 9869000,
        "netIncome": 28662000,
        "netIncomeRatio": 0.0396478148,
        "eps": 1.21,
        "epsdiluted": 1.21,
        "weightedAverageShsOut": 23602000,
        "weightedAverageShsOutDil": 23760000,
        "link": "https://www.sec.gov/Archives/edgar/data/18498/000001849814000035/0000018498-14-000035-index.htm",
        "finalLink": "https://www.sec.gov/Archives/edgar/data/18498/000001849814000035/genescofy2015q3.htm"
    },
    {
        "date": "2014-08-02",
        "symbol": "GCO",
        "reportedCurrency": "USD",
        "cik": "0000018498",
        "fillingDate": "2014-09-11",
        "acceptedDate": "2014-09-11 16:57:19",
        "calendarYear": "2015",
        "period": "Q2",
        "revenue": 615474000,
        "costOfRevenue": 313729000,
        "grossProfit": 301745000,
        "grossProfitRatio": 0.4902644141,
        "researchAndDevelopmentExpenses": 0,
        "generalAndAdministrativeExpenses": 289539000,
        "sellingAndMarketingExpenses": 700000,
        "sellingGeneralAndAdministrativeExpenses": 290239000,
        "otherExpenses": 0,
        "operatingExpenses": 290239000,
        "costAndExpenses": 603968000,
        "interestIncome": 18000,
        "interestExpense": 782000,
        "depreciationAndAmortization": 18389000,
        "ebitda": 29891000,
        "ebitdaratio": 0.0485658208,
        "operatingIncome": 10084000,
        "operatingIncomeRatio": 0.0163841202,
        "totalOtherIncomeExpensesNet": -782000,
        "incomeBeforeTax": 9302000,
        "incomeBeforeTaxRatio": 0.0151135548,
        "incomeTaxExpense": 4534000,
        "netIncome": 4694000,
        "netIncomeRatio": 0.0076266422,
        "eps": 0.2,
        "epsdiluted": 0.2,
        "weightedAverageShsOut": 23496000,
        "weightedAverageShsOutDil": 23622000,
        "link": "https://www.sec.gov/Archives/edgar/data/18498/000001849814000030/0000018498-14-000030-index.htm",
        "finalLink": "https://www.sec.gov/Archives/edgar/data/18498/000001849814000030/genescofy2015q2.htm"
    },
    {
        "date": "2014-05-03",
        "symbol": "GCO",
        "reportedCurrency": "USD",
        "cik": "0000018498",
        "fillingDate": "2014-06-12",
        "acceptedDate": "2014-06-12 16:19:05",
        "calendarYear": "2015",
        "period": "Q1",
        "revenue": 628825000,
        "costOfRevenue": 312881000,
        "grossProfit": 315944000,
        "grossProfitRatio": 0.5024354948,
        "researchAndDevelopmentExpenses": 0,
        "generalAndAdministrativeExpenses": 292337000,
        "sellingAndMarketingExpenses": 1000000,
        "sellingGeneralAndAdministrativeExpenses": 293337000,
        "otherExpenses": 0,
        "operatingExpenses": 293337000,
        "costAndExpenses": 606218000,
        "interestIncome": 32000,
        "interestExpense": 701000,
        "depreciationAndAmortization": 17360000,
        "ebitda": 39902000,
        "ebitdaratio": 0.0634548563,
        "operatingIncome": 23718000,
        "operatingIncomeRatio": 0.037717966,
        "totalOtherIncomeExpensesNet": -701000,
        "incomeBeforeTax": 23017000,
        "incomeBeforeTaxRatio": 0.0366031885,
        "incomeTaxExpense": 8919000,
        "netIncome": 13973000,
        "netIncomeRatio": 0.0222208087,
        "eps": 0.6,
        "epsdiluted": 0.59,
        "weightedAverageShsOut": 23369000,
        "weightedAverageShsOutDil": 23692000,
        "link": "https://www.sec.gov/Archives/edgar/data/18498/000001849814000021/0000018498-14-000021-index.htm",
        "finalLink": "https://www.sec.gov/Archives/edgar/data/18498/000001849814000021/genescofy2015q1.htm"
    },
    {
        "date": "2014-01-31",
        "symbol": "GCO",
        "reportedCurrency": "USD",
        "cik": "0000018498",
        "fillingDate": "2014-04-02",
        "acceptedDate": "2014-04-02 17:24:16",
        "calendarYear": "2014",
        "period": "Q4",
        "revenue": 792506000,
        "costOfRevenue": 406862000,
        "grossProfit": 385644000,
        "grossProfitRatio": 0.4866133506,
        "researchAndDevelopmentExpenses": 0,
        "generalAndAdministrativeExpenses": 304268000,
        "sellingAndMarketingExpenses": 500000,
        "sellingGeneralAndAdministrativeExpenses": 304768000,
        "otherExpenses": 0,
        "operatingExpenses": 304768000,
        "costAndExpenses": 711630000,
        "interestIncome": 17000,
        "interestExpense": 1206000,
        "depreciationAndAmortization": 17618000,
        "ebitda": 98502000,
        "ebitdaratio": 0.1242918035,
        "operatingIncome": 75204000,
        "operatingIncomeRatio": 0.0948939188,
        "totalOtherIncomeExpensesNet": -1206000,
        "incomeBeforeTax": 73998000,
        "incomeBeforeTaxRatio": 0.0933721637,
        "incomeTaxExpense": 31786000,
        "netIncome": 42153000,
        "netIncomeRatio": 0.0531895027,
        "eps": 1.81,
        "epsdiluted": 1.79,
        "weightedAverageShsOut": 23291000,
        "weightedAverageShsOutDil": 23600000,
        "link": "https://www.sec.gov/Archives/edgar/data/18498/000001849814000012/0000018498-14-000012-index.htm",
        "finalLink": "https://www.sec.gov/Archives/edgar/data/18498/000001849814000012/gcofy201410-k.htm"
    },
    {
        "date": "2013-11-02",
        "symbol": "GCO",
        "reportedCurrency": "USD",
        "cik": "0000018498",
        "fillingDate": "2013-12-12",
        "acceptedDate": "2013-12-12 16:34:37",
        "calendarYear": "2014",
        "period": "Q3",
        "revenue": 666332000,
        "costOfRevenue": 334171000,
        "grossProfit": 332161000,
        "grossProfitRatio": 0.4984917429,
        "researchAndDevelopmentExpenses": 0,
        "generalAndAdministrativeExpenses": 282802000,
        "sellingAndMarketingExpenses": 900000,
        "sellingGeneralAndAdministrativeExpenses": 283702000,
        "otherExpenses": 0,
        "operatingExpenses": 283702000,
        "costAndExpenses": 617873000,
        "interestIncome": 9000,
        "interestExpense": 1190000,
        "depreciationAndAmortization": 16634000,
        "ebitda": 65163000,
        "ebitdaratio": 0.0977935924,
        "operatingIncome": 46979000,
        "operatingIncomeRatio": 0.070503893,
        "totalOtherIncomeExpensesNet": -1190000,
        "incomeBeforeTax": 45789000,
        "incomeBeforeTaxRatio": 0.0687179964,
        "incomeTaxExpense": 17993000,
        "netIncome": 27750000,
        "netIncomeRatio": 0.0416459062,
        "eps": 1.19,
        "epsdiluted": 1.18,
        "weightedAverageShsOut": 23329000,
        "weightedAverageShsOutDil": 23604000,
        "link": "https://www.sec.gov/Archives/edgar/data/18498/000001849813000049/0000018498-13-000049-index.htm",
        "finalLink": "https://www.sec.gov/Archives/edgar/data/18498/000001849813000049/genescofy2014q3.htm"
    },
    {
        "date": "2013-08-03",
        "symbol": "GCO",
        "reportedCurrency": "USD",
        "cik": "0000018498",
        "fillingDate": "2013-09-12",
        "acceptedDate": "2013-09-12 17:11:56",
        "calendarYear": "2014",
        "period": "Q2",
        "revenue": 574746000,
        "costOfRevenue": 291938000,
        "grossProfit": 282808000,
        "grossProfitRatio": 0.492057361,
        "researchAndDevelopmentExpenses": 0,
        "generalAndAdministrativeExpenses": 273620000,
        "sellingAndMarketingExpenses": 800000,
        "sellingGeneralAndAdministrativeExpenses": 274420000,
        "otherExpenses": 0,
        "operatingExpenses": 274420000,
        "costAndExpenses": 566358000,
        "interestIncome": 18000,
        "interestExpense": 1158000,
        "depreciationAndAmortization": 16454000,
        "ebitda": 32000000,
        "ebitdaratio": 0.0556767685,
        "operatingIncome": 15528000,
        "operatingIncomeRatio": 0.0270171519,
        "totalOtherIncomeExpensesNet": -1140000,
        "incomeBeforeTax": 14388000,
        "incomeBeforeTaxRatio": 0.025033667,
        "incomeTaxExpense": 5923000,
        "netIncome": 8340000,
        "netIncomeRatio": 0.0145107578,
        "eps": 0.36,
        "epsdiluted": 0.35,
        "weightedAverageShsOut": 23274000,
        "weightedAverageShsOutDil": 23523000,
        "link": "https://www.sec.gov/Archives/edgar/data/18498/000001849813000034/0000018498-13-000034-index.htm",
        "finalLink": "https://www.sec.gov/Archives/edgar/data/18498/000001849813000034/genesco10-qq2fy14.htm"
    },
    {
        "date": "2013-05-04",
        "symbol": "GCO",
        "reportedCurrency": "USD",
        "cik": "0000018498",
        "fillingDate": "2013-06-13",
        "acceptedDate": "2013-06-13 16:11:05",
        "calendarYear": "2014",
        "period": "Q1",
        "revenue": 591388000,
        "costOfRevenue": 292777000,
        "grossProfit": 298611000,
        "grossProfitRatio": 0.504932464,
        "researchAndDevelopmentExpenses": 0,
        "generalAndAdministrativeExpenses": 264014000,
        "sellingAndMarketingExpenses": 1000000,
        "sellingGeneralAndAdministrativeExpenses": 265014000,
        "otherExpenses": 0,
        "operatingExpenses": 265014000,
        "costAndExpenses": 557791000,
        "interestIncome": 22000,
        "interestExpense": 1039000,
        "depreciationAndAmortization": 16429000,
        "ebitda": 42175000,
        "ebitdaratio": 0.0713152786,
        "operatingIncome": 32268000,
        "operatingIncomeRatio": 0.0545631633,
        "totalOtherIncomeExpensesNet": -1039000,
        "incomeBeforeTax": 31229000,
        "incomeBeforeTaxRatio": 0.0528062795,
        "incomeTaxExpense": 12748000,
        "netIncome": 18382000,
        "netIncomeRatio": 0.0310828086,
        "eps": 0.79,
        "epsdiluted": 0.77,
        "weightedAverageShsOut": 23295000,
        "weightedAverageShsOutDil": 23732000,
        "link": "https://www.sec.gov/Archives/edgar/data/18498/000001849813000020/0000018498-13-000020-index.htm",
        "finalLink": "https://www.sec.gov/Archives/edgar/data/18498/000001849813000020/genesco10-qq1fy14.htm"
    },
    {
        "date": "2013-01-31",
        "symbol": "GCO",
        "reportedCurrency": "USD",
        "cik": "0000018498",
        "fillingDate": "2013-04-03",
        "acceptedDate": "2013-04-03 16:20:53",
        "calendarYear": "2013",
        "period": "Q4",
        "revenue": 796693000,
        "costOfRevenue": 412380000,
        "grossProfit": 384313000,
        "grossProfitRatio": 0.4823853103,
        "researchAndDevelopmentExpenses": 0,
        "generalAndAdministrativeExpenses": 304842000,
        "sellingAndMarketingExpenses": 700000,
        "sellingGeneralAndAdministrativeExpenses": 305542000,
        "otherExpenses": 0,
        "operatingExpenses": 305542000,
        "costAndExpenses": 717922000,
        "interestIncome": 29000,
        "interestExpense": 1406000,
        "depreciationAndAmortization": 17502000,
        "ebitda": 80161000,
        "ebitdaratio": 0.1006171763,
        "operatingIncome": 62630000,
        "operatingIncomeRatio": 0.0786124643,
        "totalOtherIncomeExpensesNet": -1406000,
        "incomeBeforeTax": 61224000,
        "incomeBeforeTaxRatio": 0.0768476691,
        "incomeTaxExpense": 22547000,
        "netIncome": 38527000,
        "netIncomeRatio": 0.0483586526,
        "eps": 1.65,
        "epsdiluted": 1.62,
        "weightedAverageShsOut": 23377000,
        "weightedAverageShsOutDil": 23787000,
        "link": "https://www.sec.gov/Archives/edgar/data/18498/000001849813000012/0000018498-13-000012-index.htm",
        "finalLink": "https://www.sec.gov/Archives/edgar/data/18498/000001849813000012/gcofy201310-k.htm"
    },
    {
        "date": "2012-10-27",
        "symbol": "GCO",
        "reportedCurrency": "USD",
        "cik": "0000018498",
        "fillingDate": "2012-12-06",
        "acceptedDate": "2012-12-06 16:13:29",
        "calendarYear": "2013",
        "period": "Q3",
        "revenue": 664458000,
        "costOfRevenue": 330110000,
        "grossProfit": 334348000,
        "grossProfitRatio": 0.5031890654,
        "researchAndDevelopmentExpenses": 0,
        "generalAndAdministrativeExpenses": 280513000,
        "sellingAndMarketingExpenses": 1100000,
        "sellingGeneralAndAdministrativeExpenses": 281613000,
        "otherExpenses": 0,
        "operatingExpenses": 281613000,
        "costAndExpenses": 611723000,
        "interestIncome": 41000,
        "interestExpense": 1301000,
        "depreciationAndAmortization": 15651000,
        "ebitda": 69900000,
        "ebitdaratio": 0.1051985227,
        "operatingIncome": 52378000,
        "operatingIncomeRatio": 0.0788281577,
        "totalOtherIncomeExpensesNet": 529000,
        "incomeBeforeTax": 51077000,
        "incomeBeforeTaxRatio": 0.0768701709,
        "incomeTaxExpense": 10108000,
        "netIncome": 40875000,
        "netIncomeRatio": 0.0615163035,
        "eps": 1.73,
        "epsdiluted": 1.7,
        "weightedAverageShsOut": 23584000,
        "weightedAverageShsOutDil": 23996000,
        "link": "https://www.sec.gov/Archives/edgar/data/18498/000001849812000018/0000018498-12-000018-index.htm",
        "finalLink": "https://www.sec.gov/Archives/edgar/data/18498/000001849812000018/genesco10-qq3fy131.htm"
    },
    {
        "date": "2012-07-28",
        "symbol": "GCO",
        "reportedCurrency": "USD",
        "cik": "0000018498",
        "fillingDate": "2012-09-06",
        "acceptedDate": "2012-09-06 16:08:34",
        "calendarYear": "2013",
        "period": "Q2",
        "revenue": 543522000,
        "costOfRevenue": 269294000,
        "grossProfit": 274228000,
        "grossProfitRatio": 0.5045389147,
        "researchAndDevelopmentExpenses": 0,
        "generalAndAdministrativeExpenses": 0,
        "sellingAndMarketingExpenses": 0,
        "sellingGeneralAndAdministrativeExpenses": 256869000,
        "otherExpenses": 0,
        "operatingExpenses": 256869000,
        "costAndExpenses": 526163000,
        "interestIncome": 10000,
        "interestExpense": 1217000,
        "depreciationAndAmortization": 15291000,
        "ebitda": 31146000,
        "ebitdaratio": 0.0573040282,
        "operatingIncome": 16955000,
        "operatingIncomeRatio": 0.0311946895,
        "totalOtherIncomeExpensesNet": -97000,
        "incomeBeforeTax": 15748000,
        "incomeBeforeTaxRatio": 0.0289739882,
        "incomeTaxExpense": 5187000,
        "netIncome": 10520000,
        "netIncomeRatio": 0.0193552423,
        "eps": 0.44,
        "epsdiluted": 0.43,
        "weightedAverageShsOut": 23778000,
        "weightedAverageShsOutDil": 24123000,
        "link": "https://www.sec.gov/Archives/edgar/data/18498/000001849812000007/0000018498-12-000007-index.htm",
        "finalLink": "https://www.sec.gov/Archives/edgar/data/18498/000001849812000007/genesco10-qq2fy13.htm"
    },
    {
        "date": "2012-04-28",
        "symbol": "GCO",
        "reportedCurrency": "USD",
        "cik": "0000018498",
        "fillingDate": "2012-06-07",
        "acceptedDate": "2012-06-07 16:05:49",
        "calendarYear": "2013",
        "period": "Q1",
        "revenue": 600144000,
        "costOfRevenue": 290841000,
        "grossProfit": 309303000,
        "grossProfitRatio": 0.5153813085,
        "researchAndDevelopmentExpenses": 0,
        "generalAndAdministrativeExpenses": 0,
        "sellingAndMarketingExpenses": 0,
        "sellingGeneralAndAdministrativeExpenses": 273161000,
        "otherExpenses": 0,
        "operatingExpenses": 273161000,
        "costAndExpenses": 564002000,
        "interestIncome": 15000,
        "interestExpense": 1132000,
        "depreciationAndAmortization": 15253000,
        "ebitda": 52271000,
        "ebitdaratio": 0.08709743,
        "operatingIncome": 36007000,
        "operatingIncomeRatio": 0.0599972673,
        "totalOtherIncomeExpensesNet": -121000,
        "incomeBeforeTax": 34890000,
        "incomeBeforeTaxRatio": 0.0581360473,
        "incomeTaxExpense": 14099000,
        "netIncome": 20614000,
        "netIncomeRatio": 0.034348423,
        "eps": 0.88,
        "epsdiluted": 0.87,
        "weightedAverageShsOut": 23543000,
        "weightedAverageShsOutDil": 23837000,
        "link": "https://www.sec.gov/Archives/edgar/data/18498/000144530512001959/0001445305-12-001959-index.htm",
        "finalLink": "https://www.sec.gov/Archives/edgar/data/18498/000144530512001959/genesco10-q.htm"
    },
    {
        "date": "2012-01-31",
        "symbol": "GCO",
        "reportedCurrency": "USD",
        "cik": "0000018498",
        "fillingDate": "2012-03-28",
        "acceptedDate": "2012-03-28 16:55:13",
        "calendarYear": "2012",
        "period": "Q4",
        "revenue": 723369000,
        "costOfRevenue": 366298000,
        "grossProfit": 357071000,
        "grossProfitRatio": 0.4936222039,
        "researchAndDevelopmentExpenses": 0,
        "generalAndAdministrativeExpenses": 0,
        "sellingAndMarketingExpenses": 0,
        "sellingGeneralAndAdministrativeExpenses": 285548000,
        "otherExpenses": 0,
        "operatingExpenses": 285548000,
        "costAndExpenses": 651846000,
        "interestIncome": 31000,
        "interestExpense": 1659000,
        "depreciationAndAmortization": 14689000,
        "ebitda": 85502000,
        "ebitdaratio": 0.1181997017,
        "operatingIncome": 70782000,
        "operatingIncomeRatio": 0.0978504747,
        "totalOtherIncomeExpensesNet": -1628000,
        "incomeBeforeTax": 69154000,
        "incomeBeforeTaxRatio": 0.0955998944,
        "incomeTaxExpense": 27656000,
        "netIncome": 41470000,
        "netIncomeRatio": 0.0573289704,
        "eps": 1.72,
        "epsdiluted": 1.72,
        "weightedAverageShsOut": 23242000,
        "weightedAverageShsOutDil": 24100000,
        "link": "https://www.sec.gov/Archives/edgar/data/18498/000119312512137534/0001193125-12-137534-index.htm",
        "finalLink": "https://www.sec.gov/Archives/edgar/data/18498/000119312512137534/d275497d10k.htm"
    },
    {
        "date": "2011-10-29",
        "symbol": "GCO",
        "reportedCurrency": "USD",
        "cik": "0000018498",
        "fillingDate": "2011-12-08",
        "acceptedDate": "2011-12-08 16:55:52",
        "calendarYear": "2012",
        "period": "Q3",
        "revenue": 616525000,
        "costOfRevenue": 304373000,
        "grossProfit": 312152000,
        "grossProfitRatio": 0.5063087466,
        "researchAndDevelopmentExpenses": 0,
        "generalAndAdministrativeExpenses": 0,
        "sellingAndMarketingExpenses": 0,
        "sellingGeneralAndAdministrativeExpenses": 265895000,
        "otherExpenses": 0,
        "operatingExpenses": 265895000,
        "costAndExpenses": 570268000,
        "interestIncome": 16000,
        "interestExpense": 1885000,
        "depreciationAndAmortization": 13844000,
        "ebitda": 59772000,
        "ebitdaratio": 0.0969498398,
        "operatingIncome": 45912000,
        "operatingIncomeRatio": 0.0744689996,
        "totalOtherIncomeExpensesNet": -1869000,
        "incomeBeforeTax": 44043000,
        "incomeBeforeTaxRatio": 0.0714374924,
        "incomeTaxExpense": 17882000,
        "netIncome": 26088000,
        "netIncomeRatio": 0.0423145858,
        "eps": 1.11,
        "epsdiluted": 1.09,
        "weightedAverageShsOut": 23407000,
        "weightedAverageShsOutDil": 23976000,
        "link": "https://www.sec.gov/Archives/edgar/data/18498/000119312511335192/0001193125-11-335192-index.htm",
        "finalLink": "https://www.sec.gov/Archives/edgar/data/18498/000119312511335192/d265665d10q.htm"
    },
    {
        "date": "2011-07-30",
        "symbol": "GCO",
        "reportedCurrency": "USD",
        "cik": "0000018498",
        "fillingDate": "2011-09-08",
        "acceptedDate": "2011-09-08 17:00:55",
        "calendarYear": "2012",
        "period": "Q2",
        "revenue": 470591000,
        "costOfRevenue": 233307000,
        "grossProfit": 237284000,
        "grossProfitRatio": 0.5042255377,
        "researchAndDevelopmentExpenses": 0,
        "generalAndAdministrativeExpenses": 0,
        "sellingAndMarketingExpenses": 0,
        "sellingGeneralAndAdministrativeExpenses": 235286000,
        "otherExpenses": 0,
        "operatingExpenses": 235286000,
        "costAndExpenses": 468593000,
        "interestIncome": 16000,
        "interestExpense": 1097000,
        "depreciationAndAmortization": 13002000,
        "ebitda": 14669000,
        "ebitdaratio": 0.0311714419,
        "operatingIncome": 1651000,
        "operatingIncomeRatio": 0.0035083544,
        "totalOtherIncomeExpensesNet": -1081000,
        "incomeBeforeTax": 570000,
        "incomeBeforeTaxRatio": 0.0012112429,
        "incomeTaxExpense": 220000,
        "netIncome": -392000,
        "netIncomeRatio": -0.0008329951,
        "eps": -0.017,
        "epsdiluted": -0.0166,
        "weightedAverageShsOut": 23126000,
        "weightedAverageShsOutDil": 23635000,
        "link": "https://www.sec.gov/Archives/edgar/data/18498/000095012311083483/0000950123-11-083483-index.htm",
        "finalLink": "https://www.sec.gov/Archives/edgar/data/18498/000095012311083483/g25506e10vq.htm"
    },
    {
        "date": "2011-04-30",
        "symbol": "GCO",
        "reportedCurrency": "USD",
        "cik": "0000018498",
        "fillingDate": "2011-06-09",
        "acceptedDate": "2011-06-09 09:00:46",
        "calendarYear": "2012",
        "period": "Q1",
        "revenue": 481502000,
        "costOfRevenue": 233960000,
        "grossProfit": 247542000,
        "grossProfitRatio": 0.5141037836,
        "researchAndDevelopmentExpenses": 0,
        "generalAndAdministrativeExpenses": 0,
        "sellingAndMarketingExpenses": 0,
        "sellingGeneralAndAdministrativeExpenses": 220773000,
        "otherExpenses": 0,
        "operatingExpenses": 220773000,
        "costAndExpenses": 454733000,
        "interestIncome": 2000,
        "interestExpense": 514000,
        "depreciationAndAmortization": 12202000,
        "ebitda": 37729000,
        "ebitdaratio": 0.0783568916,
        "operatingIncome": 25525000,
        "operatingIncomeRatio": 0.0530112024,
        "totalOtherIncomeExpensesNet": -514000,
        "incomeBeforeTax": 25011000,
        "incomeBeforeTaxRatio": 0.0519437095,
        "incomeTaxExpense": 10036000,
        "netIncome": 14793000,
        "netIncomeRatio": 0.0307226138,
        "eps": 0.64,
        "epsdiluted": 0.63,
        "weightedAverageShsOut": 22940000,
        "weightedAverageShsOutDil": 23564000,
        "link": "https://www.sec.gov/Archives/edgar/data/18498/000095012311057713/0000950123-11-057713-index.htm",
        "finalLink": "https://www.sec.gov/Archives/edgar/data/18498/000095012311057713/g27460e10vq.htm"
    },
    {
        "date": "2011-01-31",
        "symbol": "GCO",
        "reportedCurrency": "USD",
        "cik": "0000018498",
        "fillingDate": "2011-03-30",
        "acceptedDate": "2011-03-30 15:51:31",
        "calendarYear": "2011",
        "period": "Q4",
        "revenue": 560494000,
        "costOfRevenue": 287503000,
        "grossProfit": 272991000,
        "grossProfitRatio": 0.4870542771,
        "researchAndDevelopmentExpenses": 0,
        "generalAndAdministrativeExpenses": 0,
        "sellingAndMarketingExpenses": 0,
        "sellingGeneralAndAdministrativeExpenses": 222713000,
        "otherExpenses": 0,
        "operatingExpenses": 222713000,
        "costAndExpenses": 510216000,
        "interestIncome": 3000,
        "interestExpense": 357000,
        "depreciationAndAmortization": 13660000,
        "ebitda": 61938000,
        "ebitdaratio": 0.1105060893,
        "operatingIncome": 48275000,
        "operatingIncomeRatio": 0.0861293787,
        "totalOtherIncomeExpensesNet": -354000,
        "incomeBeforeTax": 47921000,
        "incomeBeforeTaxRatio": 0.085497793,
        "incomeTaxExpense": 16508000,
        "netIncome": 30861000,
        "netIncomeRatio": 0.0550603575,
        "eps": 1.31,
        "epsdiluted": 1.31,
        "weightedAverageShsOut": 22609000,
        "weightedAverageShsOutDil": 23500000,
        "link": "https://www.sec.gov/Archives/edgar/data/18498/000095012311030819/0000950123-11-030819-index.htm",
        "finalLink": "https://www.sec.gov/Archives/edgar/data/18498/000095012311030819/g26642e10vk.htm"
    },
    {
        "date": "2010-10-30",
        "symbol": "GCO",
        "reportedCurrency": "USD",
        "cik": "0000018498",
        "fillingDate": "2010-12-09",
        "acceptedDate": "2010-12-09 17:11:10",
        "calendarYear": "2011",
        "period": "Q3",
        "revenue": 464838000,
        "costOfRevenue": 228097000,
        "grossProfit": 236741000,
        "grossProfitRatio": 0.5092978629,
        "researchAndDevelopmentExpenses": 0,
        "generalAndAdministrativeExpenses": 0,
        "sellingAndMarketingExpenses": 0,
        "sellingGeneralAndAdministrativeExpenses": 207942000,
        "otherExpenses": 0,
        "operatingExpenses": 207942000,
        "costAndExpenses": 436039000,
        "interestIncome": 0,
        "interestExpense": 306000,
        "depreciationAndAmortization": 11265000,
        "ebitda": 26679000,
        "ebitdaratio": 0.0573941889,
        "operatingIncome": 26679000,
        "operatingIncomeRatio": 0.0573941889,
        "totalOtherIncomeExpensesNet": -306000,
        "incomeBeforeTax": 26373000,
        "incomeBeforeTaxRatio": 0.0567358951,
        "incomeTaxExpense": 9406000,
        "netIncome": 16917000,
        "netIncomeRatio": 0.0363933241,
        "eps": 0.73,
        "epsdiluted": 0.72,
        "weightedAverageShsOut": 23069000,
        "weightedAverageShsOutDil": 23562000,
        "link": "https://www.sec.gov/Archives/edgar/data/18498/000095012310112493/0000950123-10-112493-index.htm",
        "finalLink": "https://www.sec.gov/Archives/edgar/data/18498/000095012310112493/g25473e10vq.htm"
    },
    {
        "date": "2010-07-31",
        "symbol": "GCO",
        "reportedCurrency": "USD",
        "cik": "0000018498",
        "fillingDate": "2010-09-09",
        "acceptedDate": "2010-09-09 16:47:30",
        "calendarYear": "2011",
        "period": "Q2",
        "revenue": 363654000,
        "costOfRevenue": 179610000,
        "grossProfit": 184044000,
        "grossProfitRatio": 0.5060964543,
        "researchAndDevelopmentExpenses": 0,
        "generalAndAdministrativeExpenses": 0,
        "sellingAndMarketingExpenses": 0,
        "sellingGeneralAndAdministrativeExpenses": 185465000,
        "otherExpenses": 0,
        "operatingExpenses": 185465000,
        "costAndExpenses": 365075000,
        "interestIncome": 4000,
        "interestExpense": 227000,
        "depreciationAndAmortization": 11143000,
        "ebitda": 8207000,
        "ebitdaratio": 0.0225681554,
        "operatingIncome": -3422000,
        "operatingIncomeRatio": -0.0094100436,
        "totalOtherIncomeExpensesNet": -227000,
        "incomeBeforeTax": -3649000,
        "incomeBeforeTaxRatio": -0.0100342633,
        "incomeTaxExpense": -1253000,
        "netIncome": -3183000,
        "netIncomeRatio": -0.0087528255,
        "eps": -0.14,
        "epsdiluted": -0.14,
        "weightedAverageShsOut": 23480000,
        "weightedAverageShsOutDil": 23480000,
        "link": "https://www.sec.gov/Archives/edgar/data/18498/000095012310084939/0000950123-10-084939-index.htm",
        "finalLink": "https://www.sec.gov/Archives/edgar/data/18498/000095012310084939/g24583e10vq.htm"
    },
    {
        "date": "2010-05-01",
        "symbol": "GCO",
        "reportedCurrency": "USD",
        "cik": "0000018498",
        "fillingDate": "2010-06-09",
        "acceptedDate": "2010-06-09 17:15:16",
        "calendarYear": "2011",
        "period": "Q1",
        "revenue": 400853000,
        "costOfRevenue": 192782000,
        "grossProfit": 208071000,
        "grossProfitRatio": 0.519070582,
        "researchAndDevelopmentExpenses": 0,
        "generalAndAdministrativeExpenses": 0,
        "sellingAndMarketingExpenses": 0,
        "sellingGeneralAndAdministrativeExpenses": 191077000,
        "otherExpenses": 0,
        "operatingExpenses": 191077000,
        "costAndExpenses": 383859000,
        "interestIncome": 1000,
        "interestExpense": 235000,
        "depreciationAndAmortization": 11670000,
        "ebitda": 26445000,
        "ebitdaratio": 0.0659718151,
        "operatingIncome": 14551000,
        "operatingIncomeRatio": 0.0363000901,
        "totalOtherIncomeExpensesNet": -235000,
        "incomeBeforeTax": 14316000,
        "incomeBeforeTaxRatio": 0.0357138402,
        "incomeTaxExpense": 5753000,
        "netIncome": 8616000,
        "netIncomeRatio": 0.0214941637,
        "eps": 0.37,
        "epsdiluted": 0.36,
        "weightedAverageShsOut": 23462000,
        "weightedAverageShsOutDil": 23898000,
        "link": "https://www.sec.gov/Archives/edgar/data/18498/000095012310056983/0000950123-10-056983-index.htm",
        "finalLink": "https://www.sec.gov/Archives/edgar/data/18498/000095012310056983/g23700e10vq.htm"
    },
    {
        "date": "2010-01-31",
        "symbol": "GCO",
        "reportedCurrency": "USD",
        "cik": "0000018498",
        "fillingDate": "2010-03-31",
        "acceptedDate": "2010-03-31 17:01:29",
        "calendarYear": "2010",
        "period": "Q4",
        "revenue": 479026000,
        "costOfRevenue": 242489000,
        "grossProfit": 236537000,
        "grossProfitRatio": 0.4937873936,
        "researchAndDevelopmentExpenses": 0,
        "generalAndAdministrativeExpenses": 0,
        "sellingAndMarketingExpenses": 0,
        "sellingGeneralAndAdministrativeExpenses": 193778000,
        "otherExpenses": 0,
        "operatingExpenses": 193778000,
        "costAndExpenses": 436267000,
        "interestIncome": 1000,
        "interestExpense": -2378000,
        "depreciationAndAmortization": 11718000,
        "ebitda": 51582000,
        "ebitdaratio": 0.1076810027,
        "operatingIncome": 40262000,
        "operatingIncomeRatio": 0.0840497176,
        "totalOtherIncomeExpensesNet": 1980000,
        "incomeBeforeTax": 42242000,
        "incomeBeforeTaxRatio": 0.0881831049,
        "incomeTaxExpense": 16413000,
        "netIncome": 25854000,
        "netIncomeRatio": 0.0539720182,
        "eps": 1.08,
        "epsdiluted": 1.08,
        "weightedAverageShsOut": 23280000,
        "weightedAverageShsOutDil": 24000000,
        "link": "https://www.sec.gov/Archives/edgar/data/18498/000095012310030948/0000950123-10-030948-index.htm",
        "finalLink": "https://www.sec.gov/Archives/edgar/data/18498/000095012310030948/g22711e10vk.htm"
    },
    {
        "date": "2009-10-31",
        "symbol": "GCO",
        "reportedCurrency": "USD",
        "cik": "0000018498",
        "fillingDate": "2009-12-10",
        "acceptedDate": "2009-12-10 16:11:22",
        "calendarYear": "2010",
        "period": "Q3",
        "revenue": 390302000,
        "costOfRevenue": 190136000,
        "grossProfit": 200166000,
        "grossProfitRatio": 0.5128490246,
        "researchAndDevelopmentExpenses": 0,
        "generalAndAdministrativeExpenses": 0,
        "sellingAndMarketingExpenses": 0,
        "sellingGeneralAndAdministrativeExpenses": 178342000,
        "otherExpenses": 0,
        "operatingExpenses": 178342000,
        "costAndExpenses": 368478000,
        "interestIncome": 1000,
        "interestExpense": 1850000,
        "depreciationAndAmortization": 11464000,
        "ebitda": 29789000,
        "ebitdaratio": 0.0763229499,
        "operatingIncome": 19253000,
        "operatingIncomeRatio": 0.0493284687,
        "totalOtherIncomeExpensesNet": -921000,
        "incomeBeforeTax": 17403000,
        "incomeBeforeTaxRatio": 0.0445885494,
        "incomeTaxExpense": 5880000,
        "netIncome": 11443000,
        "netIncomeRatio": 0.0293183227,
        "eps": 0.52,
        "epsdiluted": 0.5,
        "weightedAverageShsOut": 21952000,
        "weightedAverageShsOutDil": 23741000,
        "link": "https://www.sec.gov/Archives/edgar/data/18498/000095012309069864/0000950123-09-069864-index.htm",
        "finalLink": "https://www.sec.gov/Archives/edgar/data/18498/000095012309069864/g21511e10vq.htm"
    },
    {
        "date": "2009-08-01",
        "symbol": "GCO",
        "reportedCurrency": "USD",
        "cik": "0000018498",
        "fillingDate": "2009-09-10",
        "acceptedDate": "2009-09-10 13:29:30",
        "calendarYear": "2010",
        "period": "Q2",
        "revenue": 334658000,
        "costOfRevenue": 164713000,
        "grossProfit": 169945000,
        "grossProfitRatio": 0.5078169355,
        "researchAndDevelopmentExpenses": 0,
        "generalAndAdministrativeExpenses": 0,
        "sellingAndMarketingExpenses": 0,
        "sellingGeneralAndAdministrativeExpenses": 168598000,
        "otherExpenses": 0,
        "operatingExpenses": 168598000,
        "costAndExpenses": 333311000,
        "interestIncome": 4000,
        "interestExpense": 1862000,
        "depreciationAndAmortization": 11723000,
        "ebitda": 8843000,
        "ebitdaratio": 0.0264239911,
        "operatingIncome": -1973000,
        "operatingIncomeRatio": -0.005895571,
        "totalOtherIncomeExpensesNet": -1862000,
        "incomeBeforeTax": -3835000,
        "incomeBeforeTaxRatio": -0.0114594601,
        "incomeTaxExpense": -1172000,
        "netIncome": -2722000,
        "netIncomeRatio": -0.0081336768,
        "eps": -0.12,
        "epsdiluted": -0.12,
        "weightedAverageShsOut": 21798000,
        "weightedAverageShsOutDil": 21798000,
        "link": "https://www.sec.gov/Archives/edgar/data/18498/000095012309042323/0000950123-09-042323-index.htm",
        "finalLink": "https://www.sec.gov/Archives/edgar/data/18498/000095012309042323/g20467e10vq.htm"
    },
    {
        "date": "2009-05-02",
        "symbol": "GCO",
        "reportedCurrency": "USD",
        "cik": "0000018498",
        "fillingDate": "2009-06-11",
        "acceptedDate": "2009-06-11 16:33:46",
        "calendarYear": "2010",
        "period": "Q1",
        "revenue": 370366000,
        "costOfRevenue": 181144000,
        "grossProfit": 189222000,
        "grossProfitRatio": 0.5109054287,
        "researchAndDevelopmentExpenses": 0,
        "generalAndAdministrativeExpenses": 0,
        "sellingAndMarketingExpenses": 0,
        "sellingGeneralAndAdministrativeExpenses": 181369000,
        "otherExpenses": 0,
        "operatingExpenses": 181369000,
        "costAndExpenses": 362513000,
        "interestIncome": 8000,
        "interestExpense": 3091000,
        "depreciationAndAmortization": 12128000,
        "ebitda": 8975000,
        "ebitdaratio": 0.0242327859,
        "operatingIncome": 2880000,
        "operatingIncomeRatio": 0.0077760918,
        "totalOtherIncomeExpensesNet": -7280000,
        "incomeBeforeTax": -5322000,
        "incomeBeforeTaxRatio": -0.0143695696,
        "incomeTaxExpense": 281000,
        "netIncome": -5762000,
        "netIncomeRatio": -0.0155575836,
        "eps": -0.31,
        "epsdiluted": -0.31,
        "weightedAverageShsOut": 18852000,
        "weightedAverageShsOutDil": 18852000,
        "link": "https://www.sec.gov/Archives/edgar/data/18498/000095012309013314/0000950123-09-013314-index.htm",
        "finalLink": "https://www.sec.gov/Archives/edgar/data/18498/000095012309013314/g19418e10vq.htm"
    },
    {
        "date": "2009-01-31",
        "symbol": "GCO",
        "reportedCurrency": "USD",
        "cik": "0000018498",
        "fillingDate": "2009-04-01",
        "acceptedDate": "2009-04-01 16:26:59",
        "calendarYear": "2009",
        "period": "Q4",
        "revenue": 451722000,
        "costOfRevenue": 232373000,
        "grossProfit": 219349000,
        "grossProfitRatio": 0.4855840539,
        "researchAndDevelopmentExpenses": 0,
        "generalAndAdministrativeExpenses": 0,
        "sellingAndMarketingExpenses": 0,
        "sellingGeneralAndAdministrativeExpenses": 180534000,
        "otherExpenses": 204075000,
        "operatingExpenses": 384609000,
        "costAndExpenses": 616982000,
        "interestIncome": 0,
        "interestExpense": 9732000,
        "depreciationAndAmortization": 11780000,
        "ebitda": 43417000,
        "ebitdaratio": 0.0961144244,
        "operatingIncome": 39097000,
        "operatingIncomeRatio": 0.0865510203,
        "totalOtherIncomeExpensesNet": -2613000,
        "incomeBeforeTax": 36484000,
        "incomeBeforeTaxRatio": 0.0807664891,
        "incomeTaxExpense": 12811000,
        "netIncome": 23689000,
        "netIncomeRatio": 0.0524415459,
        "eps": 1.01,
        "epsdiluted": 1.01,
        "weightedAverageShsOut": 23400000,
        "weightedAverageShsOutDil": 23400000,
        "link": "https://www.sec.gov/Archives/edgar/data/18498/000095014409002839/0000950144-09-002839-index.htm",
        "finalLink": "https://www.sec.gov/Archives/edgar/data/18498/000095014409002839/g18346e10vk.htm"
    },
    {
        "date": "2008-11-01",
        "symbol": "GCO",
        "reportedCurrency": "USD",
        "cik": "0000018498",
        "fillingDate": "2008-12-09",
        "acceptedDate": "2008-12-09 16:48:11",
        "calendarYear": "2009",
        "period": "Q3",
        "revenue": 389767000,
        "costOfRevenue": 191853000,
        "grossProfit": 197914000,
        "grossProfitRatio": 0.507775158,
        "researchAndDevelopmentExpenses": 0,
        "generalAndAdministrativeExpenses": 0,
        "sellingAndMarketingExpenses": 0,
        "sellingGeneralAndAdministrativeExpenses": 179365000,
        "otherExpenses": 0,
        "operatingExpenses": 179365000,
        "costAndExpenses": 371218000,
        "interestIncome": 0,
        "interestExpense": 0,
        "depreciationAndAmortization": 11698000,
        "ebitda": 30247000,
        "ebitdaratio": 0.0776027729,
        "operatingIncome": 16265000,
        "operatingIncomeRatio": 0.0417300592,
        "totalOtherIncomeExpensesNet": -2480000,
        "incomeBeforeTax": 13785000,
        "incomeBeforeTaxRatio": 0.0353672835,
        "incomeTaxExpense": 4322000,
        "netIncome": 9438000,
        "netIncomeRatio": 0.0242144666,
        "eps": 0.5,
        "epsdiluted": 0.43,
        "weightedAverageShsOut": 18638000,
        "weightedAverageShsOutDil": 23375000,
        "link": "https://www.sec.gov/Archives/edgar/data/18498/000095014408009201/0000950144-08-009201-index.htm",
        "finalLink": "https://www.sec.gov/Archives/edgar/data/18498/000095014408009201/g16954qe10vq.htm"
    },
    {
        "date": "2008-08-02",
        "symbol": "GCO",
        "reportedCurrency": "USD",
        "cik": "0000018498",
        "fillingDate": "2008-09-11",
        "acceptedDate": "2008-09-11 16:24:53",
        "calendarYear": "2009",
        "period": "Q2",
        "revenue": 353138000,
        "costOfRevenue": 171814000,
        "grossProfit": 181324000,
        "grossProfitRatio": 0.513464991,
        "researchAndDevelopmentExpenses": 0,
        "generalAndAdministrativeExpenses": 0,
        "sellingAndMarketingExpenses": 0,
        "sellingGeneralAndAdministrativeExpenses": 173420000,
        "otherExpenses": 0,
        "operatingExpenses": 173420000,
        "costAndExpenses": 345234000,
        "interestIncome": 0,
        "interestExpense": 0,
        "depreciationAndAmortization": 11619000,
        "ebitda": 19523000,
        "ebitdaratio": 0.0552843364,
        "operatingIncome": 4643000,
        "operatingIncomeRatio": 0.0131478346,
        "totalOtherIncomeExpensesNet": -2114000,
        "incomeBeforeTax": 2529000,
        "incomeBeforeTaxRatio": 0.0071615063,
        "incomeTaxExpense": 7458000,
        "netIncome": -10290000,
        "netIncomeRatio": -0.0291387503,
        "eps": -0.56,
        "epsdiluted": -0.56,
        "weightedAverageShsOut": 18513000,
        "weightedAverageShsOutDil": 18513000,
        "link": "https://www.sec.gov/Archives/edgar/data/18498/000095014408007013/0000950144-08-007013-index.htm",
        "finalLink": "https://www.sec.gov/Archives/edgar/data/18498/000095014408007013/g15046e10vq.htm"
    },
    {
        "date": "2008-05-03",
        "symbol": "GCO",
        "reportedCurrency": "USD",
        "cik": "0000018498",
        "fillingDate": "2008-06-10",
        "acceptedDate": "2008-06-10 16:41:55",
        "calendarYear": "2009",
        "period": "Q1",
        "revenue": 356935000,
        "costOfRevenue": 175540000,
        "grossProfit": 181395000,
        "grossProfitRatio": 0.5082017734,
        "researchAndDevelopmentExpenses": 0,
        "generalAndAdministrativeExpenses": 0,
        "sellingAndMarketingExpenses": 0,
        "sellingGeneralAndAdministrativeExpenses": 180046000,
        "otherExpenses": 0,
        "operatingExpenses": 180046000,
        "costAndExpenses": 355586000,
        "interestIncome": 0,
        "interestExpense": 0,
        "depreciationAndAmortization": 11660000,
        "ebitda": 13009000,
        "ebitdaratio": 0.0364464118,
        "operatingIncome": 203187000,
        "operatingIncomeRatio": 0.5692549064,
        "totalOtherIncomeExpensesNet": -2203000,
        "incomeBeforeTax": 200984000,
        "incomeBeforeTaxRatio": 0.5630829143,
        "incomeTaxExpense": 71092000,
        "netIncome": 129799000,
        "netIncomeRatio": 0.3636488436,
        "eps": 6.16,
        "epsdiluted": 5.14,
        "weightedAverageShsOut": 21071266,
        "weightedAverageShsOutDil": 21071266,
        "link": "https://www.sec.gov/Archives/edgar/data/18498/000095014408004712/0000950144-08-004712-index.htm",
        "finalLink": "https://www.sec.gov/Archives/edgar/data/18498/000095014408004712/g13807e10vq.htm"
    },
    {
        "date": "2008-01-31",
        "symbol": "GCO",
        "reportedCurrency": "USD",
        "cik": "0000018498",
        "fillingDate": "2008-04-02",
        "acceptedDate": "2008-04-02 17:20:23",
        "calendarYear": "2008",
        "period": "Q4",
        "revenue": 466995000,
        "costOfRevenue": 239294000,
        "grossProfit": 227701000,
        "grossProfitRatio": 0.4875876615,
        "researchAndDevelopmentExpenses": 0,
        "generalAndAdministrativeExpenses": 0,
        "sellingAndMarketingExpenses": 0,
        "sellingGeneralAndAdministrativeExpenses": 197026000,
        "otherExpenses": 0,
        "operatingExpenses": 197026000,
        "costAndExpenses": 436320000,
        "interestIncome": 0,
        "interestExpense": 12570000,
        "depreciationAndAmortization": 11935000,
        "ebitda": 42610000,
        "ebitdaratio": 0.0912429469,
        "operatingIncome": 27782000,
        "operatingIncomeRatio": 0.059491001,
        "totalOtherIncomeExpensesNet": -3520000,
        "incomeBeforeTax": 24262000,
        "incomeBeforeTaxRatio": 0.051953447,
        "incomeTaxExpense": 20647000,
        "netIncome": 3247000,
        "netIncomeRatio": 0.0069529652,
        "eps": 0.12,
        "epsdiluted": 0.12,
        "weightedAverageShsOut": 26800000,
        "weightedAverageShsOutDil": 26800000,
        "link": "https://www.sec.gov/Archives/edgar/data/18498/000095014408002576/0000950144-08-002576-index.htm",
        "finalLink": "https://www.sec.gov/Archives/edgar/data/18498/000095014408002576/g12595e10vk.htm"
    },
    {
        "date": "2007-11-03",
        "symbol": "GCO",
        "reportedCurrency": "USD",
        "cik": "0000018498",
        "fillingDate": "2007-12-13",
        "acceptedDate": "2007-12-13 17:01:33",
        "calendarYear": "2008",
        "period": "Q3",
        "revenue": 372496000,
        "costOfRevenue": 184445000,
        "grossProfit": 188051000,
        "grossProfitRatio": 0.5048403204,
        "researchAndDevelopmentExpenses": 0,
        "generalAndAdministrativeExpenses": 0,
        "sellingAndMarketingExpenses": 0,
        "sellingGeneralAndAdministrativeExpenses": 174194000,
        "otherExpenses": 0,
        "operatingExpenses": 174194000,
        "costAndExpenses": 358639000,
        "interestIncome": 0,
        "interestExpense": 0,
        "depreciationAndAmortization": 11378000,
        "ebitda": 25235000,
        "ebitdaratio": 0.0677456939,
        "operatingIncome": 13801000,
        "operatingIncomeRatio": 0.0370500623,
        "totalOtherIncomeExpensesNet": -3504000,
        "incomeBeforeTax": 10297000,
        "incomeBeforeTaxRatio": 0.0276432499,
        "incomeTaxExpense": 4687000,
        "netIncome": 5600000,
        "netIncomeRatio": 0.0150337185,
        "eps": 0.25,
        "epsdiluted": 0.23,
        "weightedAverageShsOut": 22454000,
        "weightedAverageShsOutDil": 26918000,
        "link": "https://www.sec.gov/Archives/edgar/data/18498/000095014407011071/0000950144-07-011071-index.htm",
        "finalLink": "https://www.sec.gov/Archives/edgar/data/18498/000095014407011071/g11036e10vq.htm"
    },
    {
        "date": "2007-08-04",
        "symbol": "GCO",
        "reportedCurrency": "USD",
        "cik": "0000018498",
        "fillingDate": "2007-09-13",
        "acceptedDate": "2007-09-13 16:31:37",
        "calendarYear": "2008",
        "period": "Q2",
        "revenue": 327977000,
        "costOfRevenue": 164358000,
        "grossProfit": 163619000,
        "grossProfitRatio": 0.4988733966,
        "researchAndDevelopmentExpenses": 0,
        "generalAndAdministrativeExpenses": 0,
        "sellingAndMarketingExpenses": 0,
        "sellingGeneralAndAdministrativeExpenses": 166059000,
        "otherExpenses": 0,
        "operatingExpenses": 166059000,
        "costAndExpenses": 330417000,
        "interestIncome": 0,
        "interestExpense": 0,
        "depreciationAndAmortization": 10935000,
        "ebitda": 8495000,
        "ebitdaratio": 0.0259012065,
        "operatingIncome": -2598000,
        "operatingIncomeRatio": -0.0079212872,
        "totalOtherIncomeExpensesNet": -3000000,
        "incomeBeforeTax": -5598000,
        "incomeBeforeTaxRatio": -0.01706827,
        "incomeTaxExpense": -2658000,
        "netIncome": -4165000,
        "netIncomeRatio": -0.0126990612,
        "eps": -0.19,
        "epsdiluted": -0.19,
        "weightedAverageShsOut": 22205263,
        "weightedAverageShsOutDil": 22205263,
        "link": "https://www.sec.gov/Archives/edgar/data/18498/000095014407008574/0000950144-07-008574-index.htm",
        "finalLink": "https://www.sec.gov/Archives/edgar/data/18498/000095014407008574/g09443e10vq.htm"
    },
    {
        "date": "2007-05-05",
        "symbol": "GCO",
        "reportedCurrency": "USD",
        "cik": "0000018498",
        "fillingDate": "2007-06-14",
        "acceptedDate": "2007-06-14 17:02:30",
        "calendarYear": "2008",
        "period": "Q1",
        "revenue": 334651000,
        "costOfRevenue": 162807000,
        "grossProfit": 171844000,
        "grossProfitRatio": 0.5135021261,
        "researchAndDevelopmentExpenses": 0,
        "generalAndAdministrativeExpenses": 0,
        "sellingAndMarketingExpenses": 0,
        "sellingGeneralAndAdministrativeExpenses": 159073000,
        "otherExpenses": 0,
        "operatingExpenses": 159073000,
        "costAndExpenses": 321880000,
        "interestIncome": 0,
        "interestExpense": 0,
        "depreciationAndAmortization": 10866000,
        "ebitda": 23637000,
        "ebitdaratio": 0.0706317925,
        "operatingIncome": 6176000,
        "operatingIncomeRatio": 0.0184550472,
        "totalOtherIncomeExpensesNet": 4173000,
        "incomeBeforeTax": 3774000,
        "incomeBeforeTaxRatio": 0.0112774204,
        "incomeTaxExpense": 1571000,
        "netIncome": 2203000,
        "netIncomeRatio": 0.0065829775,
        "eps": 0.1,
        "epsdiluted": 0.1,
        "weightedAverageShsOut": 22030000,
        "weightedAverageShsOutDil": 22030000,
        "link": "https://www.sec.gov/Archives/edgar/data/18498/000095014407005687/0000950144-07-005687-index.htm",
        "finalLink": "https://www.sec.gov/Archives/edgar/data/18498/000095014407005687/g07870e10vq.htm"
    },
    {
        "date": "2007-01-31",
        "symbol": "GCO",
        "reportedCurrency": "USD",
        "cik": "0000018498",
        "fillingDate": "2007-04-04",
        "acceptedDate": "2007-04-04 17:19:11",
        "calendarYear": "2007",
        "period": "Q4",
        "revenue": 476861000,
        "costOfRevenue": 242239000,
        "grossProfit": 234622000,
        "grossProfitRatio": 0.4920133959,
        "researchAndDevelopmentExpenses": 0,
        "generalAndAdministrativeExpenses": 0,
        "sellingAndMarketingExpenses": 0,
        "sellingGeneralAndAdministrativeExpenses": 175208000,
        "otherExpenses": 0,
        "operatingExpenses": 175208000,
        "costAndExpenses": 417447000,
        "interestIncome": 0,
        "interestExpense": 10488000,
        "depreciationAndAmortization": 11017000,
        "ebitda": 70431000,
        "ebitdaratio": 0.1476971277,
        "operatingIncome": 59981000,
        "operatingIncomeRatio": 0.125782985,
        "totalOtherIncomeExpensesNet": -2905000,
        "incomeBeforeTax": 57076000,
        "incomeBeforeTaxRatio": 0.119691063,
        "incomeTaxExpense": 21414000,
        "netIncome": 35348000,
        "netIncomeRatio": 0.0741264226,
        "eps": 1.32,
        "epsdiluted": 1.32,
        "weightedAverageShsOut": 26700000,
        "weightedAverageShsOutDil": 26700000,
        "link": "https://www.sec.gov/Archives/edgar/data/18498/000095014407003135/0000950144-07-003135-index.htm",
        "finalLink": "https://www.sec.gov/Archives/edgar/data/18498/000095014407003135/g06464e10vk.htm"
    },
    {
        "date": "2006-10-28",
        "symbol": "GCO",
        "reportedCurrency": "USD",
        "cik": "0000018498",
        "fillingDate": "2006-12-07",
        "acceptedDate": "2006-12-07 16:26:41",
        "calendarYear": "2007",
        "period": "Q3",
        "revenue": 364298000,
        "costOfRevenue": 182844000,
        "grossProfit": 181454000,
        "grossProfitRatio": 0.4980922212,
        "researchAndDevelopmentExpenses": 0,
        "generalAndAdministrativeExpenses": 0,
        "sellingAndMarketingExpenses": 0,
        "sellingGeneralAndAdministrativeExpenses": 150992000,
        "otherExpenses": 0,
        "operatingExpenses": 150992000,
        "costAndExpenses": 333836000,
        "interestIncome": 0,
        "interestExpense": 0,
        "depreciationAndAmortization": 10112000,
        "ebitda": 40574000,
        "ebitdaratio": 0.1113758516,
        "operatingIncome": 29379000,
        "operatingIncomeRatio": 0.0806455155,
        "totalOtherIncomeExpensesNet": -2948000,
        "incomeBeforeTax": 26431000,
        "incomeBeforeTaxRatio": 0.0725532394,
        "incomeTaxExpense": 10456000,
        "netIncome": 15877000,
        "netIncomeRatio": 0.0435824517,
        "eps": 0.71,
        "epsdiluted": 0.62,
        "weightedAverageShsOut": 22284000,
        "weightedAverageShsOutDil": 26624000,
        "link": "https://www.sec.gov/Archives/edgar/data/18498/000095014406011391/0000950144-06-011391-index.htm",
        "finalLink": "https://www.sec.gov/Archives/edgar/data/18498/000095014406011391/g04615e10vq.htm"
    },
    {
        "date": "2006-07-29",
        "symbol": "GCO",
        "reportedCurrency": "USD",
        "cik": "0000018498",
        "fillingDate": "2006-09-07",
        "acceptedDate": "2006-09-07 17:02:33",
        "calendarYear": "2007",
        "period": "Q2",
        "revenue": 304301000,
        "costOfRevenue": 150911000,
        "grossProfit": 153390000,
        "grossProfitRatio": 0.5040732696,
        "researchAndDevelopmentExpenses": 0,
        "generalAndAdministrativeExpenses": 0,
        "sellingAndMarketingExpenses": 0,
        "sellingGeneralAndAdministrativeExpenses": 140619000,
        "otherExpenses": 0,
        "operatingExpenses": 140619000,
        "costAndExpenses": 291530000,
        "interestIncome": 0,
        "interestExpense": 0,
        "depreciationAndAmortization": 9827000,
        "ebitda": 22598000,
        "ebitdaratio": 0.0742619972,
        "operatingIncome": 12291000,
        "operatingIncomeRatio": 0.0403909287,
        "totalOtherIncomeExpensesNet": -2160000,
        "incomeBeforeTax": 10131000,
        "incomeBeforeTaxRatio": 0.0332926937,
        "incomeTaxExpense": 4187000,
        "netIncome": 5944000,
        "netIncomeRatio": 0.0195332911,
        "eps": 0.26,
        "epsdiluted": 0.24,
        "weightedAverageShsOut": 22615385,
        "weightedAverageShsOutDil": 24500000,
        "link": "https://www.sec.gov/Archives/edgar/data/18498/000095014406008587/0000950144-06-008587-index.htm",
        "finalLink": "https://www.sec.gov/Archives/edgar/data/18498/000095014406008587/g03281e10vq.htm"
    },
    {
        "date": "2006-04-29",
        "symbol": "GCO",
        "reportedCurrency": "USD",
        "cik": "0000018498",
        "fillingDate": "2006-06-08",
        "acceptedDate": "2006-06-08 16:32:00",
        "calendarYear": "2007",
        "period": "Q1",
        "revenue": 315018000,
        "costOfRevenue": 153649000,
        "grossProfit": 161369000,
        "grossProfitRatio": 0.5122532681,
        "researchAndDevelopmentExpenses": 0,
        "generalAndAdministrativeExpenses": 0,
        "sellingAndMarketingExpenses": 0,
        "sellingGeneralAndAdministrativeExpenses": 141866000,
        "otherExpenses": 0,
        "operatingExpenses": 141866000,
        "costAndExpenses": 295515000,
        "interestIncome": 0,
        "interestExpense": 0,
        "depreciationAndAmortization": 9350000,
        "ebitda": 28853000,
        "ebitdaratio": 0.0915915916,
        "operatingIncome": 19394000,
        "operatingIncomeRatio": 0.061564736,
        "totalOtherIncomeExpensesNet": -1914000,
        "incomeBeforeTax": 17480000,
        "incomeBeforeTaxRatio": 0.0554888927,
        "incomeTaxExpense": 6814000,
        "netIncome": 10477000,
        "netIncomeRatio": 0.033258417,
        "eps": 0.45,
        "epsdiluted": 0.4,
        "weightedAverageShsOut": 23282222,
        "weightedAverageShsOutDil": 26192500,
        "link": "https://www.sec.gov/Archives/edgar/data/18498/000095014406005780/0000950144-06-005780-index.htm",
        "finalLink": "https://www.sec.gov/Archives/edgar/data/18498/000095014406005780/g01968e10vq.htm"
    },
    {
        "date": "2006-01-31",
        "symbol": "GCO",
        "reportedCurrency": "USD",
        "cik": "0000018498",
        "fillingDate": "2006-04-13",
        "acceptedDate": "2006-04-13 16:53:12",
        "calendarYear": "2006",
        "period": "Q4",
        "revenue": 406287000,
        "costOfRevenue": 200902000,
        "grossProfit": 205385000,
        "grossProfitRatio": 0.505517036,
        "researchAndDevelopmentExpenses": 0,
        "generalAndAdministrativeExpenses": 0,
        "sellingAndMarketingExpenses": 0,
        "sellingGeneralAndAdministrativeExpenses": 151898000,
        "otherExpenses": 0,
        "operatingExpenses": 151898000,
        "costAndExpenses": 352800000,
        "interestIncome": 0,
        "interestExpense": 0,
        "depreciationAndAmortization": 8992000,
        "ebitda": 62479000,
        "ebitdaratio": 0.1537804557,
        "operatingIncome": 53489000,
        "operatingIncomeRatio": 0.1316532402,
        "totalOtherIncomeExpensesNet": -2416000,
        "incomeBeforeTax": 51073000,
        "incomeBeforeTaxRatio": 0.1257067049,
        "incomeTaxExpense": 19877000,
        "netIncome": 31286000,
        "netIncomeRatio": 0.077004679,
        "eps": 1.13,
        "epsdiluted": 1.13,
        "weightedAverageShsOut": 27700000,
        "weightedAverageShsOutDil": 27700000,
        "link": "https://www.sec.gov/Archives/edgar/data/18498/000095014406003491/0000950144-06-003491-index.htm",
        "finalLink": "https://www.sec.gov/Archives/edgar/data/18498/000095014406003491/g00831e10vk.htm"
    },
    {
        "date": "2005-10-29",
        "symbol": "GCO",
        "reportedCurrency": "USD",
        "cik": "0000018498",
        "fillingDate": "2005-12-08",
        "acceptedDate": "2005-12-08 17:11:06",
        "calendarYear": "2006",
        "period": "Q3",
        "revenue": 316336000,
        "costOfRevenue": 154825000,
        "grossProfit": 161511000,
        "grossProfitRatio": 0.5105678772,
        "researchAndDevelopmentExpenses": 0,
        "generalAndAdministrativeExpenses": 0,
        "sellingAndMarketingExpenses": 0,
        "sellingGeneralAndAdministrativeExpenses": 133225000,
        "otherExpenses": 0,
        "operatingExpenses": 133225000,
        "costAndExpenses": 288050000,
        "interestIncome": 0,
        "interestExpense": 0,
        "depreciationAndAmortization": 8743000,
        "ebitda": 37029000,
        "ebitdaratio": 0.1170559152,
        "operatingIncome": 29075000,
        "operatingIncomeRatio": 0.0919117647,
        "totalOtherIncomeExpensesNet": -2669000,
        "incomeBeforeTax": 26406000,
        "incomeBeforeTaxRatio": 0.0834745334,
        "incomeTaxExpense": 10168000,
        "netIncome": 16143000,
        "netIncomeRatio": 0.051031182,
        "eps": 0.71,
        "epsdiluted": 0.61,
        "weightedAverageShsOut": 22797000,
        "weightedAverageShsOutDil": 27346000,
        "link": "https://www.sec.gov/Archives/edgar/data/18498/000095014405012586/0000950144-05-012586-index.htm",
        "finalLink": "https://www.sec.gov/Archives/edgar/data/18498/000095014405012586/g98695e10vq.htm"
    },
    {
        "date": "2005-07-30",
        "symbol": "GCO",
        "reportedCurrency": "USD",
        "cik": "0000018498",
        "fillingDate": "2005-09-08",
        "acceptedDate": "2005-09-08 17:02:47",
        "calendarYear": "2006",
        "period": "Q2",
        "revenue": 275168000,
        "costOfRevenue": 136210000,
        "grossProfit": 138958000,
        "grossProfitRatio": 0.5049933132,
        "researchAndDevelopmentExpenses": 0,
        "generalAndAdministrativeExpenses": 0,
        "sellingAndMarketingExpenses": 0,
        "sellingGeneralAndAdministrativeExpenses": 124948000,
        "otherExpenses": 0,
        "operatingExpenses": 124948000,
        "costAndExpenses": 261158000,
        "interestIncome": 0,
        "interestExpense": 0,
        "depreciationAndAmortization": 8439000,
        "ebitda": 22449000,
        "ebitdaratio": 0.0815828875,
        "operatingIncome": 13833000,
        "operatingIncomeRatio": 0.0502711071,
        "totalOtherIncomeExpensesNet": -2568000,
        "incomeBeforeTax": 11265000,
        "incomeBeforeTaxRatio": 0.0409386266,
        "incomeTaxExpense": 4499000,
        "netIncome": 6766000,
        "netIncomeRatio": 0.024588615,
        "eps": 0.29,
        "epsdiluted": 0.27,
        "weightedAverageShsOut": 23093103,
        "weightedAverageShsOutDil": 24803704,
        "link": "https://www.sec.gov/Archives/edgar/data/18498/000095014405009424/0000950144-05-009424-index.htm",
        "finalLink": "https://www.sec.gov/Archives/edgar/data/18498/000095014405009424/g97252e10vq.htm"
    },
    {
        "date": "2005-04-30",
        "symbol": "GCO",
        "reportedCurrency": "USD",
        "cik": "0000018498",
        "fillingDate": "2005-06-09",
        "acceptedDate": "2005-06-09 17:05:47",
        "calendarYear": "2006",
        "period": "Q1",
        "revenue": 286085000,
        "costOfRevenue": 139532000,
        "grossProfit": 146553000,
        "grossProfitRatio": 0.5122708286,
        "researchAndDevelopmentExpenses": 0,
        "generalAndAdministrativeExpenses": 0,
        "sellingAndMarketingExpenses": 0,
        "sellingGeneralAndAdministrativeExpenses": 127256000,
        "otherExpenses": 0,
        "operatingExpenses": 127256000,
        "costAndExpenses": 266788000,
        "interestIncome": 0,
        "interestExpense": 0,
        "depreciationAndAmortization": 8448000,
        "ebitda": 27745000,
        "ebitdaratio": 0.0969816663,
        "operatingIncome": 16430000,
        "operatingIncomeRatio": 0.0574304839,
        "totalOtherIncomeExpensesNet": -2704000,
        "incomeBeforeTax": 13726000,
        "incomeBeforeTaxRatio": 0.0479787476,
        "incomeTaxExpense": 5300000,
        "netIncome": 8491000,
        "netIncomeRatio": 0.0296799902,
        "eps": 0.37,
        "epsdiluted": 0.34,
        "weightedAverageShsOut": 22948649,
        "weightedAverageShsOutDil": 24973529,
        "link": "https://www.sec.gov/Archives/edgar/data/18498/000095014405006341/0000950144-05-006341-index.htm",
        "finalLink": "https://www.sec.gov/Archives/edgar/data/18498/000095014405006341/g95771e10vq.htm"
    },
    {
        "date": "2005-01-31",
        "symbol": "GCO",
        "reportedCurrency": "USD",
        "cik": "0000018498",
        "fillingDate": "2005-04-14",
        "acceptedDate": "2005-04-14 16:35:34",
        "calendarYear": "2005",
        "period": "Q4",
        "revenue": 352818000,
        "costOfRevenue": 177669000,
        "grossProfit": 175149000,
        "grossProfitRatio": 0.4964287536,
        "researchAndDevelopmentExpenses": 0,
        "generalAndAdministrativeExpenses": 0,
        "sellingAndMarketingExpenses": 0,
        "sellingGeneralAndAdministrativeExpenses": 131203000,
        "otherExpenses": 0,
        "operatingExpenses": 131203000,
        "costAndExpenses": 308872000,
        "interestIncome": 0,
        "interestExpense": 11373000,
        "depreciationAndAmortization": 10728000,
        "ebitda": 54674000,
        "ebitdaratio": 0.154963749,
        "operatingIncome": 43352000,
        "operatingIncomeRatio": 0.1228735495,
        "totalOtherIncomeExpensesNet": -3046000,
        "incomeBeforeTax": 40306000,
        "incomeBeforeTaxRatio": 0.1142402032,
        "incomeTaxExpense": 14974000,
        "netIncome": 25582000,
        "netIncomeRatio": 0.0725076385,
        "eps": 0.96,
        "epsdiluted": 0.96,
        "weightedAverageShsOut": 26800000,
        "weightedAverageShsOutDil": 26800000,
        "link": "https://www.sec.gov/Archives/edgar/data/18498/000095014405003867/0000950144-05-003867-index.htm",
        "finalLink": "https://www.sec.gov/Archives/edgar/data/18498/000095014405003867/g94487e10vk.htm"
    },
    {
        "date": "2004-10-30",
        "symbol": "GCO",
        "reportedCurrency": "USD",
        "cik": "0000018498",
        "fillingDate": "2004-12-09",
        "acceptedDate": "2004-12-09 17:09:58",
        "calendarYear": "2005",
        "period": "Q3",
        "revenue": 288398000,
        "costOfRevenue": 145030000,
        "grossProfit": 143368000,
        "grossProfitRatio": 0.4971185653,
        "researchAndDevelopmentExpenses": 0,
        "generalAndAdministrativeExpenses": 0,
        "sellingAndMarketingExpenses": 0,
        "sellingGeneralAndAdministrativeExpenses": 119251000,
        "otherExpenses": 0,
        "operatingExpenses": 119251000,
        "costAndExpenses": 264281000,
        "interestIncome": 0,
        "interestExpense": 0,
        "depreciationAndAmortization": 7273000,
        "ebitda": 31927000,
        "ebitdaratio": 0.1107046512,
        "operatingIncome": 23450000,
        "operatingIncomeRatio": 0.0813112435,
        "totalOtherIncomeExpensesNet": -2900000,
        "incomeBeforeTax": 20312000,
        "incomeBeforeTaxRatio": 0.0704304468,
        "incomeTaxExpense": 7783000,
        "netIncome": 12089000,
        "netIncomeRatio": 0.0419177664,
        "eps": 0.54,
        "epsdiluted": 0.47,
        "weightedAverageShsOut": 22041000,
        "weightedAverageShsOutDil": 26388000,
        "link": "https://www.sec.gov/Archives/edgar/data/18498/000095014404011916/0000950144-04-011916-index.htm",
        "finalLink": "https://www.sec.gov/Archives/edgar/data/18498/000095014404011916/g92276e10vq.htm"
    },
    {
        "date": "2004-07-31",
        "symbol": "GCO",
        "reportedCurrency": "USD",
        "cik": "0000018498",
        "fillingDate": "2004-09-09",
        "acceptedDate": "2004-09-09 16:04:31",
        "calendarYear": "2005",
        "period": "Q2",
        "revenue": 245939000,
        "costOfRevenue": 124050000,
        "grossProfit": 121889000,
        "grossProfitRatio": 0.4956066342,
        "researchAndDevelopmentExpenses": 0,
        "generalAndAdministrativeExpenses": 0,
        "sellingAndMarketingExpenses": 0,
        "sellingGeneralAndAdministrativeExpenses": 112115000,
        "otherExpenses": 0,
        "operatingExpenses": 112115000,
        "costAndExpenses": 236165000,
        "interestIncome": 0,
        "interestExpense": 0,
        "depreciationAndAmortization": 7270000,
        "ebitda": 17912000,
        "ebitdaratio": 0.0728310679,
        "operatingIncome": 9960000,
        "operatingIncomeRatio": 0.040497847,
        "totalOtherIncomeExpensesNet": -2896000,
        "incomeBeforeTax": 7094000,
        "incomeBeforeTaxRatio": 0.0288445509,
        "incomeTaxExpense": 2289000,
        "netIncome": 4754000,
        "netIncomeRatio": 0.0193299965,
        "eps": 0.22,
        "epsdiluted": 0.2,
        "weightedAverageShsOut": 21504545,
        "weightedAverageShsOutDil": 23655000,
        "link": "https://www.sec.gov/Archives/edgar/data/18498/000095014404008998/0000950144-04-008998-index.htm",
        "finalLink": "https://www.sec.gov/Archives/edgar/data/18498/000095014404008998/g90871e10vq.htm"
    },
    {
        "date": "2004-05-01",
        "symbol": "GCO",
        "reportedCurrency": "USD",
        "cik": "0000018498",
        "fillingDate": "2004-06-10",
        "acceptedDate": "2004-06-10 16:55:07",
        "calendarYear": "2005",
        "period": "Q1",
        "revenue": 225526000,
        "costOfRevenue": 114848000,
        "grossProfit": 110678000,
        "grossProfitRatio": 0.4907549462,
        "researchAndDevelopmentExpenses": 0,
        "generalAndAdministrativeExpenses": 0,
        "sellingAndMarketingExpenses": 0,
        "sellingGeneralAndAdministrativeExpenses": 99230000,
        "otherExpenses": 0,
        "operatingExpenses": 99230000,
        "costAndExpenses": 214078000,
        "interestIncome": 0,
        "interestExpense": 0,
        "depreciationAndAmortization": 5995000,
        "ebitda": 18092000,
        "ebitdaratio": 0.0802213492,
        "operatingIncome": 11302000,
        "operatingIncomeRatio": 0.0501139558,
        "totalOtherIncomeExpensesNet": -1882000,
        "incomeBeforeTax": 9420000,
        "incomeBeforeTaxRatio": 0.04176902,
        "incomeTaxExpense": 3596000,
        "netIncome": 5824000,
        "netIncomeRatio": 0.0258240735,
        "eps": 0.26,
        "epsdiluted": 0.24,
        "weightedAverageShsOut": 22050000,
        "weightedAverageShsOutDil": 23887500,
        "link": "https://www.sec.gov/Archives/edgar/data/18498/000095014404006150/0000950144-04-006150-index.htm",
        "finalLink": "https://www.sec.gov/Archives/edgar/data/18498/000095014404006150/g89581e10vq.htm"
    },
    {
        "date": "2004-01-31",
        "symbol": "GCO",
        "reportedCurrency": "USD",
        "cik": "0000018498",
        "fillingDate": "2004-04-15",
        "acceptedDate": "2004-04-15 17:11:22",
        "calendarYear": "2004",
        "period": "Q4",
        "revenue": 252672000,
        "costOfRevenue": 134603000,
        "grossProfit": 118069000,
        "grossProfitRatio": 0.4672816933,
        "researchAndDevelopmentExpenses": 0,
        "generalAndAdministrativeExpenses": 0,
        "sellingAndMarketingExpenses": 0,
        "sellingGeneralAndAdministrativeExpenses": 89324000,
        "otherExpenses": 0,
        "operatingExpenses": 89324000,
        "costAndExpenses": 223927000,
        "interestIncome": 0,
        "interestExpense": 7902000,
        "depreciationAndAmortization": 5646000,
        "ebitda": 34391000,
        "ebitdaratio": 0.1361092642,
        "operatingIncome": 27705000,
        "operatingIncomeRatio": 0.1096480813,
        "totalOtherIncomeExpensesNet": -1598000,
        "incomeBeforeTax": 26107000,
        "incomeBeforeTaxRatio": 0.1033236765,
        "incomeTaxExpense": 8347000,
        "netIncome": 16872000,
        "netIncomeRatio": 0.0667743161,
        "eps": 0.76,
        "epsdiluted": 0.76,
        "weightedAverageShsOut": 21759375,
        "weightedAverageShsOutDil": 22100000,
        "link": "https://www.sec.gov/Archives/edgar/data/18498/000095014404003909/0000950144-04-003909-index.htm",
        "finalLink": "https://www.sec.gov/Archives/edgar/data/18498/000095014404003909/g88468e10vk.htm"
    },
    {
        "date": "2003-11-01",
        "symbol": "GCO",
        "reportedCurrency": "USD",
        "cik": "0000018498",
        "fillingDate": "2003-12-16",
        "acceptedDate": "2003-12-16 16:58:40",
        "calendarYear": "2004",
        "period": "Q3",
        "revenue": 212483000,
        "costOfRevenue": 113355000,
        "grossProfit": 99128000,
        "grossProfitRatio": 0.4665220276,
        "researchAndDevelopmentExpenses": 0,
        "generalAndAdministrativeExpenses": 0,
        "sellingAndMarketingExpenses": 0,
        "sellingGeneralAndAdministrativeExpenses": 82426000,
        "otherExpenses": 0,
        "operatingExpenses": 82426000,
        "costAndExpenses": 195781000,
        "interestIncome": 0,
        "interestExpense": 0,
        "depreciationAndAmortization": 5550000,
        "ebitda": 16702000,
        "ebitdaratio": 0.0786039354,
        "operatingIncome": 16702000,
        "operatingIncomeRatio": 0.0786039354,
        "totalOtherIncomeExpensesNet": -1510000,
        "incomeBeforeTax": 15192000,
        "incomeBeforeTaxRatio": 0.0714974845,
        "incomeTaxExpense": 5780000,
        "netIncome": 9412000,
        "netIncomeRatio": 0.0442953083,
        "eps": 0.43,
        "epsdiluted": 0.42,
        "weightedAverageShsOut": 21751000,
        "weightedAverageShsOutDil": 22081000,
        "link": "https://www.sec.gov/Archives/edgar/data/18498/000095014403013735/0000950144-03-013735-index.htm",
        "finalLink": "https://www.sec.gov/Archives/edgar/data/18498/000095014403013735/g86333e10vq.htm"
    },
    {
        "date": "2003-08-02",
        "symbol": "GCO",
        "reportedCurrency": "USD",
        "cik": "0000018498",
        "fillingDate": "2003-09-16",
        "acceptedDate": "2003-09-16 12:20:36",
        "calendarYear": "2004",
        "period": "Q2",
        "revenue": 179478000,
        "costOfRevenue": 95989000,
        "grossProfit": 83489000,
        "grossProfitRatio": 0.4651767905,
        "researchAndDevelopmentExpenses": 0,
        "generalAndAdministrativeExpenses": 0,
        "sellingAndMarketingExpenses": 0,
        "sellingGeneralAndAdministrativeExpenses": 80271000,
        "otherExpenses": 0,
        "operatingExpenses": 80271000,
        "costAndExpenses": 176260000,
        "interestIncome": 0,
        "interestExpense": 0,
        "depreciationAndAmortization": 5530000,
        "ebitda": 8748000,
        "ebitdaratio": 0.0487413499,
        "operatingIncome": 3357000,
        "operatingIncomeRatio": 0.0187042423,
        "totalOtherIncomeExpensesNet": -4730000,
        "incomeBeforeTax": -1373000,
        "incomeBeforeTaxRatio": -0.0076499627,
        "incomeTaxExpense": -482000,
        "netIncome": -891000,
        "netIncomeRatio": -0.0049643968,
        "eps": -0.04,
        "epsdiluted": -0.04,
        "weightedAverageShsOut": 22275000,
        "weightedAverageShsOutDil": 22275000,
        "link": "https://www.sec.gov/Archives/edgar/data/18498/000095014403010831/0000950144-03-010831-index.htm",
        "finalLink": "https://www.sec.gov/Archives/edgar/data/18498/000095014403010831/g84925e10vq.htm"
    },
    {
        "date": "2003-05-03",
        "symbol": "GCO",
        "reportedCurrency": "USD",
        "cik": "0000018498",
        "fillingDate": "2003-06-17",
        "acceptedDate": "2003-06-17 10:57:34",
        "calendarYear": "2004",
        "period": "Q1",
        "revenue": 192746000,
        "costOfRevenue": 104654000,
        "grossProfit": 88092000,
        "grossProfitRatio": 0.4570367219,
        "researchAndDevelopmentExpenses": 0,
        "generalAndAdministrativeExpenses": 0,
        "sellingAndMarketingExpenses": 0,
        "sellingGeneralAndAdministrativeExpenses": 80653000,
        "otherExpenses": 0,
        "operatingExpenses": 80653000,
        "costAndExpenses": 185307000,
        "interestIncome": 0,
        "interestExpense": 0,
        "depreciationAndAmortization": 5109000,
        "ebitda": 12548000,
        "ebitdaratio": 0.0651012213,
        "operatingIncome": 7439000,
        "operatingIncomeRatio": 0.0385948347,
        "totalOtherIncomeExpensesNet": -2032000,
        "incomeBeforeTax": 5407000,
        "incomeBeforeTaxRatio": 0.0280524628,
        "incomeTaxExpense": 2070000,
        "netIncome": 3337000,
        "netIncomeRatio": 0.0173129403,
        "eps": 0.15,
        "epsdiluted": 0.15,
        "weightedAverageShsOut": 22246667,
        "weightedAverageShsOutDil": 22246667,
        "link": "https://www.sec.gov/Archives/edgar/data/18498/000095014403007797/0000950144-03-007797-index.htm",
        "finalLink": "https://www.sec.gov/Archives/edgar/data/18498/000095014403007797/g83394e10vq.htm"
    },
    {
        "date": "2003-01-31",
        "symbol": "GCO",
        "reportedCurrency": "USD",
        "cik": "0000018498",
        "fillingDate": "2003-05-02",
        "acceptedDate": "2003-05-02 16:38:10",
        "calendarYear": "2003",
        "period": "Q4",
        "revenue": 249715000,
        "costOfRevenue": 133477000,
        "grossProfit": 116238000,
        "grossProfitRatio": 0.4654826502,
        "researchAndDevelopmentExpenses": 0,
        "generalAndAdministrativeExpenses": 0,
        "sellingAndMarketingExpenses": 0,
        "sellingGeneralAndAdministrativeExpenses": 88744000,
        "otherExpenses": 0,
        "operatingExpenses": 88744000,
        "costAndExpenses": 222221000,
        "interestIncome": 0,
        "interestExpense": 8544000,
        "depreciationAndAmortization": 5228000,
        "ebitda": 32722000,
        "ebitdaratio": 0.1310373826,
        "operatingIncome": 24945000,
        "operatingIncomeRatio": 0.099893879,
        "totalOtherIncomeExpensesNet": -2114000,
        "incomeBeforeTax": 22831000,
        "incomeBeforeTaxRatio": 0.0914282282,
        "incomeTaxExpense": 8658000,
        "netIncome": 14008000,
        "netIncomeRatio": 0.0560959494,
        "eps": 0.49,
        "epsdiluted": 0.49,
        "weightedAverageShsOut": 28500000,
        "weightedAverageShsOutDil": 28500000,
        "link": "https://www.sec.gov/Archives/edgar/data/18498/000095014403006057/0000950144-03-006057-index.htm",
        "finalLink": "https://www.sec.gov/Archives/edgar/data/18498/000095014403006057/g82515e10vk.htm"
    },
    {
        "date": "2002-11-02",
        "symbol": "GCO",
        "reportedCurrency": "USD",
        "cik": "0000018498",
        "fillingDate": "2002-12-13",
        "acceptedDate": "2002-12-13 16:37:42",
        "calendarYear": "2003",
        "period": "Q3",
        "revenue": 213157000,
        "costOfRevenue": 112318000,
        "grossProfit": 100839000,
        "grossProfitRatio": 0.4730738376,
        "researchAndDevelopmentExpenses": 0,
        "generalAndAdministrativeExpenses": 0,
        "sellingAndMarketingExpenses": 0,
        "sellingGeneralAndAdministrativeExpenses": 82197000,
        "otherExpenses": 0,
        "operatingExpenses": 82197000,
        "costAndExpenses": 194515000,
        "interestIncome": 0,
        "interestExpense": 0,
        "depreciationAndAmortization": 5131000,
        "ebitda": 23773000,
        "ebitdaratio": 0.1115281225,
        "operatingIncome": 18642000,
        "operatingIncomeRatio": 0.0874566634,
        "totalOtherIncomeExpensesNet": -2162000,
        "incomeBeforeTax": 16480000,
        "incomeBeforeTaxRatio": 0.0773139048,
        "incomeTaxExpense": 6373000,
        "netIncome": 10107000,
        "netIncomeRatio": 0.0474157546,
        "eps": 0.46,
        "epsdiluted": 0.41,
        "weightedAverageShsOut": 21785000,
        "weightedAverageShsOutDil": 26985000,
        "link": "https://www.sec.gov/Archives/edgar/data/18498/000095014402012749/0000950144-02-012749-index.htm",
        "finalLink": "https://www.sec.gov/Archives/edgar/data/18498/000095014402012749/g79770e10vq.htm"
    },
    {
        "date": "2002-08-03",
        "symbol": "GCO",
        "reportedCurrency": "USD",
        "cik": "0000018498",
        "fillingDate": "2002-09-17",
        "acceptedDate": "2002-09-17 16:36:05",
        "calendarYear": "2003",
        "period": "Q2",
        "revenue": 174842000,
        "costOfRevenue": 91991000,
        "grossProfit": 82851000,
        "grossProfitRatio": 0.4738621155,
        "researchAndDevelopmentExpenses": 0,
        "generalAndAdministrativeExpenses": 0,
        "sellingAndMarketingExpenses": 0,
        "sellingGeneralAndAdministrativeExpenses": 74666000,
        "otherExpenses": -73670000,
        "operatingExpenses": 996000,
        "costAndExpenses": 92987000,
        "interestIncome": 0,
        "interestExpense": 0,
        "depreciationAndAmortization": 4593000,
        "ebitda": 86448000,
        "ebitdaratio": 0.4944349756,
        "operatingIncome": 81855000,
        "operatingIncomeRatio": 0.4681655437,
        "totalOtherIncomeExpensesNet": -75592000,
        "incomeBeforeTax": 6263000,
        "incomeBeforeTaxRatio": 0.0358209126,
        "incomeTaxExpense": 2300000,
        "netIncome": 3963000,
        "netIncomeRatio": 0.0226661786,
        "eps": 0.18,
        "epsdiluted": 0.17,
        "weightedAverageShsOut": 21605556,
        "weightedAverageShsOutDil": 22876471,
        "link": "https://www.sec.gov/Archives/edgar/data/18498/000095014402009706/0000950144-02-009706-index.htm",
        "finalLink": "https://www.sec.gov/Archives/edgar/data/18498/000095014402009706/g78342e10vq.htm"
    },
    {
        "date": "2002-05-04",
        "symbol": "GCO",
        "reportedCurrency": "USD",
        "cik": "0000018498",
        "fillingDate": "2002-06-18",
        "acceptedDate": "2002-06-18 15:28:39",
        "calendarYear": "2003",
        "period": "Q1",
        "revenue": 190593000,
        "costOfRevenue": 100445000,
        "grossProfit": 90148000,
        "grossProfitRatio": 0.4729869408,
        "researchAndDevelopmentExpenses": 0,
        "generalAndAdministrativeExpenses": 0,
        "sellingAndMarketingExpenses": 0,
        "sellingGeneralAndAdministrativeExpenses": 75226000,
        "otherExpenses": 0,
        "operatingExpenses": 75226000,
        "costAndExpenses": 175671000,
        "interestIncome": 0,
        "interestExpense": 0,
        "depreciationAndAmortization": 4362000,
        "ebitda": 19284000,
        "ebitdaratio": 0.101178952,
        "operatingIncome": 14922000,
        "operatingIncomeRatio": 0.0782924871,
        "totalOtherIncomeExpensesNet": -1672000,
        "incomeBeforeTax": 13250000,
        "incomeBeforeTaxRatio": 0.0695198669,
        "incomeTaxExpense": 5048000,
        "netIncome": 8202000,
        "netIncomeRatio": 0.0430341093,
        "eps": 0.37,
        "epsdiluted": 0.33,
        "weightedAverageShsOut": 21967568,
        "weightedAverageShsOutDil": 24630303,
        "link": "https://www.sec.gov/Archives/edgar/data/18498/000095014402006629/0000950144-02-006629-index.htm",
        "finalLink": "https://www.sec.gov/Archives/edgar/data/18498/000095014402006629/g76884e10vq.htm"
    },
    {
        "date": "2002-01-31",
        "symbol": "GCO",
        "reportedCurrency": "USD",
        "cik": "0000018498",
        "fillingDate": "2002-05-03",
        "acceptedDate": "2002-05-03 13:37:22",
        "calendarYear": "2002",
        "period": "Q4",
        "revenue": 222588000,
        "costOfRevenue": 119399000,
        "grossProfit": 103189000,
        "grossProfitRatio": 0.4635874351,
        "researchAndDevelopmentExpenses": 0,
        "generalAndAdministrativeExpenses": 0,
        "sellingAndMarketingExpenses": 0,
        "sellingGeneralAndAdministrativeExpenses": 76429000,
        "otherExpenses": 0,
        "operatingExpenses": 76429000,
        "costAndExpenses": 195828000,
        "interestIncome": 0,
        "interestExpense": 0,
        "depreciationAndAmortization": 4335000,
        "ebitda": 31095000,
        "ebitdaratio": 0.1396975578,
        "operatingIncome": 21750000,
        "operatingIncomeRatio": 0.0977141625,
        "totalOtherIncomeExpensesNet": -1982000,
        "incomeBeforeTax": 19768000,
        "incomeBeforeTaxRatio": 0.088809819,
        "incomeTaxExpense": 3957000,
        "netIncome": 15266000,
        "netIncomeRatio": 0.0685841106,
        "eps": 0.56,
        "epsdiluted": 0.56,
        "weightedAverageShsOut": 27200000,
        "weightedAverageShsOutDil": 27200000,
        "link": "https://www.sec.gov/Archives/edgar/data/18498/000095014402004726/0000950144-02-004726-index.htm",
        "finalLink": "https://www.sec.gov/Archives/edgar/data/18498/000095014402004726/g75975e10-k.txt"
    },
    {
        "date": "2001-11-03",
        "symbol": "GCO",
        "reportedCurrency": "USD",
        "cik": "0000018498",
        "fillingDate": "2001-12-18",
        "acceptedDate": "2001-12-18 00:00:00",
        "calendarYear": "2002",
        "period": "Q3",
        "revenue": 185772000,
        "costOfRevenue": 99814000,
        "grossProfit": 85958000,
        "grossProfitRatio": 0.4627069741,
        "researchAndDevelopmentExpenses": 0,
        "generalAndAdministrativeExpenses": 0,
        "sellingAndMarketingExpenses": 0,
        "sellingGeneralAndAdministrativeExpenses": 70931000,
        "otherExpenses": 0,
        "operatingExpenses": 70931000,
        "costAndExpenses": 170745000,
        "interestIncome": 0,
        "interestExpense": 0,
        "depreciationAndAmortization": 4134000,
        "ebitda": 19161000,
        "ebitdaratio": 0.1031425619,
        "operatingIncome": 15027000,
        "operatingIncomeRatio": 0.0808894774,
        "totalOtherIncomeExpensesNet": -2159000,
        "incomeBeforeTax": 12868000,
        "incomeBeforeTaxRatio": 0.0692677045,
        "incomeTaxExpense": 4877000,
        "netIncome": 7283000,
        "netIncomeRatio": 0.0392039705,
        "eps": 0.33,
        "epsdiluted": 0.3,
        "weightedAverageShsOut": 21907000,
        "weightedAverageShsOutDil": 27234000,
        "link": "https://www.sec.gov/Archives/edgar/data/18498/000095014401510108/0000950144-01-510108-index.htm",
        "finalLink": "https://www.sec.gov/Archives/edgar/data/18498/000095014401510108/g73360e10-q.htm"
    },
    {
        "date": "2001-08-04",
        "symbol": "GCO",
        "reportedCurrency": "USD",
        "cik": "0000018498",
        "fillingDate": "2001-09-18",
        "acceptedDate": "2001-09-18 00:00:00",
        "calendarYear": "2002",
        "period": "Q2",
        "revenue": 166543000,
        "costOfRevenue": 88178000,
        "grossProfit": 78365000,
        "grossProfitRatio": 0.47053914,
        "researchAndDevelopmentExpenses": 0,
        "generalAndAdministrativeExpenses": 0,
        "sellingAndMarketingExpenses": 0,
        "sellingGeneralAndAdministrativeExpenses": 66804000,
        "otherExpenses": 0,
        "operatingExpenses": 66804000,
        "costAndExpenses": 154982000,
        "interestIncome": 0,
        "interestExpense": 0,
        "depreciationAndAmortization": 3938000,
        "ebitda": 15499000,
        "ebitdaratio": 0.0930630528,
        "operatingIncome": 11766000,
        "operatingIncomeRatio": 0.0706484211,
        "totalOtherIncomeExpensesNet": -1888000,
        "incomeBeforeTax": 9878000,
        "incomeBeforeTaxRatio": 0.0593120095,
        "incomeTaxExpense": 3695000,
        "netIncome": 6183000,
        "netIncomeRatio": 0.0371255472,
        "eps": 0.28,
        "epsdiluted": 0.26,
        "weightedAverageShsOut": 21821429,
        "weightedAverageShsOutDil": 23500000,
        "link": "https://www.sec.gov/Archives/edgar/data/18498/000095014401507005/0000950144-01-507005-index.htm",
        "finalLink": "https://www.sec.gov/Archives/edgar/data/18498/000095014401507005/g71758e10-q.txt"
    },
    {
        "date": "2001-05-05",
        "symbol": "GCO",
        "reportedCurrency": "USD",
        "cik": "0000018498",
        "fillingDate": "2001-06-19",
        "acceptedDate": "2001-06-19 00:00:00",
        "calendarYear": "2002",
        "period": "Q1",
        "revenue": 171918000,
        "costOfRevenue": 89821000,
        "grossProfit": 82097000,
        "grossProfitRatio": 0.477535802,
        "researchAndDevelopmentExpenses": 0,
        "generalAndAdministrativeExpenses": 0,
        "sellingAndMarketingExpenses": 0,
        "sellingGeneralAndAdministrativeExpenses": 67212000,
        "otherExpenses": 0,
        "operatingExpenses": 67212000,
        "costAndExpenses": 157033000,
        "interestIncome": 0,
        "interestExpense": 0,
        "depreciationAndAmortization": 3832000,
        "ebitda": 18717000,
        "ebitdaratio": 0.1088716714,
        "operatingIncome": 14885000,
        "operatingIncomeRatio": 0.0865819751,
        "totalOtherIncomeExpensesNet": -1535000,
        "incomeBeforeTax": 13350000,
        "incomeBeforeTaxRatio": 0.0776532998,
        "incomeTaxExpense": 5012000,
        "netIncome": 8338000,
        "netIncomeRatio": 0.0484998662,
        "eps": 0.38,
        "epsdiluted": 0.34,
        "weightedAverageShsOut": 21747368,
        "weightedAverageShsOutDil": 24305882,
        "link": "https://www.sec.gov/Archives/edgar/data/18498/000095014401503726/0000950144-01-503726-index.htm",
        "finalLink": "https://www.sec.gov/Archives/edgar/data/18498/000095014401503726/g70119e10-q.txt"
    },
    {
        "date": "2001-01-31",
        "symbol": "GCO",
        "reportedCurrency": "USD",
        "cik": "0000018498",
        "fillingDate": "2001-05-04",
        "acceptedDate": "2001-05-04 00:00:00",
        "calendarYear": "2001",
        "period": "Q4",
        "revenue": 215816000,
        "costOfRevenue": 107969000,
        "grossProfit": 107847000,
        "grossProfitRatio": 0.4997173518,
        "researchAndDevelopmentExpenses": 0,
        "generalAndAdministrativeExpenses": 0,
        "sellingAndMarketingExpenses": 0,
        "sellingGeneralAndAdministrativeExpenses": 79749000,
        "otherExpenses": 3643000,
        "operatingExpenses": 83392000,
        "costAndExpenses": 191361000,
        "interestIncome": 0,
        "interestExpense": 0,
        "depreciationAndAmortization": 3643000,
        "ebitda": 28098000,
        "ebitdaratio": 0.1301942395,
        "operatingIncome": 21022000,
        "operatingIncomeRatio": 0.0974070505,
        "totalOtherIncomeExpensesNet": -1606000,
        "incomeBeforeTax": 19416000,
        "incomeBeforeTaxRatio": 0.0899655262,
        "incomeTaxExpense": 7094000,
        "netIncome": 12297000,
        "netIncomeRatio": 0.0569790933,
        "eps": 0.45,
        "epsdiluted": 0.45,
        "weightedAverageShsOut": 27100000,
        "weightedAverageShsOutDil": 27100000,
        "link": "https://www.sec.gov/Archives/edgar/data/18498/000095014401501533/0000950144-01-501533-index.htm",
        "finalLink": "https://www.sec.gov/Archives/edgar/data/18498/000095014401501533/g69002e10-k.txt"
    },
    {
        "date": "2000-10-28",
        "symbol": "GCO",
        "reportedCurrency": "USD",
        "cik": "0000018498",
        "fillingDate": "2000-12-12",
        "acceptedDate": "2000-12-12 00:00:00",
        "calendarYear": "2001",
        "period": "Q3",
        "revenue": 175593000,
        "costOfRevenue": 90045000,
        "grossProfit": 85548000,
        "grossProfitRatio": 0.4871948198,
        "researchAndDevelopmentExpenses": 0,
        "generalAndAdministrativeExpenses": 0,
        "sellingAndMarketingExpenses": 0,
        "sellingGeneralAndAdministrativeExpenses": 65748000,
        "otherExpenses": 3380000,
        "operatingExpenses": 69128000,
        "costAndExpenses": 159173000,
        "interestIncome": 0,
        "interestExpense": 0,
        "depreciationAndAmortization": 3380000,
        "ebitda": 19800000,
        "ebitdaratio": 0.1127607593,
        "operatingIncome": 16420000,
        "operatingIncomeRatio": 0.0935117004,
        "totalOtherIncomeExpensesNet": -2080000,
        "incomeBeforeTax": 14340000,
        "incomeBeforeTaxRatio": 0.0816661256,
        "incomeTaxExpense": 5555000,
        "netIncome": 8785000,
        "netIncomeRatio": 0.0500304682,
        "eps": 0.41,
        "epsdiluted": 0.36,
        "weightedAverageShsOut": 21470000,
        "weightedAverageShsOutDil": 26977000,
        "link": "https://www.sec.gov/Archives/edgar/data/18498/000095014400014875/0000950144-00-014875-index.htm",
        "finalLink": "https://www.sec.gov/Archives/edgar/data/18498/000095014400014875/g65950e10-q.txt"
    },
    {
        "date": "2000-07-29",
        "symbol": "GCO",
        "reportedCurrency": "USD",
        "cik": "0000018498",
        "fillingDate": "2000-09-12",
        "acceptedDate": "2000-09-12 00:00:00",
        "calendarYear": "2001",
        "period": "Q2",
        "revenue": 142743000,
        "costOfRevenue": 71140000,
        "grossProfit": 71603000,
        "grossProfitRatio": 0.5016217958,
        "researchAndDevelopmentExpenses": 0,
        "generalAndAdministrativeExpenses": 0,
        "sellingAndMarketingExpenses": 0,
        "sellingGeneralAndAdministrativeExpenses": 57592000,
        "otherExpenses": 3138000,
        "operatingExpenses": 60730000,
        "costAndExpenses": 131870000,
        "interestIncome": 0,
        "interestExpense": 0,
        "depreciationAndAmortization": 3138000,
        "ebitda": 14011000,
        "ebitdaratio": 0.0981554262,
        "operatingIncome": 10873000,
        "operatingIncomeRatio": 0.0761718613,
        "totalOtherIncomeExpensesNet": -1832000,
        "incomeBeforeTax": 9041000,
        "incomeBeforeTaxRatio": 0.0633376067,
        "incomeTaxExpense": 3510000,
        "netIncome": 2562000,
        "netIncomeRatio": 0.0179483407,
        "eps": 0.12,
        "epsdiluted": 0.12,
        "weightedAverageShsOut": 21496000,
        "weightedAverageShsOutDil": 27014000,
        "link": "https://www.sec.gov/Archives/edgar/data/18498/000095014400011297/0000950144-00-011297-index.htm",
        "finalLink": "https://www.sec.gov/Archives/edgar/data/18498/000095014400011297/g64159e10-q.txt"
    },
    {
        "date": "2000-04-29",
        "symbol": "GCO",
        "reportedCurrency": "USD",
        "cik": "0000018498",
        "fillingDate": "2000-06-13",
        "acceptedDate": "2000-06-13 00:00:00",
        "calendarYear": "2001",
        "period": "Q1",
        "revenue": 150999000,
        "costOfRevenue": 80346000,
        "grossProfit": 70653000,
        "grossProfitRatio": 0.467903761,
        "researchAndDevelopmentExpenses": 0,
        "generalAndAdministrativeExpenses": 0,
        "sellingAndMarketingExpenses": 0,
        "sellingGeneralAndAdministrativeExpenses": 56121000,
        "otherExpenses": 3039000,
        "operatingExpenses": 59160000,
        "costAndExpenses": 139506000,
        "interestIncome": 0,
        "interestExpense": 0,
        "depreciationAndAmortization": 3039000,
        "ebitda": 14532000,
        "ebitdaratio": 0.0962390479,
        "operatingIncome": 11493000,
        "operatingIncomeRatio": 0.0761130868,
        "totalOtherIncomeExpensesNet": -1682000,
        "incomeBeforeTax": 9811000,
        "incomeBeforeTaxRatio": 0.0649739402,
        "incomeTaxExpense": 3850000,
        "netIncome": 5961000,
        "netIncomeRatio": 0.0394770826,
        "eps": 0.27,
        "epsdiluted": 0.25,
        "weightedAverageShsOut": 21517000,
        "weightedAverageShsOutDil": 21517000,
        "link": "https://www.sec.gov/Archives/edgar/data/18498/000095014400007779/0000950144-00-007779-index.htm",
        "finalLink": "https://www.sec.gov/Archives/edgar/data/18498/000095014400007779/0000950144-00-007779-0001.txt"
    },
    {
        "date": "2000-01-31",
        "symbol": "GCO",
        "reportedCurrency": "USD",
        "cik": "0000018498",
        "fillingDate": "2000-04-28",
        "acceptedDate": "2000-04-28 00:00:00",
        "calendarYear": "2000",
        "period": "Q4",
        "revenue": 173220000,
        "costOfRevenue": 92414000,
        "grossProfit": 80806000,
        "grossProfitRatio": 0.4664934765,
        "researchAndDevelopmentExpenses": 0,
        "generalAndAdministrativeExpenses": 0,
        "sellingAndMarketingExpenses": 0,
        "sellingGeneralAndAdministrativeExpenses": 58262000,
        "otherExpenses": 3014000,
        "operatingExpenses": 61276000,
        "costAndExpenses": 153690000,
        "interestIncome": 0,
        "interestExpense": 0,
        "depreciationAndAmortization": 3014000,
        "ebitda": 22544000,
        "ebitdaratio": 0.1301466343,
        "operatingIncome": 19530000,
        "operatingIncomeRatio": 0.112746796,
        "totalOtherIncomeExpensesNet": -1487000,
        "incomeBeforeTax": 18043000,
        "incomeBeforeTaxRatio": 0.1041623369,
        "incomeTaxExpense": 6521000,
        "netIncome": 11522000,
        "netIncomeRatio": 0.0665165685,
        "eps": 0.32,
        "epsdiluted": 0.32,
        "weightedAverageShsOut": 22738596,
        "weightedAverageShsOutDil": 24687619,
        "link": "https://www.sec.gov/Archives/edgar/data/18498/000095014400005624/0000950144-00-005624-index.html",
        "finalLink": "https://www.sec.gov/Archives/edgar/data/18498/000095014400005624/"
    },
    {
        "date": "1999-10-30",
        "symbol": "GCO",
        "reportedCurrency": "USD",
        "cik": "0000018498",
        "fillingDate": "1999-12-14",
        "acceptedDate": "1999-12-14 00:00:00",
        "calendarYear": "2000",
        "period": "Q3",
        "revenue": 146000000,
        "costOfRevenue": 78000000,
        "grossProfit": 68000000,
        "grossProfitRatio": 0.4657534247,
        "researchAndDevelopmentExpenses": 0,
        "generalAndAdministrativeExpenses": 0,
        "sellingAndMarketingExpenses": 0,
        "sellingGeneralAndAdministrativeExpenses": 53400000,
        "otherExpenses": 2600000,
        "operatingExpenses": 56000000,
        "costAndExpenses": 134000000,
        "interestIncome": 0,
        "interestExpense": 0,
        "depreciationAndAmortization": 2600000,
        "ebitda": 14600000,
        "ebitdaratio": 0.1,
        "operatingIncome": 12000000,
        "operatingIncomeRatio": 0.0821917808,
        "totalOtherIncomeExpensesNet": -1700000,
        "incomeBeforeTax": 10300000,
        "incomeBeforeTaxRatio": 0.0705479452,
        "incomeTaxExpense": 4100000,
        "netIncome": 6200000,
        "netIncomeRatio": 0.0424657534,
        "eps": 0.28,
        "epsdiluted": 0.26,
        "weightedAverageShsOut": 21785714,
        "weightedAverageShsOutDil": 23461538,
        "link": "https://www.sec.gov/Archives/edgar/data/18498/000095014499014044/0000950144-99-014044-index.html",
        "finalLink": "https://www.sec.gov/Archives/edgar/data/18498/000095014499014044/"
    },
    {
        "date": "1999-07-31",
        "symbol": "GCO",
        "reportedCurrency": "USD",
        "cik": "0000018498",
        "fillingDate": "1999-09-14",
        "acceptedDate": "1999-09-14 00:00:00",
        "calendarYear": "2000",
        "period": "Q2",
        "revenue": 125900000,
        "costOfRevenue": 66900000,
        "grossProfit": 59000000,
        "grossProfitRatio": 0.4686258936,
        "researchAndDevelopmentExpenses": 0,
        "generalAndAdministrativeExpenses": 0,
        "sellingAndMarketingExpenses": 0,
        "sellingGeneralAndAdministrativeExpenses": 48200000,
        "otherExpenses": 2500000,
        "operatingExpenses": 50700000,
        "costAndExpenses": 117600000,
        "interestIncome": 0,
        "interestExpense": 0,
        "depreciationAndAmortization": 2500000,
        "ebitda": 10800000,
        "ebitdaratio": 0.085782367,
        "operatingIncome": 8300000,
        "operatingIncomeRatio": 0.0659253376,
        "totalOtherIncomeExpensesNet": -1400000,
        "incomeBeforeTax": 6900000,
        "incomeBeforeTaxRatio": 0.0548054011,
        "incomeTaxExpense": 2700000,
        "netIncome": 4200000,
        "netIncomeRatio": 0.0333598094,
        "eps": 0.18,
        "epsdiluted": 0.17,
        "weightedAverageShsOut": 23333333,
        "weightedAverageShsOutDil": 24705882,
        "link": "https://www.sec.gov/Archives/edgar/data/18498/000095014499011177/0000950144-99-011177-index.html",
        "finalLink": "https://www.sec.gov/Archives/edgar/data/18498/000095014499011177/"
    },
    {
        "date": "1999-05-01",
        "symbol": "GCO",
        "reportedCurrency": "USD",
        "cik": "0000018498",
        "fillingDate": "1999-06-15",
        "acceptedDate": "1999-06-15 00:00:00",
        "calendarYear": "2000",
        "period": "Q1",
        "revenue": 128700000,
        "costOfRevenue": 68700000,
        "grossProfit": 60000000,
        "grossProfitRatio": 0.4662004662,
        "researchAndDevelopmentExpenses": 0,
        "generalAndAdministrativeExpenses": 0,
        "sellingAndMarketingExpenses": 0,
        "sellingGeneralAndAdministrativeExpenses": 49200000,
        "otherExpenses": 2400000,
        "operatingExpenses": 51600000,
        "costAndExpenses": 120300000,
        "interestIncome": 0,
        "interestExpense": 0,
        "depreciationAndAmortization": 2400000,
        "ebitda": 10800000,
        "ebitdaratio": 0.0839160839,
        "operatingIncome": 8400000,
        "operatingIncomeRatio": 0.0652680653,
        "totalOtherIncomeExpensesNet": -1600000,
        "incomeBeforeTax": 6800000,
        "incomeBeforeTaxRatio": 0.0528360528,
        "incomeTaxExpense": 2700000,
        "netIncome": 4100000,
        "netIncomeRatio": 0.0318570319,
        "eps": 0.17,
        "epsdiluted": 0.16,
        "weightedAverageShsOut": 24117647,
        "weightedAverageShsOutDil": 25625000,
        "link": "https://www.sec.gov/Archives/edgar/data/18498/000095014499007515/0000950144-99-007515-index.html",
        "finalLink": "https://www.sec.gov/Archives/edgar/data/18498/000095014499007515/"
    },
    {
        "date": "1999-01-31",
        "symbol": "GCO",
        "reportedCurrency": "USD",
        "cik": "0000018498",
        "fillingDate": "1999-04-30",
        "acceptedDate": "1999-04-30 00:00:00",
        "calendarYear": "1999",
        "period": "Q4",
        "revenue": 154100000,
        "costOfRevenue": 81400000,
        "grossProfit": 72700000,
        "grossProfitRatio": 0.4717715769,
        "researchAndDevelopmentExpenses": 0,
        "generalAndAdministrativeExpenses": 0,
        "sellingAndMarketingExpenses": 0,
        "sellingGeneralAndAdministrativeExpenses": 54300000,
        "otherExpenses": 2200000,
        "operatingExpenses": 56500000,
        "costAndExpenses": 137900000,
        "interestIncome": 0,
        "interestExpense": 0,
        "depreciationAndAmortization": 2200000,
        "ebitda": 18400000,
        "ebitdaratio": 0.1194029851,
        "operatingIncome": 16200000,
        "operatingIncomeRatio": 0.1051265412,
        "totalOtherIncomeExpensesNet": -1700000,
        "incomeBeforeTax": 14500000,
        "incomeBeforeTaxRatio": 0.0940947437,
        "incomeTaxExpense": -23700000,
        "netIncome": 40200000,
        "netIncomeRatio": 0.2608695652,
        "eps": 1.33,
        "epsdiluted": 1.33,
        "weightedAverageShsOut": 30200000,
        "weightedAverageShsOutDil": 30200000,
        "link": "https://www.sec.gov/Archives/edgar/data/18498/000095014499005155/0000950144-99-005155-index.html",
        "finalLink": "https://www.sec.gov/Archives/edgar/data/18498/"
    },
    {
        "date": "1998-10-31",
        "symbol": "GCO",
        "reportedCurrency": "USD",
        "cik": "0000018498",
        "fillingDate": "1998-12-15",
        "acceptedDate": "1998-12-15 00:00:00",
        "calendarYear": "1999",
        "period": "Q3",
        "revenue": 129800000,
        "costOfRevenue": 69300000,
        "grossProfit": 60500000,
        "grossProfitRatio": 0.4661016949,
        "researchAndDevelopmentExpenses": 0,
        "generalAndAdministrativeExpenses": 0,
        "sellingAndMarketingExpenses": 0,
        "sellingGeneralAndAdministrativeExpenses": 50200000,
        "otherExpenses": 2400000,
        "operatingExpenses": 52600000,
        "costAndExpenses": 121900000,
        "interestIncome": 0,
        "interestExpense": 0,
        "depreciationAndAmortization": 2400000,
        "ebitda": 10300000,
        "ebitdaratio": 0.0793528505,
        "operatingIncome": 7900000,
        "operatingIncomeRatio": 0.0608628659,
        "totalOtherIncomeExpensesNet": -1400000,
        "incomeBeforeTax": 6500000,
        "incomeBeforeTaxRatio": 0.0500770416,
        "incomeTaxExpense": 200000,
        "netIncome": 6300000,
        "netIncomeRatio": 0.0485362096,
        "eps": 0.24,
        "epsdiluted": 0.23,
        "weightedAverageShsOut": 26250000,
        "weightedAverageShsOutDil": 27391304,
        "link": "https://www.sec.gov/Archives/edgar/data/18498/000095014498013881/0000950144-98-013881-index.html",
        "finalLink": "https://www.sec.gov/Archives/edgar/data/18498/"
    },
    {
        "date": "1998-08-01",
        "symbol": "GCO",
        "reportedCurrency": "USD",
        "cik": "0000018498",
        "fillingDate": "1998-09-15",
        "acceptedDate": "1998-09-15 00:00:00",
        "calendarYear": "1999",
        "period": "Q2",
        "revenue": 132000000,
        "costOfRevenue": 71600000,
        "grossProfit": 60400000,
        "grossProfitRatio": 0.4575757576,
        "researchAndDevelopmentExpenses": 0,
        "generalAndAdministrativeExpenses": 0,
        "sellingAndMarketingExpenses": 0,
        "sellingGeneralAndAdministrativeExpenses": 51600000,
        "otherExpenses": 2700000,
        "operatingExpenses": 54300000,
        "costAndExpenses": 125900000,
        "interestIncome": 0,
        "interestExpense": 0,
        "depreciationAndAmortization": 2700000,
        "ebitda": 8800000,
        "ebitdaratio": 0.0666666667,
        "operatingIncome": 6100000,
        "operatingIncomeRatio": 0.0462121212,
        "totalOtherIncomeExpensesNet": 2700000,
        "incomeBeforeTax": 8800000,
        "incomeBeforeTaxRatio": 0.0666666667,
        "incomeTaxExpense": 3200000,
        "netIncome": 2900000,
        "netIncomeRatio": 0.021969697,
        "eps": 0.11,
        "epsdiluted": 0.11,
        "weightedAverageShsOut": 26363636,
        "weightedAverageShsOutDil": 26363636,
        "link": "https://www.sec.gov/Archives/edgar/data/18498/000095014498010741/0000950144-98-010741-index.html",
        "finalLink": "https://www.sec.gov/Archives/edgar/data/18498/"
    },
    {
        "date": "1998-05-02",
        "symbol": "GCO",
        "reportedCurrency": "USD",
        "cik": "0000018498",
        "fillingDate": "1998-06-16",
        "acceptedDate": "1998-06-16 00:00:00",
        "calendarYear": "1999",
        "period": "Q1",
        "revenue": 133800000,
        "costOfRevenue": 73600000,
        "grossProfit": 60200000,
        "grossProfitRatio": 0.4499252616,
        "researchAndDevelopmentExpenses": 0,
        "generalAndAdministrativeExpenses": 0,
        "sellingAndMarketingExpenses": 0,
        "sellingGeneralAndAdministrativeExpenses": 52000000,
        "otherExpenses": 2400000,
        "operatingExpenses": 54400000,
        "costAndExpenses": 128000000,
        "interestIncome": 0,
        "interestExpense": 0,
        "depreciationAndAmortization": 2400000,
        "ebitda": 8200000,
        "ebitdaratio": 0.0612855007,
        "operatingIncome": 5800000,
        "operatingIncomeRatio": 0.043348281,
        "totalOtherIncomeExpensesNet": -2300000,
        "incomeBeforeTax": 3500000,
        "incomeBeforeTaxRatio": 0.0261584454,
        "incomeTaxExpense": -300000,
        "netIncome": 3800000,
        "netIncomeRatio": 0.0284005979,
        "eps": 0.14,
        "epsdiluted": 0.13,
        "weightedAverageShsOut": 27142857,
        "weightedAverageShsOutDil": 29230769,
        "link": "https://www.sec.gov/Archives/edgar/data/18498/000095014498007508/0000950144-98-007508-index.html",
        "finalLink": "https://www.sec.gov/Archives/edgar/data/18498/"
    },
    {
        "date": "1998-01-31",
        "symbol": "GCO",
        "reportedCurrency": "USD",
        "cik": "0000018498",
        "fillingDate": "1998-03-31",
        "acceptedDate": "1998-03-31 00:00:00",
        "calendarYear": "1998",
        "period": "Q4",
        "revenue": 154800000,
        "costOfRevenue": 87400000,
        "grossProfit": 67400000,
        "grossProfitRatio": 0.4354005168,
        "researchAndDevelopmentExpenses": 0,
        "generalAndAdministrativeExpenses": 0,
        "sellingAndMarketingExpenses": 0,
        "sellingGeneralAndAdministrativeExpenses": 51900000,
        "otherExpenses": 2300000,
        "operatingExpenses": 54200000,
        "costAndExpenses": 141600000,
        "interestIncome": 0,
        "interestExpense": 0,
        "depreciationAndAmortization": 2300000,
        "ebitda": 15500000,
        "ebitdaratio": 0.100129199,
        "operatingIncome": 13200000,
        "operatingIncomeRatio": 0.0852713178,
        "totalOtherIncomeExpensesNet": -17800000,
        "incomeBeforeTax": -4600000,
        "incomeBeforeTaxRatio": -0.0297157623,
        "incomeTaxExpense": 20200000,
        "netIncome": -7000000,
        "netIncomeRatio": -0.0452196382,
        "eps": -0.26,
        "epsdiluted": -0.26,
        "weightedAverageShsOut": 27400000,
        "weightedAverageShsOutDil": 27400000,
        "link": "https://www.sec.gov/Archives/edgar/data/18498/000095014498003971/0000950144-98-003971-index.html",
        "finalLink": "https://www.sec.gov/Archives/edgar/data/18498/"
    },
    {
        "date": "1997-11-01",
        "symbol": "GCO",
        "reportedCurrency": "USD",
        "cik": "0000018498",
        "fillingDate": "1997-12-16",
        "acceptedDate": "1997-12-16 00:00:00",
        "calendarYear": "1998",
        "period": "Q3",
        "revenue": 147000000,
        "costOfRevenue": 84200000,
        "grossProfit": 62800000,
        "grossProfitRatio": 0.4272108844,
        "researchAndDevelopmentExpenses": 0,
        "generalAndAdministrativeExpenses": 0,
        "sellingAndMarketingExpenses": 0,
        "sellingGeneralAndAdministrativeExpenses": 48400000,
        "otherExpenses": 2200000,
        "operatingExpenses": 50600000,
        "costAndExpenses": 134800000,
        "interestIncome": 0,
        "interestExpense": 0,
        "depreciationAndAmortization": 2200000,
        "ebitda": 14400000,
        "ebitdaratio": 0.0979591837,
        "operatingIncome": 12200000,
        "operatingIncomeRatio": 0.0829931973,
        "totalOtherIncomeExpensesNet": -2600000,
        "incomeBeforeTax": 9600000,
        "incomeBeforeTaxRatio": 0.0653061224,
        "incomeTaxExpense": 100000,
        "netIncome": 9300000,
        "netIncomeRatio": 0.0632653061,
        "eps": 0.34,
        "epsdiluted": 0.34,
        "weightedAverageShsOut": 27352941,
        "weightedAverageShsOutDil": 27352941,
        "link": "https://www.sec.gov/Archives/edgar/data/18498/000095014497013423/0000950144-97-013423-index.html",
        "finalLink": "https://www.sec.gov/Archives/edgar/data/18498/"
    },
    {
        "date": "1997-08-02",
        "symbol": "GCO",
        "reportedCurrency": "USD",
        "cik": "0000018498",
        "fillingDate": "1997-09-16",
        "acceptedDate": "1997-09-16 00:00:00",
        "calendarYear": "1998",
        "period": "Q2",
        "revenue": 120000000,
        "costOfRevenue": 68600000,
        "grossProfit": 51400000,
        "grossProfitRatio": 0.4283333333,
        "researchAndDevelopmentExpenses": 0,
        "generalAndAdministrativeExpenses": 0,
        "sellingAndMarketingExpenses": 0,
        "sellingGeneralAndAdministrativeExpenses": 43100000,
        "otherExpenses": 2300000,
        "operatingExpenses": 45400000,
        "costAndExpenses": 114000000,
        "interestIncome": 0,
        "interestExpense": 0,
        "depreciationAndAmortization": 2200000,
        "ebitda": 8300000,
        "ebitdaratio": 0.0691666667,
        "operatingIncome": 6000000,
        "operatingIncomeRatio": 0.05,
        "totalOtherIncomeExpensesNet": 700000,
        "incomeBeforeTax": 6700000,
        "incomeBeforeTaxRatio": 0.0558333333,
        "incomeTaxExpense": 2000000,
        "netIncome": 4100000,
        "netIncomeRatio": 0.0341666667,
        "eps": 0.15,
        "epsdiluted": 0.15,
        "weightedAverageShsOut": 27333333,
        "weightedAverageShsOutDil": 27333333,
        "link": "https://www.sec.gov/Archives/edgar/data/18498/000095014497010122/0000950144-97-010122-index.html",
        "finalLink": "https://www.sec.gov/Archives/edgar/data/18498/"
    },
    {
        "date": "1997-05-03",
        "symbol": "GCO",
        "reportedCurrency": "USD",
        "cik": "0000018498",
        "fillingDate": "1997-06-17",
        "acceptedDate": "1997-06-17 00:00:00",
        "calendarYear": "1998",
        "period": "Q1",
        "revenue": 114200000,
        "costOfRevenue": 64200000,
        "grossProfit": 50000000,
        "grossProfitRatio": 0.4378283713,
        "researchAndDevelopmentExpenses": 0,
        "generalAndAdministrativeExpenses": 0,
        "sellingAndMarketingExpenses": 0,
        "sellingGeneralAndAdministrativeExpenses": 43400000,
        "otherExpenses": 2200000,
        "operatingExpenses": 45600000,
        "costAndExpenses": 109800000,
        "interestIncome": 0,
        "interestExpense": 0,
        "depreciationAndAmortization": 2200000,
        "ebitda": 6600000,
        "ebitdaratio": 0.057793345,
        "operatingIncome": 4400000,
        "operatingIncomeRatio": 0.0385288967,
        "totalOtherIncomeExpensesNet": 300000,
        "incomeBeforeTax": 4700000,
        "incomeBeforeTaxRatio": 0.0411558669,
        "incomeTaxExpense": 2200000,
        "netIncome": 2200000,
        "netIncomeRatio": 0.0192644483,
        "eps": 0.08,
        "epsdiluted": 0.08,
        "weightedAverageShsOut": 27500000,
        "weightedAverageShsOutDil": 27500000,
        "link": "https://www.sec.gov/Archives/edgar/data/18498/000095014497007041/0000950144-97-007041-index.html",
        "finalLink": "https://www.sec.gov/Archives/edgar/data/18498/"
    },
    {
        "date": "1997-01-31",
        "symbol": "GCO",
        "reportedCurrency": "USD",
        "cik": "0000018498",
        "fillingDate": "1997-05-02",
        "acceptedDate": "1997-05-02 00:00:00",
        "calendarYear": "1997",
        "period": "Q4",
        "revenue": 134000000,
        "costOfRevenue": 77500000,
        "grossProfit": 56500000,
        "grossProfitRatio": 0.421641791,
        "researchAndDevelopmentExpenses": 0,
        "generalAndAdministrativeExpenses": 0,
        "sellingAndMarketingExpenses": 0,
        "sellingGeneralAndAdministrativeExpenses": 44200000,
        "otherExpenses": 2000000,
        "operatingExpenses": 46200000,
        "costAndExpenses": 123700000,
        "interestIncome": 0,
        "interestExpense": 0,
        "depreciationAndAmortization": 2000000,
        "ebitda": 12300000,
        "ebitdaratio": 0.0917910448,
        "operatingIncome": 10300000,
        "operatingIncomeRatio": 0.0768656716,
        "totalOtherIncomeExpensesNet": -2200000,
        "incomeBeforeTax": 8100000,
        "incomeBeforeTaxRatio": 0.0604477612,
        "incomeTaxExpense": -100000,
        "netIncome": 8200000,
        "netIncomeRatio": 0.0611940299,
        "eps": 0.0577,
        "epsdiluted": 0.0577,
        "weightedAverageShsOut": 25177700,
        "weightedAverageShsOutDil": 26000000,
        "link": "https://www.sec.gov/Archives/edgar/data/18498/000095014497005030/0000950144-97-005030-index.html",
        "finalLink": "https://www.sec.gov/Archives/edgar/data/18498/"
    },
    {
        "date": "1996-10-31",
        "symbol": "GCO",
        "reportedCurrency": "USD",
        "cik": "0000018498",
        "fillingDate": "1996-12-16",
        "acceptedDate": "1996-12-16 00:00:00",
        "calendarYear": "1997",
        "period": "Q3",
        "revenue": 124100000,
        "costOfRevenue": 71000000,
        "grossProfit": 53100000,
        "grossProfitRatio": 0.4278807413,
        "researchAndDevelopmentExpenses": 0,
        "generalAndAdministrativeExpenses": 0,
        "sellingAndMarketingExpenses": 0,
        "sellingGeneralAndAdministrativeExpenses": 41100000,
        "otherExpenses": 1900000,
        "operatingExpenses": 43000000,
        "costAndExpenses": 114000000,
        "interestIncome": 0,
        "interestExpense": 0,
        "depreciationAndAmortization": 1900000,
        "ebitda": 12000000,
        "ebitdaratio": 0.0966962127,
        "operatingIncome": 10100000,
        "operatingIncomeRatio": 0.081385979,
        "totalOtherIncomeExpensesNet": -4100000,
        "incomeBeforeTax": 6000000,
        "incomeBeforeTaxRatio": 0.0483481064,
        "incomeTaxExpense": 100000,
        "netIncome": 5900000,
        "netIncomeRatio": 0.0475423046,
        "eps": 0.23,
        "epsdiluted": 0.23,
        "weightedAverageShsOut": 25652174,
        "weightedAverageShsOutDil": 25652174,
        "link": "https://www.sec.gov/Archives/edgar/data/18498/000095014496009102/0000950144-96-009102-index.html",
        "finalLink": "https://www.sec.gov/Archives/edgar/data/18498/"
    },
    {
        "date": "1996-07-31",
        "symbol": "GCO",
        "reportedCurrency": "USD",
        "cik": "0000018498",
        "fillingDate": "1996-09-16",
        "acceptedDate": "1996-09-16 00:00:00",
        "calendarYear": "1997",
        "period": "Q2",
        "revenue": 103000000,
        "costOfRevenue": 60200000,
        "grossProfit": 42800000,
        "grossProfitRatio": 0.4155339806,
        "researchAndDevelopmentExpenses": 0,
        "generalAndAdministrativeExpenses": 0,
        "sellingAndMarketingExpenses": 0,
        "sellingGeneralAndAdministrativeExpenses": 36400000,
        "otherExpenses": 1900000,
        "operatingExpenses": 38300000,
        "costAndExpenses": 98500000,
        "interestIncome": 0,
        "interestExpense": 0,
        "depreciationAndAmortization": 2000000,
        "ebitda": 6500000,
        "ebitdaratio": 0.0631067961,
        "operatingIncome": 4500000,
        "operatingIncomeRatio": 0.0436893204,
        "totalOtherIncomeExpensesNet": 200000,
        "incomeBeforeTax": 4700000,
        "incomeBeforeTaxRatio": 0.045631068,
        "incomeTaxExpense": 2400000,
        "netIncome": 2100000,
        "netIncomeRatio": 0.0203883495,
        "eps": 0.08,
        "epsdiluted": 0.08,
        "weightedAverageShsOut": 25000000,
        "weightedAverageShsOutDil": 25000000,
        "link": "https://www.sec.gov/Archives/edgar/data/18498/000095014496006365/0000950144-96-006365-index.html",
        "finalLink": "https://www.sec.gov/Archives/edgar/data/18498/"
    },
    {
        "date": "1996-04-30",
        "symbol": "GCO",
        "reportedCurrency": "USD",
        "cik": "0000018498",
        "fillingDate": "1996-06-14",
        "acceptedDate": "1996-06-14 00:00:00",
        "calendarYear": "1997",
        "period": "Q1",
        "revenue": 100200000,
        "costOfRevenue": 57800000,
        "grossProfit": 42400000,
        "grossProfitRatio": 0.4231536926,
        "researchAndDevelopmentExpenses": 0,
        "generalAndAdministrativeExpenses": 0,
        "sellingAndMarketingExpenses": 0,
        "sellingGeneralAndAdministrativeExpenses": 37800000,
        "otherExpenses": 1800000,
        "operatingExpenses": 39600000,
        "costAndExpenses": 97400000,
        "interestIncome": 0,
        "interestExpense": 0,
        "depreciationAndAmortization": 1800000,
        "ebitda": 4600000,
        "ebitdaratio": 0.0459081836,
        "operatingIncome": 2800000,
        "operatingIncomeRatio": 0.0279441118,
        "totalOtherIncomeExpensesNet": -2300000,
        "incomeBeforeTax": 500000,
        "incomeBeforeTaxRatio": 0.00499002,
        "incomeTaxExpense": -500000,
        "netIncome": 1000000,
        "netIncomeRatio": 0.0099800399,
        "eps": 0.04,
        "epsdiluted": 0.04,
        "weightedAverageShsOut": 25000000,
        "weightedAverageShsOutDil": 25000000,
        "link": "https://www.sec.gov/Archives/edgar/data/18498/000095014496003450/0000950144-96-003450-index.html",
        "finalLink": "https://www.sec.gov/Archives/edgar/data/18498/"
    },
    {
        "date": "1996-01-31",
        "symbol": "GCO",
        "reportedCurrency": "USD",
        "cik": "0000018498",
        "fillingDate": "1996-04-30",
        "acceptedDate": "1996-04-30 00:00:00",
        "calendarYear": "1996",
        "period": "Q4",
        "revenue": 119800000,
        "costOfRevenue": 68300000,
        "grossProfit": 51500000,
        "grossProfitRatio": 0.4298831386,
        "researchAndDevelopmentExpenses": 0,
        "generalAndAdministrativeExpenses": 0,
        "sellingAndMarketingExpenses": 0,
        "sellingGeneralAndAdministrativeExpenses": 41000000,
        "otherExpenses": 1900000,
        "operatingExpenses": 42900000,
        "costAndExpenses": 111200000,
        "interestIncome": 0,
        "interestExpense": 0,
        "depreciationAndAmortization": 1900000,
        "ebitda": 10500000,
        "ebitdaratio": 0.0876460768,
        "operatingIncome": 8600000,
        "operatingIncomeRatio": 0.0717863105,
        "totalOtherIncomeExpensesNet": 300000,
        "incomeBeforeTax": 8900000,
        "incomeBeforeTaxRatio": 0.0742904841,
        "incomeTaxExpense": 2600000,
        "netIncome": 6000000,
        "netIncomeRatio": 0.0500834725,
        "eps": 0.24,
        "epsdiluted": 0.24,
        "weightedAverageShsOut": 24125000,
        "weightedAverageShsOutDil": 24705882,
        "link": "https://www.sec.gov/Archives/edgar/data/18498/000095014496001826/0000950144-96-001826-index.html",
        "finalLink": "https://www.sec.gov/Archives/edgar/data/18498/"
    },
    {
        "date": "1995-10-31",
        "symbol": "GCO",
        "reportedCurrency": "USD",
        "cik": "0000018498",
        "fillingDate": "1995-12-15",
        "acceptedDate": "1995-12-15 00:00:00",
        "calendarYear": "1996",
        "period": "Q3",
        "revenue": 112000000,
        "costOfRevenue": 64800000,
        "grossProfit": 47200000,
        "grossProfitRatio": 0.4214285714,
        "researchAndDevelopmentExpenses": 0,
        "generalAndAdministrativeExpenses": 0,
        "sellingAndMarketingExpenses": 0,
        "sellingGeneralAndAdministrativeExpenses": 39400000,
        "otherExpenses": 1900000,
        "operatingExpenses": 41300000,
        "costAndExpenses": 106100000,
        "interestIncome": 0,
        "interestExpense": 0,
        "depreciationAndAmortization": 1900000,
        "ebitda": 7800000,
        "ebitdaratio": 0.0696428571,
        "operatingIncome": 5900000,
        "operatingIncomeRatio": 0.0526785714,
        "totalOtherIncomeExpensesNet": 1000000,
        "incomeBeforeTax": 6900000,
        "incomeBeforeTaxRatio": 0.0616071429,
        "incomeTaxExpense": 1700000,
        "netIncome": 4200000,
        "netIncomeRatio": 0.0375,
        "eps": 0.17,
        "epsdiluted": 0.17,
        "weightedAverageShsOut": 24705882,
        "weightedAverageShsOutDil": 24705882,
        "link": "https://www.sec.gov/Archives/edgar/data/18498/000095014495003520/0000950144-95-003520-index.html",
        "finalLink": "https://www.sec.gov/Archives/edgar/data/18498/"
    },
    {
        "date": "1995-07-31",
        "symbol": "GCO",
        "reportedCurrency": "USD",
        "cik": "0000018498",
        "fillingDate": "1995-09-14",
        "acceptedDate": "1995-09-14 00:00:00",
        "calendarYear": "1996",
        "period": "Q2",
        "revenue": 109600000,
        "costOfRevenue": 65300000,
        "grossProfit": 44300000,
        "grossProfitRatio": 0.4041970803,
        "researchAndDevelopmentExpenses": 0,
        "generalAndAdministrativeExpenses": 0,
        "sellingAndMarketingExpenses": 0,
        "sellingGeneralAndAdministrativeExpenses": 37800000,
        "otherExpenses": 1800000,
        "operatingExpenses": 39600000,
        "costAndExpenses": 104900000,
        "interestIncome": 0,
        "interestExpense": 0,
        "depreciationAndAmortization": 1800000,
        "ebitda": 6500000,
        "ebitdaratio": 0.0593065693,
        "operatingIncome": 4700000,
        "operatingIncomeRatio": 0.0428832117,
        "totalOtherIncomeExpensesNet": -3300000,
        "incomeBeforeTax": 1400000,
        "incomeBeforeTaxRatio": 0.0127737226,
        "incomeTaxExpense": 4100000,
        "netIncome": 600000,
        "netIncomeRatio": 0.0054744526,
        "eps": 0.02,
        "epsdiluted": 0.02,
        "weightedAverageShsOut": 30000000,
        "weightedAverageShsOutDil": 30000000,
        "link": "https://www.sec.gov/Archives/edgar/data/18498/000095014495002595/0000950144-95-002595-index.html",
        "finalLink": "https://www.sec.gov/Archives/edgar/data/18498/"
    },
    {
        "date": "1995-04-30",
        "symbol": "GCO",
        "reportedCurrency": "USD",
        "cik": "0000018498",
        "fillingDate": "1995-06-14",
        "acceptedDate": "1995-06-14 00:00:00",
        "calendarYear": "1996",
        "period": "Q1",
        "revenue": 93200000,
        "costOfRevenue": 55900000,
        "grossProfit": 37300000,
        "grossProfitRatio": 0.4002145923,
        "researchAndDevelopmentExpenses": 0,
        "generalAndAdministrativeExpenses": 0,
        "sellingAndMarketingExpenses": 0,
        "sellingGeneralAndAdministrativeExpenses": 36400000,
        "otherExpenses": 1800000,
        "operatingExpenses": 38200000,
        "costAndExpenses": 94100000,
        "interestIncome": 0,
        "interestExpense": 0,
        "depreciationAndAmortization": 1800000,
        "ebitda": 900000,
        "ebitdaratio": 0.0096566524,
        "operatingIncome": -900000,
        "operatingIncomeRatio": -0.0096566524,
        "totalOtherIncomeExpensesNet": -10300000,
        "incomeBeforeTax": -11200000,
        "incomeBeforeTaxRatio": -0.1201716738,
        "incomeTaxExpense": -300000,
        "netIncome": -600000,
        "netIncomeRatio": -0.0064377682,
        "eps": -0.03,
        "epsdiluted": -0.03,
        "weightedAverageShsOut": 20000000,
        "weightedAverageShsOutDil": 20000000,
        "link": "https://www.sec.gov/Archives/edgar/data/18498/000095014495001697/0000950144-95-001697-index.html",
        "finalLink": "https://www.sec.gov/Archives/edgar/data/18498/"
    },
    {
        "date": "1995-01-31",
        "symbol": "GCO",
        "reportedCurrency": "USD",
        "cik": "0000018498",
        "fillingDate": "1995-05-01",
        "acceptedDate": "1995-05-01 00:00:00",
        "calendarYear": "1995",
        "period": "Q4",
        "revenue": 125300000,
        "costOfRevenue": 78000000,
        "grossProfit": 47300000,
        "grossProfitRatio": 0.3774940144,
        "researchAndDevelopmentExpenses": 0,
        "generalAndAdministrativeExpenses": 0,
        "sellingAndMarketingExpenses": 0,
        "sellingGeneralAndAdministrativeExpenses": 42400000,
        "otherExpenses": 1900000,
        "operatingExpenses": 44300000,
        "costAndExpenses": 122300000,
        "interestIncome": 0,
        "interestExpense": 0,
        "depreciationAndAmortization": 1900000,
        "ebitda": 4900000,
        "ebitdaratio": 0.0391061453,
        "operatingIncome": 3000000,
        "operatingIncomeRatio": 0.0239425379,
        "totalOtherIncomeExpensesNet": 1800000,
        "incomeBeforeTax": 4800000,
        "incomeBeforeTaxRatio": 0.0383080607,
        "incomeTaxExpense": 100000,
        "netIncome": 15100000,
        "netIncomeRatio": 0.1205107741,
        "eps": 0.62,
        "epsdiluted": 0.62,
        "weightedAverageShsOut": 24184443,
        "weightedAverageShsOutDil": 24334204,
        "link": "https://www.sec.gov/Archives/edgar/data/18498/000095014495001146/0000950144-95-001146-index.html",
        "finalLink": "https://www.sec.gov/Archives/edgar/data/18498/"
    },
    {
        "date": "1994-10-31",
        "symbol": "GCO",
        "reportedCurrency": "USD",
        "cik": "0000018498",
        "fillingDate": "1994-12-15",
        "acceptedDate": "1994-12-15 00:00:00",
        "calendarYear": "1995",
        "period": "Q3",
        "revenue": 123200000,
        "costOfRevenue": 74300000,
        "grossProfit": 48900000,
        "grossProfitRatio": 0.3969155844,
        "researchAndDevelopmentExpenses": 0,
        "generalAndAdministrativeExpenses": 0,
        "sellingAndMarketingExpenses": 0,
        "sellingGeneralAndAdministrativeExpenses": 43500000,
        "otherExpenses": 2500000,
        "operatingExpenses": 46000000,
        "costAndExpenses": 120300000,
        "interestIncome": 0,
        "interestExpense": 0,
        "depreciationAndAmortization": 2500000,
        "ebitda": 5400000,
        "ebitdaratio": 0.0438311688,
        "operatingIncome": 2900000,
        "operatingIncomeRatio": 0.023538961,
        "totalOtherIncomeExpensesNet": -25700000,
        "incomeBeforeTax": -22800000,
        "incomeBeforeTaxRatio": -0.1850649351,
        "incomeTaxExpense": 200000,
        "netIncome": -93200000,
        "netIncomeRatio": -0.7564935065,
        "eps": -3.83,
        "epsdiluted": -3.83,
        "weightedAverageShsOut": 24334204,
        "weightedAverageShsOutDil": 24334204,
        "link": "https://www.sec.gov/Archives/edgar/data/18498/000095014494002135/0000950144-94-002135-index.html",
        "finalLink": "https://www.sec.gov/Archives/edgar/data/18498/"
    },
    {
        "date": "1994-07-31",
        "symbol": "GCO",
        "reportedCurrency": "USD",
        "cik": "0000018498",
        "fillingDate": "1994-09-14",
        "acceptedDate": "1994-09-14 00:00:00",
        "calendarYear": "1995",
        "period": "Q2",
        "revenue": 141000000,
        "costOfRevenue": 94500000,
        "grossProfit": 46500000,
        "grossProfitRatio": 0.329787234,
        "researchAndDevelopmentExpenses": 0,
        "generalAndAdministrativeExpenses": 0,
        "sellingAndMarketingExpenses": 0,
        "sellingGeneralAndAdministrativeExpenses": 45900000,
        "otherExpenses": 2500000,
        "operatingExpenses": 48400000,
        "costAndExpenses": 142900000,
        "interestIncome": 0,
        "interestExpense": 0,
        "depreciationAndAmortization": 2400000,
        "ebitda": 600000,
        "ebitdaratio": 0.0042553191,
        "operatingIncome": -1900000,
        "operatingIncomeRatio": -0.0134751773,
        "totalOtherIncomeExpensesNet": 1800000,
        "incomeBeforeTax": -100000,
        "incomeBeforeTaxRatio": -0.0007092199,
        "incomeTaxExpense": 400000,
        "netIncome": -500000,
        "netIncomeRatio": -0.0035460993,
        "eps": -0.02,
        "epsdiluted": -0.02,
        "weightedAverageShsOut": 25000000,
        "weightedAverageShsOutDil": 25000000,
        "link": "https://www.sec.gov/Archives/edgar/data/18498/000095014494001651/0000950144-94-001651-index.html",
        "finalLink": "https://www.sec.gov/Archives/edgar/data/18498/"
    },
    {
        "date": "1994-04-30",
        "symbol": "GCO",
        "reportedCurrency": "USD",
        "cik": "0000018498",
        "fillingDate": "1994-06-14",
        "acceptedDate": "1994-06-14 00:00:00",
        "calendarYear": "1995",
        "period": "Q1",
        "revenue": 130600000,
        "costOfRevenue": 84800000,
        "grossProfit": 45800000,
        "grossProfitRatio": 0.3506891271,
        "researchAndDevelopmentExpenses": 0,
        "generalAndAdministrativeExpenses": 0,
        "sellingAndMarketingExpenses": 0,
        "sellingGeneralAndAdministrativeExpenses": 43400000,
        "otherExpenses": 2500000,
        "operatingExpenses": 45900000,
        "costAndExpenses": 130700000,
        "interestIncome": 0,
        "interestExpense": 0,
        "depreciationAndAmortization": 2500000,
        "ebitda": 2400000,
        "ebitdaratio": 0.0183767228,
        "operatingIncome": -100000,
        "operatingIncomeRatio": -0.0007656968,
        "totalOtherIncomeExpensesNet": -2500000,
        "incomeBeforeTax": -2600000,
        "incomeBeforeTaxRatio": -0.0199081164,
        "incomeTaxExpense": 100000,
        "netIncome": -2700000,
        "netIncomeRatio": -0.0206738132,
        "eps": -0.11,
        "epsdiluted": -0.11,
        "weightedAverageShsOut": 24545455,
        "weightedAverageShsOutDil": 24545455,
        "link": "https://www.sec.gov/Archives/edgar/data/18498/000095014494001203/0000950144-94-001203-index.html",
        "finalLink": "https://www.sec.gov/Archives/edgar/data/18498/"
    },
    {
        "date": "1994-01-31",
        "symbol": "GCO",
        "reportedCurrency": "USD",
        "cik": "0000018498",
        "fillingDate": "1994-05-02",
        "acceptedDate": "1994-05-02 00:00:00",
        "calendarYear": "1994",
        "period": "Q4",
        "revenue": 144400000,
        "costOfRevenue": 101500000,
        "grossProfit": 42900000,
        "grossProfitRatio": 0.2970914127,
        "researchAndDevelopmentExpenses": 0,
        "generalAndAdministrativeExpenses": 0,
        "sellingAndMarketingExpenses": 0,
        "sellingGeneralAndAdministrativeExpenses": 85700000,
        "otherExpenses": 2900000,
        "operatingExpenses": 88600000,
        "costAndExpenses": 190100000,
        "interestIncome": 0,
        "interestExpense": 0,
        "depreciationAndAmortization": 2900000,
        "ebitda": -42800000,
        "ebitdaratio": -0.296398892,
        "operatingIncome": -45700000,
        "operatingIncomeRatio": -0.3164819945,
        "totalOtherIncomeExpensesNet": -100000,
        "incomeBeforeTax": -45800000,
        "incomeBeforeTaxRatio": -0.3171745152,
        "incomeTaxExpense": 2600000,
        "netIncome": -48300000,
        "netIncomeRatio": -0.3344875346,
        "eps": -2.03,
        "epsdiluted": -2.03,
        "weightedAverageShsOut": 23846154,
        "weightedAverageShsOutDil": 23846154,
        "link": "https://www.sec.gov/Archives/edgar/data/18498/000095014494000941/0000950144-94-000941-index.html",
        "finalLink": "https://www.sec.gov/Archives/edgar/data/18498/"
    },
    {
        "date": "1993-10-31",
        "symbol": "GCO",
        "reportedCurrency": "USD",
        "cik": "0000018498",
        "fillingDate": "1993-10-31",
        "acceptedDate": "1993-10-30 20:00:00",
        "calendarYear": "1994",
        "period": "Q3",
        "revenue": 154100000,
        "costOfRevenue": 99100000,
        "grossProfit": 55000000,
        "grossProfitRatio": 0.3569110967,
        "researchAndDevelopmentExpenses": 0,
        "generalAndAdministrativeExpenses": 0,
        "sellingAndMarketingExpenses": 0,
        "sellingGeneralAndAdministrativeExpenses": 51600000,
        "otherExpenses": 2800000,
        "operatingExpenses": 54400000,
        "costAndExpenses": 153500000,
        "interestIncome": 0,
        "interestExpense": 0,
        "depreciationAndAmortization": 2700000,
        "ebitda": 3400000,
        "ebitdaratio": 0.0220635951,
        "operatingIncome": 600000,
        "operatingIncomeRatio": 0.0038935756,
        "totalOtherIncomeExpensesNet": -3600000,
        "incomeBeforeTax": -3000000,
        "incomeBeforeTaxRatio": -0.019467878,
        "incomeTaxExpense": 100000,
        "netIncome": -3100000,
        "netIncomeRatio": -0.0201168073,
        "eps": -0.13,
        "epsdiluted": -0.13,
        "weightedAverageShsOut": 23846154,
        "weightedAverageShsOutDil": 23846154,
        "link": "",
        "finalLink": ""
    },
    {
        "date": "1993-07-31",
        "symbol": "GCO",
        "reportedCurrency": "USD",
        "cik": "0000018498",
        "fillingDate": "1993-07-31",
        "acceptedDate": "1993-07-30 20:00:00",
        "calendarYear": "1994",
        "period": "Q2",
        "revenue": 146100000,
        "costOfRevenue": 91500000,
        "grossProfit": 54600000,
        "grossProfitRatio": 0.3737166324,
        "researchAndDevelopmentExpenses": 0,
        "generalAndAdministrativeExpenses": 0,
        "sellingAndMarketingExpenses": 0,
        "sellingGeneralAndAdministrativeExpenses": 49300000,
        "otherExpenses": 2600000,
        "operatingExpenses": 51900000,
        "costAndExpenses": 143400000,
        "interestIncome": 0,
        "interestExpense": 0,
        "depreciationAndAmortization": 2600000,
        "ebitda": 5300000,
        "ebitdaratio": 0.0362765229,
        "operatingIncome": 2700000,
        "operatingIncomeRatio": 0.0184804928,
        "totalOtherIncomeExpensesNet": -1900000,
        "incomeBeforeTax": 800000,
        "incomeBeforeTaxRatio": 0.0054757016,
        "incomeTaxExpense": 300000,
        "netIncome": 300000,
        "netIncomeRatio": 0.0020533881,
        "eps": 0.01,
        "epsdiluted": 0.01,
        "weightedAverageShsOut": 30000000,
        "weightedAverageShsOutDil": 30000000,
        "link": "",
        "finalLink": ""
    },
    {
        "date": "1993-04-30",
        "symbol": "GCO",
        "reportedCurrency": "USD",
        "cik": "0000018498",
        "fillingDate": "1993-04-30",
        "acceptedDate": "1993-04-29 20:00:00",
        "calendarYear": "1994",
        "period": "Q1",
        "revenue": 128400000,
        "costOfRevenue": 79200000,
        "grossProfit": 49200000,
        "grossProfitRatio": 0.3831775701,
        "researchAndDevelopmentExpenses": 0,
        "generalAndAdministrativeExpenses": 0,
        "sellingAndMarketingExpenses": 0,
        "sellingGeneralAndAdministrativeExpenses": 45000000,
        "otherExpenses": 2500000,
        "operatingExpenses": 47500000,
        "costAndExpenses": 126700000,
        "interestIncome": 0,
        "interestExpense": 0,
        "depreciationAndAmortization": 2500000,
        "ebitda": 4200000,
        "ebitdaratio": 0.0327102804,
        "operatingIncome": 1700000,
        "operatingIncomeRatio": 0.0132398754,
        "totalOtherIncomeExpensesNet": -2300000,
        "incomeBeforeTax": -600000,
        "incomeBeforeTaxRatio": -0.0046728972,
        "incomeTaxExpense": 100000,
        "netIncome": -3000000,
        "netIncomeRatio": -0.023364486,
        "eps": -0.13,
        "epsdiluted": -0.13,
        "weightedAverageShsOut": 23846154,
        "weightedAverageShsOutDil": 23846154,
        "link": "",
        "finalLink": ""
    },
    {
        "date": "1993-01-31",
        "symbol": "GCO",
        "reportedCurrency": "USD",
        "cik": "0000018498",
        "fillingDate": "1993-01-31",
        "acceptedDate": "1993-01-30 19:00:00",
        "calendarYear": "1993",
        "period": "Q4",
        "revenue": 150900000,
        "costOfRevenue": 90300000,
        "grossProfit": 60600000,
        "grossProfitRatio": 0.4015904573,
        "researchAndDevelopmentExpenses": 0,
        "generalAndAdministrativeExpenses": 0,
        "sellingAndMarketingExpenses": 0,
        "sellingGeneralAndAdministrativeExpenses": 50500000,
        "otherExpenses": 2300000,
        "operatingExpenses": 52800000,
        "costAndExpenses": 143100000,
        "interestIncome": 0,
        "interestExpense": 0,
        "depreciationAndAmortization": 2300000,
        "ebitda": 10100000,
        "ebitdaratio": 0.0669317429,
        "operatingIncome": 7800000,
        "operatingIncomeRatio": 0.0516898608,
        "totalOtherIncomeExpensesNet": -2100000,
        "incomeBeforeTax": 5700000,
        "incomeBeforeTaxRatio": 0.0377733598,
        "incomeTaxExpense": 1500000,
        "netIncome": 3600000,
        "netIncomeRatio": 0.0238568588,
        "eps": 0.16,
        "epsdiluted": 0.16,
        "weightedAverageShsOut": 22857143,
        "weightedAverageShsOutDil": 22857143,
        "link": "",
        "finalLink": ""
    },
    {
        "date": "1992-10-31",
        "symbol": "GCO",
        "reportedCurrency": "USD",
        "cik": "0000018498",
        "fillingDate": "1992-10-31",
        "acceptedDate": "1992-10-30 19:00:00",
        "calendarYear": "1993",
        "period": "Q3",
        "revenue": 146100000,
        "costOfRevenue": 88300000,
        "grossProfit": 57800000,
        "grossProfitRatio": 0.3956194387,
        "researchAndDevelopmentExpenses": 0,
        "generalAndAdministrativeExpenses": 0,
        "sellingAndMarketingExpenses": 0,
        "sellingGeneralAndAdministrativeExpenses": 46300000,
        "otherExpenses": 2300000,
        "operatingExpenses": 48600000,
        "costAndExpenses": 136900000,
        "interestIncome": 0,
        "interestExpense": 0,
        "depreciationAndAmortization": 2300000,
        "ebitda": 11500000,
        "ebitdaratio": 0.0787132101,
        "operatingIncome": 9200000,
        "operatingIncomeRatio": 0.0629705681,
        "totalOtherIncomeExpensesNet": -2300000,
        "incomeBeforeTax": 6900000,
        "incomeBeforeTaxRatio": 0.0472279261,
        "incomeTaxExpense": 2000000,
        "netIncome": 4900000,
        "netIncomeRatio": 0.0335386721,
        "eps": 0.21,
        "epsdiluted": 0.21,
        "weightedAverageShsOut": 22857143,
        "weightedAverageShsOutDil": 22857143,
        "link": "",
        "finalLink": ""
    },
    {
        "date": "1992-07-31",
        "symbol": "GCO",
        "reportedCurrency": "USD",
        "cik": "0000018498",
        "fillingDate": "1992-07-31",
        "acceptedDate": "1992-07-30 20:00:00",
        "calendarYear": "1993",
        "period": "Q2",
        "revenue": 130000000,
        "costOfRevenue": 79400000,
        "grossProfit": 50600000,
        "grossProfitRatio": 0.3892307692,
        "researchAndDevelopmentExpenses": 0,
        "generalAndAdministrativeExpenses": 0,
        "sellingAndMarketingExpenses": 0,
        "sellingGeneralAndAdministrativeExpenses": 44400000,
        "otherExpenses": 2400000,
        "operatingExpenses": 46800000,
        "costAndExpenses": 126200000,
        "interestIncome": 0,
        "interestExpense": 0,
        "depreciationAndAmortization": 2300000,
        "ebitda": 6200000,
        "ebitdaratio": 0.0476923077,
        "operatingIncome": 3800000,
        "operatingIncomeRatio": 0.0292307692,
        "totalOtherIncomeExpensesNet": -1700000,
        "incomeBeforeTax": 2100000,
        "incomeBeforeTaxRatio": 0.0161538462,
        "incomeTaxExpense": 500000,
        "netIncome": 1600000,
        "netIncomeRatio": 0.0123076923,
        "eps": 0.07,
        "epsdiluted": 0.07,
        "weightedAverageShsOut": 22857143,
        "weightedAverageShsOutDil": 22857143,
        "link": "",
        "finalLink": ""
    },
    {
        "date": "1992-04-30",
        "symbol": "GCO",
        "reportedCurrency": "USD",
        "cik": "0000018498",
        "fillingDate": "1992-04-30",
        "acceptedDate": "1992-04-29 20:00:00",
        "calendarYear": "1993",
        "period": "Q1",
        "revenue": 112900000,
        "costOfRevenue": 69000000,
        "grossProfit": 43900000,
        "grossProfitRatio": 0.3888396811,
        "researchAndDevelopmentExpenses": 0,
        "generalAndAdministrativeExpenses": 0,
        "sellingAndMarketingExpenses": 0,
        "sellingGeneralAndAdministrativeExpenses": 41100000,
        "otherExpenses": 2400000,
        "operatingExpenses": 43500000,
        "costAndExpenses": 112500000,
        "interestIncome": 0,
        "interestExpense": 0,
        "depreciationAndAmortization": 2400000,
        "ebitda": 2800000,
        "ebitdaratio": 0.0248007086,
        "operatingIncome": 400000,
        "operatingIncomeRatio": 0.0035429584,
        "totalOtherIncomeExpensesNet": -400000,
        "incomeBeforeTax": 0,
        "incomeBeforeTaxRatio": 0,
        "incomeTaxExpense": 1300000,
        "netIncome": -900000,
        "netIncomeRatio": -0.0079716563,
        "eps": -0.04,
        "epsdiluted": -0.04,
        "weightedAverageShsOut": 22500000,
        "weightedAverageShsOutDil": 22500000,
        "link": "",
        "finalLink": ""
    },
    {
        "date": "1992-01-31",
        "symbol": "GCO",
        "reportedCurrency": "USD",
        "cik": "0000018498",
        "fillingDate": "1992-01-31",
        "acceptedDate": "1992-01-30 19:00:00",
        "calendarYear": "1992",
        "period": "Q4",
        "revenue": 125400000,
        "costOfRevenue": 76600000,
        "grossProfit": 48800000,
        "grossProfitRatio": 0.3891547049,
        "researchAndDevelopmentExpenses": 0,
        "generalAndAdministrativeExpenses": 0,
        "sellingAndMarketingExpenses": 0,
        "sellingGeneralAndAdministrativeExpenses": 43600000,
        "otherExpenses": 2400000,
        "operatingExpenses": 46000000,
        "costAndExpenses": 122600000,
        "interestIncome": 0,
        "interestExpense": 0,
        "depreciationAndAmortization": 2400000,
        "ebitda": 5200000,
        "ebitdaratio": 0.0414673046,
        "operatingIncome": 2800000,
        "operatingIncomeRatio": 0.0223285486,
        "totalOtherIncomeExpensesNet": -200000,
        "incomeBeforeTax": 2600000,
        "incomeBeforeTaxRatio": 0.0207336523,
        "incomeTaxExpense": 1300000,
        "netIncome": 1500000,
        "netIncomeRatio": 0.0119617225,
        "eps": 0.06,
        "epsdiluted": 0.06,
        "weightedAverageShsOut": 25000000,
        "weightedAverageShsOutDil": 25000000,
        "link": "",
        "finalLink": ""
    },
    {
        "date": "1991-10-31",
        "symbol": "GCO",
        "reportedCurrency": "USD",
        "cik": "0000018498",
        "fillingDate": "1991-10-31",
        "acceptedDate": "1991-10-30 19:00:00",
        "calendarYear": "1992",
        "period": "Q3",
        "revenue": 122100000,
        "costOfRevenue": 75500000,
        "grossProfit": 46600000,
        "grossProfitRatio": 0.3816543817,
        "researchAndDevelopmentExpenses": 0,
        "generalAndAdministrativeExpenses": 0,
        "sellingAndMarketingExpenses": 0,
        "sellingGeneralAndAdministrativeExpenses": 41500000,
        "otherExpenses": 2200000,
        "operatingExpenses": 43700000,
        "costAndExpenses": 119200000,
        "interestIncome": 0,
        "interestExpense": 0,
        "depreciationAndAmortization": 2200000,
        "ebitda": 5100000,
        "ebitdaratio": 0.0417690418,
        "operatingIncome": 2900000,
        "operatingIncomeRatio": 0.0237510238,
        "totalOtherIncomeExpensesNet": -100000,
        "incomeBeforeTax": 2800000,
        "incomeBeforeTaxRatio": 0.0229320229,
        "incomeTaxExpense": 1400000,
        "netIncome": 1500000,
        "netIncomeRatio": 0.0122850123,
        "eps": 0.06,
        "epsdiluted": 0.06,
        "weightedAverageShsOut": 25000000,
        "weightedAverageShsOutDil": 25000000,
        "link": "",
        "finalLink": ""
    },
    {
        "date": "1991-07-31",
        "symbol": "GCO",
        "reportedCurrency": "USD",
        "cik": "0000018498",
        "fillingDate": "1991-07-31",
        "acceptedDate": "1991-07-30 20:00:00",
        "calendarYear": "1992",
        "period": "Q2",
        "revenue": 118100000,
        "costOfRevenue": 73900000,
        "grossProfit": 44200000,
        "grossProfitRatio": 0.3742591025,
        "researchAndDevelopmentExpenses": 0,
        "generalAndAdministrativeExpenses": 0,
        "sellingAndMarketingExpenses": 0,
        "sellingGeneralAndAdministrativeExpenses": 40900000,
        "otherExpenses": 2300000,
        "operatingExpenses": 43200000,
        "costAndExpenses": 117100000,
        "interestIncome": 0,
        "interestExpense": 0,
        "depreciationAndAmortization": 2300000,
        "ebitda": 3300000,
        "ebitdaratio": 0.0279424217,
        "operatingIncome": 1000000,
        "operatingIncomeRatio": 0.0084674005,
        "totalOtherIncomeExpensesNet": 100000,
        "incomeBeforeTax": 1100000,
        "incomeBeforeTaxRatio": 0.0093141406,
        "incomeTaxExpense": 1200000,
        "netIncome": -200000,
        "netIncomeRatio": -0.0016934801,
        "eps": -0.01,
        "epsdiluted": -0.01,
        "weightedAverageShsOut": 20000000,
        "weightedAverageShsOutDil": 20000000,
        "link": "",
        "finalLink": ""
    },
    {
        "date": "1991-04-30",
        "symbol": "GCO",
        "reportedCurrency": "USD",
        "cik": "0000018498",
        "fillingDate": "1991-04-30",
        "acceptedDate": "1991-04-29 20:00:00",
        "calendarYear": "1992",
        "period": "Q1",
        "revenue": 106200000,
        "costOfRevenue": 0,
        "grossProfit": 106200000,
        "grossProfitRatio": 1,
        "researchAndDevelopmentExpenses": 0,
        "generalAndAdministrativeExpenses": 0,
        "sellingAndMarketingExpenses": 0,
        "sellingGeneralAndAdministrativeExpenses": 0,
        "otherExpenses": 0,
        "operatingExpenses": 0,
        "costAndExpenses": 0,
        "interestIncome": 0,
        "interestExpense": 0,
        "depreciationAndAmortization": 0,
        "ebitda": 106200000,
        "ebitdaratio": 1,
        "operatingIncome": 106200000,
        "operatingIncomeRatio": 1,
        "totalOtherIncomeExpensesNet": -106200000,
        "incomeBeforeTax": 0,
        "incomeBeforeTaxRatio": 0,
        "incomeTaxExpense": 0,
        "netIncome": -2300000,
        "netIncomeRatio": -0.0216572505,
        "eps": -0.11,
        "epsdiluted": -0.11,
        "weightedAverageShsOut": 22661000,
        "weightedAverageShsOutDil": 22661000,
        "link": "",
        "finalLink": ""
    },
    {
        "date": "1991-01-31",
        "symbol": "GCO",
        "reportedCurrency": "USD",
        "cik": "0000018498",
        "fillingDate": "1991-01-31",
        "acceptedDate": "1991-01-30 19:00:00",
        "calendarYear": "1991",
        "period": "Q4",
        "revenue": 130600000,
        "costOfRevenue": 82200000,
        "grossProfit": 48400000,
        "grossProfitRatio": 0.3705972435,
        "researchAndDevelopmentExpenses": 0,
        "generalAndAdministrativeExpenses": 0,
        "sellingAndMarketingExpenses": 0,
        "sellingGeneralAndAdministrativeExpenses": 43900000,
        "otherExpenses": 2300000,
        "operatingExpenses": 46200000,
        "costAndExpenses": 128400000,
        "interestIncome": 0,
        "interestExpense": 0,
        "depreciationAndAmortization": 2300000,
        "ebitda": 4500000,
        "ebitdaratio": 0.0344563553,
        "operatingIncome": 2200000,
        "operatingIncomeRatio": 0.0168453292,
        "totalOtherIncomeExpensesNet": -400000,
        "incomeBeforeTax": 1800000,
        "incomeBeforeTaxRatio": 0.0137825421,
        "incomeTaxExpense": -400000,
        "netIncome": 2200000,
        "netIncomeRatio": 0.0168453292,
        "eps": 0.097,
        "epsdiluted": 0.097,
        "weightedAverageShsOut": 22674000,
        "weightedAverageShsOutDil": 22674000,
        "link": "",
        "finalLink": ""
    },
    {
        "date": "1990-10-31",
        "symbol": "GCO",
        "reportedCurrency": "USD",
        "cik": "0000018498",
        "fillingDate": "1990-10-31",
        "acceptedDate": "1990-10-30 19:00:00",
        "calendarYear": "1991",
        "period": "Q3",
        "revenue": 118600000,
        "costOfRevenue": 74000000,
        "grossProfit": 44600000,
        "grossProfitRatio": 0.3760539629,
        "researchAndDevelopmentExpenses": 0,
        "generalAndAdministrativeExpenses": 0,
        "sellingAndMarketingExpenses": 0,
        "sellingGeneralAndAdministrativeExpenses": 40100000,
        "otherExpenses": 2200000,
        "operatingExpenses": 42300000,
        "costAndExpenses": 116300000,
        "interestIncome": 0,
        "interestExpense": 0,
        "depreciationAndAmortization": 2200000,
        "ebitda": 4500000,
        "ebitdaratio": 0.0379426644,
        "operatingIncome": 2300000,
        "operatingIncomeRatio": 0.0193929174,
        "totalOtherIncomeExpensesNet": -2500000,
        "incomeBeforeTax": -200000,
        "incomeBeforeTaxRatio": -0.0016863406,
        "incomeTaxExpense": 100000,
        "netIncome": -300000,
        "netIncomeRatio": -0.002529511,
        "eps": -0.0132,
        "epsdiluted": -0.0132,
        "weightedAverageShsOut": 22674000,
        "weightedAverageShsOutDil": 22674000,
        "link": "",
        "finalLink": ""
    },
    {
        "date": "1990-07-31",
        "symbol": "GCO",
        "reportedCurrency": "USD",
        "cik": "0000018498",
        "fillingDate": "1990-07-31",
        "acceptedDate": "1990-07-30 20:00:00",
        "calendarYear": "1991",
        "period": "Q2",
        "revenue": 117100000,
        "costOfRevenue": 0,
        "grossProfit": 117100000,
        "grossProfitRatio": 1,
        "researchAndDevelopmentExpenses": 0,
        "generalAndAdministrativeExpenses": 0,
        "sellingAndMarketingExpenses": 0,
        "sellingGeneralAndAdministrativeExpenses": 0,
        "otherExpenses": 0,
        "operatingExpenses": 0,
        "costAndExpenses": 0,
        "interestIncome": 0,
        "interestExpense": 0,
        "depreciationAndAmortization": 0,
        "ebitda": 117100000,
        "ebitdaratio": 1,
        "operatingIncome": 117100000,
        "operatingIncomeRatio": 1,
        "totalOtherIncomeExpensesNet": -117100000,
        "incomeBeforeTax": 0,
        "incomeBeforeTaxRatio": 0,
        "incomeTaxExpense": 0,
        "netIncome": 1000000,
        "netIncomeRatio": 0.0085397096,
        "eps": 0.04,
        "epsdiluted": 0.04,
        "weightedAverageShsOut": 22661000,
        "weightedAverageShsOutDil": 22661000,
        "link": "",
        "finalLink": ""
    },
    {
        "date": "1990-04-30",
        "symbol": "GCO",
        "reportedCurrency": "USD",
        "cik": "0000018498",
        "fillingDate": "1990-04-30",
        "acceptedDate": "1990-04-29 20:00:00",
        "calendarYear": "1991",
        "period": "Q1",
        "revenue": 110000000,
        "costOfRevenue": 0,
        "grossProfit": 110000000,
        "grossProfitRatio": 1,
        "researchAndDevelopmentExpenses": 0,
        "generalAndAdministrativeExpenses": 0,
        "sellingAndMarketingExpenses": 0,
        "sellingGeneralAndAdministrativeExpenses": 0,
        "otherExpenses": 0,
        "operatingExpenses": 0,
        "costAndExpenses": 0,
        "interestIncome": 0,
        "interestExpense": 0,
        "depreciationAndAmortization": 0,
        "ebitda": 110000000,
        "ebitdaratio": 1,
        "operatingIncome": 110000000,
        "operatingIncomeRatio": 1,
        "totalOtherIncomeExpensesNet": -110000000,
        "incomeBeforeTax": 0,
        "incomeBeforeTaxRatio": 0,
        "incomeTaxExpense": 0,
        "netIncome": -1500000,
        "netIncomeRatio": -0.0136363636,
        "eps": -0.07,
        "epsdiluted": -0.07,
        "weightedAverageShsOut": 22618000,
        "weightedAverageShsOutDil": 22618000,
        "link": "",
        "finalLink": ""
    },
    {
        "date": "1990-01-31",
        "symbol": "GCO",
        "reportedCurrency": "USD",
        "cik": "0000018498",
        "fillingDate": "1990-01-31",
        "acceptedDate": "1990-01-30 19:00:00",
        "calendarYear": "1990",
        "period": "Q4",
        "revenue": 139700000,
        "costOfRevenue": 0,
        "grossProfit": 139700000,
        "grossProfitRatio": 1,
        "researchAndDevelopmentExpenses": 0,
        "generalAndAdministrativeExpenses": 0,
        "sellingAndMarketingExpenses": 0,
        "sellingGeneralAndAdministrativeExpenses": 0,
        "otherExpenses": -467200000,
        "operatingExpenses": -467200000,
        "costAndExpenses": -467200000,
        "interestIncome": 0,
        "interestExpense": 0,
        "depreciationAndAmortization": 0,
        "ebitda": -327500000,
        "ebitdaratio": -2.3443092341,
        "operatingIncome": -327500000,
        "operatingIncomeRatio": -2.3443092341,
        "totalOtherIncomeExpensesNet": 327500000,
        "incomeBeforeTax": 0,
        "incomeBeforeTaxRatio": 0,
        "incomeTaxExpense": 0,
        "netIncome": 8000000,
        "netIncomeRatio": 0.0572655691,
        "eps": 0.35,
        "epsdiluted": 0.34,
        "weightedAverageShsOut": 22603000,
        "weightedAverageShsOutDil": 22603000,
        "link": "",
        "finalLink": ""
    },
    {
        "date": "1989-10-31",
        "symbol": "GCO",
        "reportedCurrency": "USD",
        "cik": "0000018498",
        "fillingDate": "1989-10-31",
        "acceptedDate": "1989-10-30 19:00:00",
        "calendarYear": "1990",
        "period": "Q3",
        "revenue": 128000000,
        "costOfRevenue": 0,
        "grossProfit": 128000000,
        "grossProfitRatio": 1,
        "researchAndDevelopmentExpenses": 0,
        "generalAndAdministrativeExpenses": 0,
        "sellingAndMarketingExpenses": 0,
        "sellingGeneralAndAdministrativeExpenses": 0,
        "otherExpenses": 0,
        "operatingExpenses": 0,
        "costAndExpenses": 0,
        "interestIncome": 0,
        "interestExpense": 0,
        "depreciationAndAmortization": 0,
        "ebitda": 128000000,
        "ebitdaratio": 1,
        "operatingIncome": 128000000,
        "operatingIncomeRatio": 1,
        "totalOtherIncomeExpensesNet": -128000000,
        "incomeBeforeTax": 0,
        "incomeBeforeTaxRatio": 0,
        "incomeTaxExpense": 0,
        "netIncome": 5400000,
        "netIncomeRatio": 0.0421875,
        "eps": 0.23,
        "epsdiluted": 0.22,
        "weightedAverageShsOut": 22603000,
        "weightedAverageShsOutDil": 22603000,
        "link": "",
        "finalLink": ""
    },
    {
        "date": "1989-07-31",
        "symbol": "GCO",
        "reportedCurrency": "USD",
        "cik": "0000018498",
        "fillingDate": "1989-07-31",
        "acceptedDate": "1989-07-30 20:00:00",
        "calendarYear": "1990",
        "period": "Q2",
        "revenue": 119600000,
        "costOfRevenue": 0,
        "grossProfit": 119600000,
        "grossProfitRatio": 1,
        "researchAndDevelopmentExpenses": 0,
        "generalAndAdministrativeExpenses": 0,
        "sellingAndMarketingExpenses": 0,
        "sellingGeneralAndAdministrativeExpenses": 0,
        "otherExpenses": 0,
        "operatingExpenses": 0,
        "costAndExpenses": 0,
        "interestIncome": 0,
        "interestExpense": 0,
        "depreciationAndAmortization": 0,
        "ebitda": 119600000,
        "ebitdaratio": 1,
        "operatingIncome": 119600000,
        "operatingIncomeRatio": 1,
        "totalOtherIncomeExpensesNet": -119600000,
        "incomeBeforeTax": 0,
        "incomeBeforeTaxRatio": 0,
        "incomeTaxExpense": 0,
        "netIncome": 5600000,
        "netIncomeRatio": 0.0468227425,
        "eps": 0.25,
        "epsdiluted": 0.24,
        "weightedAverageShsOut": 22603000,
        "weightedAverageShsOutDil": 22603000,
        "link": "",
        "finalLink": ""
    },
    {
        "date": "1989-04-30",
        "symbol": "GCO",
        "reportedCurrency": "USD",
        "cik": "0000018498",
        "fillingDate": "1989-04-30",
        "acceptedDate": "1989-04-29 20:00:00",
        "calendarYear": "1990",
        "period": "Q1",
        "revenue": 105000000,
        "costOfRevenue": 0,
        "grossProfit": 105000000,
        "grossProfitRatio": 1,
        "researchAndDevelopmentExpenses": 0,
        "generalAndAdministrativeExpenses": 0,
        "sellingAndMarketingExpenses": 0,
        "sellingGeneralAndAdministrativeExpenses": 0,
        "otherExpenses": 0,
        "operatingExpenses": 0,
        "costAndExpenses": 0,
        "interestIncome": 0,
        "interestExpense": 0,
        "depreciationAndAmortization": 0,
        "ebitda": 105000000,
        "ebitdaratio": 1,
        "operatingIncome": 105000000,
        "operatingIncomeRatio": 1,
        "totalOtherIncomeExpensesNet": -105000000,
        "incomeBeforeTax": 0,
        "incomeBeforeTaxRatio": 0,
        "incomeTaxExpense": 0,
        "netIncome": -200000,
        "netIncomeRatio": -0.0019047619,
        "eps": -0.0096711799,
        "epsdiluted": -0.0096711799,
        "weightedAverageShsOut": 20680000,
        "weightedAverageShsOutDil": 20680000,
        "link": "",
        "finalLink": ""
    },
    {
        "date": "1989-01-31",
        "symbol": "GCO",
        "reportedCurrency": "USD",
        "cik": "0000018498",
        "fillingDate": "1989-01-31",
        "acceptedDate": "1989-01-30 19:00:00",
        "calendarYear": "1989",
        "period": "Q4",
        "revenue": 128900000,
        "costOfRevenue": 0,
        "grossProfit": 128900000,
        "grossProfitRatio": 1,
        "researchAndDevelopmentExpenses": 0,
        "generalAndAdministrativeExpenses": 0,
        "sellingAndMarketingExpenses": 0,
        "sellingGeneralAndAdministrativeExpenses": 0,
        "otherExpenses": -443300000,
        "operatingExpenses": -443300000,
        "costAndExpenses": -443300000,
        "interestIncome": 0,
        "interestExpense": 0,
        "depreciationAndAmortization": 0,
        "ebitda": -314400000,
        "ebitdaratio": -2.4391000776,
        "operatingIncome": -314400000,
        "operatingIncomeRatio": -2.4391000776,
        "totalOtherIncomeExpensesNet": 314400000,
        "incomeBeforeTax": 0,
        "incomeBeforeTaxRatio": 0,
        "incomeTaxExpense": 0,
        "netIncome": 9600000,
        "netIncomeRatio": 0.0744763382,
        "eps": 0.5,
        "epsdiluted": 0.47,
        "weightedAverageShsOut": 20680000,
        "weightedAverageShsOutDil": 20680000,
        "link": "",
        "finalLink": ""
    },
    {
        "date": "1988-10-31",
        "symbol": "GCO",
        "reportedCurrency": "USD",
        "cik": "0000018498",
        "fillingDate": "1988-10-31",
        "acceptedDate": "1988-10-30 19:00:00",
        "calendarYear": "1989",
        "period": "Q3",
        "revenue": 117400000,
        "costOfRevenue": 0,
        "grossProfit": 117400000,
        "grossProfitRatio": 1,
        "researchAndDevelopmentExpenses": 0,
        "generalAndAdministrativeExpenses": 0,
        "sellingAndMarketingExpenses": 0,
        "sellingGeneralAndAdministrativeExpenses": 0,
        "otherExpenses": 0,
        "operatingExpenses": 0,
        "costAndExpenses": 0,
        "interestIncome": 0,
        "interestExpense": 0,
        "depreciationAndAmortization": 0,
        "ebitda": 117400000,
        "ebitdaratio": 1,
        "operatingIncome": 117400000,
        "operatingIncomeRatio": 1,
        "totalOtherIncomeExpensesNet": -117400000,
        "incomeBeforeTax": 0,
        "incomeBeforeTaxRatio": 0,
        "incomeTaxExpense": 0,
        "netIncome": 4300000,
        "netIncomeRatio": 0.0366269165,
        "eps": 0.2,
        "epsdiluted": 0.19,
        "weightedAverageShsOut": 20680000,
        "weightedAverageShsOutDil": 20680000,
        "link": "",
        "finalLink": ""
    },
    {
        "date": "1988-07-31",
        "symbol": "GCO",
        "reportedCurrency": "USD",
        "cik": "0000018498",
        "fillingDate": "1988-07-31",
        "acceptedDate": "1988-07-30 20:00:00",
        "calendarYear": "1989",
        "period": "Q2",
        "revenue": 114700000,
        "costOfRevenue": 0,
        "grossProfit": 114700000,
        "grossProfitRatio": 1,
        "researchAndDevelopmentExpenses": 0,
        "generalAndAdministrativeExpenses": 0,
        "sellingAndMarketingExpenses": 0,
        "sellingGeneralAndAdministrativeExpenses": 0,
        "otherExpenses": 0,
        "operatingExpenses": 0,
        "costAndExpenses": 0,
        "interestIncome": 0,
        "interestExpense": 0,
        "depreciationAndAmortization": 0,
        "ebitda": 114700000,
        "ebitdaratio": 1,
        "operatingIncome": 114700000,
        "operatingIncomeRatio": 1,
        "totalOtherIncomeExpensesNet": -114700000,
        "incomeBeforeTax": 0,
        "incomeBeforeTaxRatio": 0,
        "incomeTaxExpense": 0,
        "netIncome": 3200000,
        "netIncomeRatio": 0.0278988666,
        "eps": 0.17,
        "epsdiluted": 0.16,
        "weightedAverageShsOut": 15189000,
        "weightedAverageShsOutDil": 15189000,
        "link": "",
        "finalLink": ""
    },
    {
        "date": "1988-04-30",
        "symbol": "GCO",
        "reportedCurrency": "USD",
        "cik": "0000018498",
        "fillingDate": "1988-04-30",
        "acceptedDate": "1988-04-29 20:00:00",
        "calendarYear": "1989",
        "period": "Q1",
        "revenue": 101800000,
        "costOfRevenue": 0,
        "grossProfit": 101800000,
        "grossProfitRatio": 1,
        "researchAndDevelopmentExpenses": 0,
        "generalAndAdministrativeExpenses": 0,
        "sellingAndMarketingExpenses": 0,
        "sellingGeneralAndAdministrativeExpenses": 0,
        "otherExpenses": 0,
        "operatingExpenses": 0,
        "costAndExpenses": 0,
        "interestIncome": 0,
        "interestExpense": 0,
        "depreciationAndAmortization": 0,
        "ebitda": 101800000,
        "ebitdaratio": 1,
        "operatingIncome": 101800000,
        "operatingIncomeRatio": 1,
        "totalOtherIncomeExpensesNet": -101800000,
        "incomeBeforeTax": 0,
        "incomeBeforeTaxRatio": 0,
        "incomeTaxExpense": 0,
        "netIncome": -2300000,
        "netIncomeRatio": -0.0225933202,
        "eps": -0.18,
        "epsdiluted": -0.18,
        "weightedAverageShsOut": 15174000,
        "weightedAverageShsOutDil": 15174000,
        "link": "",
        "finalLink": ""
    },
    {
        "date": "1988-01-31",
        "symbol": "GCO",
        "reportedCurrency": "USD",
        "cik": "0000018498",
        "fillingDate": "1988-01-31",
        "acceptedDate": "1988-01-30 19:00:00",
        "calendarYear": "1988",
        "period": "Q4",
        "revenue": 112900000,
        "costOfRevenue": 0,
        "grossProfit": 112900000,
        "grossProfitRatio": 1,
        "researchAndDevelopmentExpenses": 0,
        "generalAndAdministrativeExpenses": 0,
        "sellingAndMarketingExpenses": 0,
        "sellingGeneralAndAdministrativeExpenses": 0,
        "otherExpenses": -397000000,
        "operatingExpenses": -397000000,
        "costAndExpenses": -397000000,
        "interestIncome": 0,
        "interestExpense": 0,
        "depreciationAndAmortization": 0,
        "ebitda": -284100000,
        "ebitdaratio": -2.5163861825,
        "operatingIncome": -284100000,
        "operatingIncomeRatio": -2.5163861825,
        "totalOtherIncomeExpensesNet": 284100000,
        "incomeBeforeTax": 0,
        "incomeBeforeTaxRatio": 0,
        "incomeTaxExpense": 0,
        "netIncome": 4000000,
        "netIncomeRatio": 0.0354295837,
        "eps": 0.35,
        "epsdiluted": 0.34,
        "weightedAverageShsOut": 15174000,
        "weightedAverageShsOutDil": 15174000,
        "link": "",
        "finalLink": ""
    },
    {
        "date": "1987-10-31",
        "symbol": "GCO",
        "reportedCurrency": "USD",
        "cik": "0000018498",
        "fillingDate": "1987-10-31",
        "acceptedDate": "1987-10-30 19:00:00",
        "calendarYear": "1988",
        "period": "Q3",
        "revenue": 104000000,
        "costOfRevenue": 0,
        "grossProfit": 104000000,
        "grossProfitRatio": 1,
        "researchAndDevelopmentExpenses": 0,
        "generalAndAdministrativeExpenses": 0,
        "sellingAndMarketingExpenses": 0,
        "sellingGeneralAndAdministrativeExpenses": 0,
        "otherExpenses": 0,
        "operatingExpenses": 0,
        "costAndExpenses": 0,
        "interestIncome": 0,
        "interestExpense": 0,
        "depreciationAndAmortization": 0,
        "ebitda": 104000000,
        "ebitdaratio": 1,
        "operatingIncome": 104000000,
        "operatingIncomeRatio": 1,
        "totalOtherIncomeExpensesNet": -104000000,
        "incomeBeforeTax": 0,
        "incomeBeforeTaxRatio": 0,
        "incomeTaxExpense": 0,
        "netIncome": 6500000,
        "netIncomeRatio": 0.0625,
        "eps": 0.39,
        "epsdiluted": 0.37,
        "weightedAverageShsOut": 15174000,
        "weightedAverageShsOutDil": 15174000,
        "link": "",
        "finalLink": ""
    },
    {
        "date": "1987-07-31",
        "symbol": "GCO",
        "reportedCurrency": "USD",
        "cik": "0000018498",
        "fillingDate": "1987-07-31",
        "acceptedDate": "1987-07-30 20:00:00",
        "calendarYear": "1988",
        "period": "Q2",
        "revenue": 96300000,
        "costOfRevenue": 0,
        "grossProfit": 96300000,
        "grossProfitRatio": 1,
        "researchAndDevelopmentExpenses": 0,
        "generalAndAdministrativeExpenses": 0,
        "sellingAndMarketingExpenses": 0,
        "sellingGeneralAndAdministrativeExpenses": 0,
        "otherExpenses": 0,
        "operatingExpenses": 0,
        "costAndExpenses": 0,
        "interestIncome": 0,
        "interestExpense": 0,
        "depreciationAndAmortization": 0,
        "ebitda": 96300000,
        "ebitdaratio": 1,
        "operatingIncome": 96300000,
        "operatingIncomeRatio": 1,
        "totalOtherIncomeExpensesNet": -96300000,
        "incomeBeforeTax": 0,
        "incomeBeforeTaxRatio": 0,
        "incomeTaxExpense": 0,
        "netIncome": 400000,
        "netIncomeRatio": 0.0041536864,
        "eps": 0.0263608805,
        "epsdiluted": 0.0263608805,
        "weightedAverageShsOut": 15174000,
        "weightedAverageShsOutDil": 15174000,
        "link": "",
        "finalLink": ""
    },
    {
        "date": "1987-04-30",
        "symbol": "GCO",
        "reportedCurrency": "USD",
        "cik": "0000018498",
        "fillingDate": "1987-04-30",
        "acceptedDate": "1987-04-29 20:00:00",
        "calendarYear": "1988",
        "period": "Q1",
        "revenue": 92600000,
        "costOfRevenue": 0,
        "grossProfit": 92600000,
        "grossProfitRatio": 1,
        "researchAndDevelopmentExpenses": 0,
        "generalAndAdministrativeExpenses": 0,
        "sellingAndMarketingExpenses": 0,
        "sellingGeneralAndAdministrativeExpenses": 0,
        "otherExpenses": 0,
        "operatingExpenses": 0,
        "costAndExpenses": 0,
        "interestIncome": 0,
        "interestExpense": 0,
        "depreciationAndAmortization": 0,
        "ebitda": 92600000,
        "ebitdaratio": 1,
        "operatingIncome": 92600000,
        "operatingIncomeRatio": 1,
        "totalOtherIncomeExpensesNet": -92600000,
        "incomeBeforeTax": 0,
        "incomeBeforeTaxRatio": 0,
        "incomeTaxExpense": 0,
        "netIncome": -2900000,
        "netIncomeRatio": -0.0313174946,
        "eps": -0.19,
        "epsdiluted": -0.19,
        "weightedAverageShsOut": 15174000,
        "weightedAverageShsOutDil": 15174000,
        "link": "",
        "finalLink": ""
    },
    {
        "date": "1987-01-31",
        "symbol": "GCO",
        "reportedCurrency": "USD",
        "cik": "0000018498",
        "fillingDate": "1987-01-31",
        "acceptedDate": "1987-01-30 19:00:00",
        "calendarYear": "1987",
        "period": "Q4",
        "revenue": 128700000,
        "costOfRevenue": 0,
        "grossProfit": 128700000,
        "grossProfitRatio": 1,
        "researchAndDevelopmentExpenses": 0,
        "generalAndAdministrativeExpenses": 0,
        "sellingAndMarketingExpenses": 0,
        "sellingGeneralAndAdministrativeExpenses": 0,
        "otherExpenses": -503600000,
        "operatingExpenses": -503600000,
        "costAndExpenses": -503600000,
        "interestIncome": 0,
        "interestExpense": 0,
        "depreciationAndAmortization": 0,
        "ebitda": -374900000,
        "ebitdaratio": -2.912975913,
        "operatingIncome": -374900000,
        "operatingIncomeRatio": -2.912975913,
        "totalOtherIncomeExpensesNet": 374900000,
        "incomeBeforeTax": 0,
        "incomeBeforeTaxRatio": 0,
        "incomeTaxExpense": 0,
        "netIncome": 3800000,
        "netIncomeRatio": 0.0295260295,
        "eps": 0.28,
        "epsdiluted": 0.27,
        "weightedAverageShsOut": 15174000,
        "weightedAverageShsOutDil": 15174000,
        "link": "",
        "finalLink": ""
    },
    {
        "date": "1986-10-31",
        "symbol": "GCO",
        "reportedCurrency": "USD",
        "cik": "0000018498",
        "fillingDate": "1986-10-31",
        "acceptedDate": "1986-10-30 19:00:00",
        "calendarYear": "1987",
        "period": "Q3",
        "revenue": 128700000,
        "costOfRevenue": 0,
        "grossProfit": 128700000,
        "grossProfitRatio": 1,
        "researchAndDevelopmentExpenses": 0,
        "generalAndAdministrativeExpenses": 0,
        "sellingAndMarketingExpenses": 0,
        "sellingGeneralAndAdministrativeExpenses": 0,
        "otherExpenses": 0,
        "operatingExpenses": 0,
        "costAndExpenses": 0,
        "interestIncome": 0,
        "interestExpense": 0,
        "depreciationAndAmortization": 0,
        "ebitda": 128700000,
        "ebitdaratio": 1,
        "operatingIncome": 128700000,
        "operatingIncomeRatio": 1,
        "totalOtherIncomeExpensesNet": -128700000,
        "incomeBeforeTax": 0,
        "incomeBeforeTaxRatio": 0,
        "incomeTaxExpense": 0,
        "netIncome": 3800000,
        "netIncomeRatio": 0.0295260295,
        "eps": 0.28,
        "epsdiluted": 0.27,
        "weightedAverageShsOut": 15174000,
        "weightedAverageShsOutDil": 15174000,
        "link": "",
        "finalLink": ""
    },
    {
        "date": "1986-07-31",
        "symbol": "GCO",
        "reportedCurrency": "USD",
        "cik": "0000018498",
        "fillingDate": "1986-07-31",
        "acceptedDate": "1986-07-30 20:00:00",
        "calendarYear": "1987",
        "period": "Q2",
        "revenue": 128600000,
        "costOfRevenue": 0,
        "grossProfit": 128600000,
        "grossProfitRatio": 1,
        "researchAndDevelopmentExpenses": 0,
        "generalAndAdministrativeExpenses": 0,
        "sellingAndMarketingExpenses": 0,
        "sellingGeneralAndAdministrativeExpenses": 0,
        "otherExpenses": 0,
        "operatingExpenses": 0,
        "costAndExpenses": 0,
        "interestIncome": 0,
        "interestExpense": 0,
        "depreciationAndAmortization": 0,
        "ebitda": 128600000,
        "ebitdaratio": 1,
        "operatingIncome": 128600000,
        "operatingIncomeRatio": 1,
        "totalOtherIncomeExpensesNet": -128600000,
        "incomeBeforeTax": 0,
        "incomeBeforeTaxRatio": 0,
        "incomeTaxExpense": 0,
        "netIncome": 3800000,
        "netIncomeRatio": 0.0295489891,
        "eps": 0.27,
        "epsdiluted": 0.26,
        "weightedAverageShsOut": 15174000,
        "weightedAverageShsOutDil": 15174000,
        "link": "",
        "finalLink": ""
    },
    {
        "date": "1986-04-30",
        "symbol": "GCO",
        "reportedCurrency": "USD",
        "cik": "0000018498",
        "fillingDate": "1986-04-30",
        "acceptedDate": "1986-04-29 20:00:00",
        "calendarYear": "1987",
        "period": "Q1",
        "revenue": 128600000,
        "costOfRevenue": 0,
        "grossProfit": 128600000,
        "grossProfitRatio": 1,
        "researchAndDevelopmentExpenses": 0,
        "generalAndAdministrativeExpenses": 0,
        "sellingAndMarketingExpenses": 0,
        "sellingGeneralAndAdministrativeExpenses": 0,
        "otherExpenses": 0,
        "operatingExpenses": 0,
        "costAndExpenses": 0,
        "interestIncome": 0,
        "interestExpense": 0,
        "depreciationAndAmortization": 0,
        "ebitda": 128600000,
        "ebitdaratio": 1,
        "operatingIncome": 128600000,
        "operatingIncomeRatio": 1,
        "totalOtherIncomeExpensesNet": -128600000,
        "incomeBeforeTax": 0,
        "incomeBeforeTaxRatio": 0,
        "incomeTaxExpense": 0,
        "netIncome": 3800000,
        "netIncomeRatio": 0.0295489891,
        "eps": 0.26,
        "epsdiluted": 0.25,
        "weightedAverageShsOut": 15081000,
        "weightedAverageShsOutDil": 15081000,
        "link": "",
        "finalLink": ""
    },
    {
        "date": "1986-01-31",
        "symbol": "GCO",
        "reportedCurrency": "USD",
        "cik": "0000018498",
        "fillingDate": "1986-01-31",
        "acceptedDate": "1986-01-30 19:00:00",
        "calendarYear": "1986",
        "period": "Q4",
        "revenue": 138400000,
        "costOfRevenue": 0,
        "grossProfit": 138400000,
        "grossProfitRatio": 1,
        "researchAndDevelopmentExpenses": 0,
        "generalAndAdministrativeExpenses": 0,
        "sellingAndMarketingExpenses": 0,
        "sellingGeneralAndAdministrativeExpenses": 0,
        "otherExpenses": -537400000,
        "operatingExpenses": -537400000,
        "costAndExpenses": -537400000,
        "interestIncome": 0,
        "interestExpense": 0,
        "depreciationAndAmortization": 0,
        "ebitda": -399000000,
        "ebitdaratio": -2.8829479769,
        "operatingIncome": -399000000,
        "operatingIncomeRatio": -2.8829479769,
        "totalOtherIncomeExpensesNet": 399000000,
        "incomeBeforeTax": 0,
        "incomeBeforeTaxRatio": 0,
        "incomeTaxExpense": 0,
        "netIncome": -10800000,
        "netIncomeRatio": -0.0780346821,
        "eps": -0.63,
        "epsdiluted": -0.63,
        "weightedAverageShsOut": 15081000,
        "weightedAverageShsOutDil": 15081000,
        "link": "",
        "finalLink": ""
    },
    {
        "date": "1985-10-31",
        "symbol": "GCO",
        "reportedCurrency": "USD",
        "cik": "0000018498",
        "fillingDate": "1985-10-31",
        "acceptedDate": "1985-10-30 19:00:00",
        "calendarYear": "1986",
        "period": "Q3",
        "revenue": 139800000,
        "costOfRevenue": 0,
        "grossProfit": 139800000,
        "grossProfitRatio": 1,
        "researchAndDevelopmentExpenses": 0,
        "generalAndAdministrativeExpenses": 0,
        "sellingAndMarketingExpenses": 0,
        "sellingGeneralAndAdministrativeExpenses": 0,
        "otherExpenses": 0,
        "operatingExpenses": 0,
        "costAndExpenses": 0,
        "interestIncome": 0,
        "interestExpense": 0,
        "depreciationAndAmortization": 0,
        "ebitda": 139800000,
        "ebitdaratio": 1,
        "operatingIncome": 139800000,
        "operatingIncomeRatio": 1,
        "totalOtherIncomeExpensesNet": -139800000,
        "incomeBeforeTax": 0,
        "incomeBeforeTaxRatio": 0,
        "incomeTaxExpense": 0,
        "netIncome": -10100000,
        "netIncomeRatio": -0.0722460658,
        "eps": -0.7,
        "epsdiluted": -0.7,
        "weightedAverageShsOut": 15081000,
        "weightedAverageShsOutDil": 15081000,
        "link": "",
        "finalLink": ""
    }
]