[
    {
        "date": "2025-06-30",
        "symbol": "GDV",
        "reportedCurrency": "USD",
        "cik": "0001260729",
        "fillingDate": "2025-06-30",
        "acceptedDate": "2025-06-30 00:00:00",
        "calendarYear": "2025",
        "period": "Q2",
        "revenue": 31471672,
        "costOfRevenue": 22181480,
        "grossProfit": 31471672,
        "grossProfitRatio": 1,
        "researchAndDevelopmentExpenses": 0,
        "generalAndAdministrativeExpenses": 15566585,
        "sellingAndMarketingExpenses": 90825,
        "sellingGeneralAndAdministrativeExpenses": 15657410,
        "otherExpenses": 0,
        "operatingExpenses": 15657410,
        "costAndExpenses": 15657410,
        "interestIncome": 0,
        "interestExpense": 6945803,
        "depreciationAndAmortization": -15814262,
        "ebitda": 0,
        "ebitdaratio": 0,
        "operatingIncome": 15814262,
        "operatingIncomeRatio": 0.5024919553,
        "totalOtherIncomeExpensesNet": 200588238,
        "incomeBeforeTax": 216402500,
        "incomeBeforeTaxRatio": 6.8761043265,
        "incomeTaxExpense": 0,
        "netIncome": 216402500,
        "netIncomeRatio": 6.8761043265,
        "eps": 2.39,
        "epsdiluted": 2.39,
        "weightedAverageShsOut": 90362628,
        "weightedAverageShsOutDil": 88619647,
        "link": null,
        "finalLink": null
    },
    {
        "date": "2024-12-31",
        "symbol": "GDV",
        "reportedCurrency": "USD",
        "cik": "0001260729",
        "fillingDate": "2024-12-31",
        "acceptedDate": "2024-12-31 00:00:00",
        "calendarYear": "2024",
        "period": "Q4",
        "revenue": 111961207,
        "costOfRevenue": 20132255,
        "grossProfit": 91828952,
        "grossProfitRatio": 0.8201854416,
        "researchAndDevelopmentExpenses": 0,
        "generalAndAdministrativeExpenses": 15436015,
        "sellingAndMarketingExpenses": 86516,
        "sellingGeneralAndAdministrativeExpenses": 15522531,
        "otherExpenses": -65157133,
        "operatingExpenses": -49634602,
        "costAndExpenses": -29502347,
        "interestIncome": 0,
        "interestExpense": 0,
        "depreciationAndAmortization": -12314274,
        "ebitda": 141463554,
        "ebitdaratio": 1.2635050817,
        "operatingIncome": 141463554,
        "operatingIncomeRatio": 1.2635050817,
        "totalOtherIncomeExpensesNet": -44443,
        "incomeBeforeTax": 141419111,
        "incomeBeforeTaxRatio": 1.2631081317,
        "incomeTaxExpense": 0,
        "netIncome": 141419111,
        "netIncomeRatio": 1.2631081317,
        "eps": 1.54,
        "epsdiluted": 1.54,
        "weightedAverageShsOut": 89153561,
        "weightedAverageShsOutDil": 89153561,
        "link": null,
        "finalLink": null
    },
    {
        "date": "2024-06-30",
        "symbol": "GDV",
        "reportedCurrency": "USD",
        "cik": "0001260729",
        "fillingDate": "2024-06-30",
        "acceptedDate": "2024-06-29 20:00:00",
        "calendarYear": "2024",
        "period": "Q2",
        "revenue": 86156972,
        "costOfRevenue": -12921567,
        "grossProfit": 28395928,
        "grossProfitRatio": 0.3295836349,
        "researchAndDevelopmentExpenses": 0,
        "generalAndAdministrativeExpenses": 14387232,
        "sellingAndMarketingExpenses": 90184,
        "sellingGeneralAndAdministrativeExpenses": 14477416,
        "otherExpenses": 0,
        "operatingExpenses": 14477416,
        "costAndExpenses": -80373368,
        "interestIncome": 0,
        "interestExpense": 0,
        "depreciationAndAmortization": -13918512,
        "ebitda": 166530340,
        "ebitdaratio": 1.9328713177,
        "operatingIncome": 13918512,
        "operatingIncomeRatio": 0.1615482958,
        "totalOtherIncomeExpensesNet": 152541056,
        "incomeBeforeTax": 166459568,
        "incomeBeforeTaxRatio": 1.9320498868,
        "incomeTaxExpense": 0,
        "netIncome": 166459568,
        "netIncomeRatio": 1.9320498868,
        "eps": 1.8,
        "epsdiluted": 1.8,
        "weightedAverageShsOut": 92322538,
        "weightedAverageShsOutDil": 89993441,
        "link": null,
        "finalLink": null
    },
    {
        "date": "2023-12-31",
        "symbol": "GDV",
        "reportedCurrency": "USD",
        "cik": "0001260729",
        "fillingDate": "2023-12-31",
        "acceptedDate": "2023-12-29 19:00:00",
        "calendarYear": "2023",
        "period": "Q4",
        "revenue": 26841662,
        "costOfRevenue": 29267376,
        "grossProfit": 26841662,
        "grossProfitRatio": 1,
        "researchAndDevelopmentExpenses": 0,
        "generalAndAdministrativeExpenses": 13635598,
        "sellingAndMarketingExpenses": 89414,
        "sellingGeneralAndAdministrativeExpenses": 13725012,
        "otherExpenses": 0,
        "operatingExpenses": 13725012,
        "costAndExpenses": 13725012,
        "interestIncome": 0,
        "interestExpense": 0,
        "depreciationAndAmortization": -13116650,
        "ebitda": 0,
        "ebitdaratio": 0,
        "operatingIncome": 13116650,
        "operatingIncomeRatio": 0.4886675795,
        "totalOtherIncomeExpensesNet": 94470286,
        "incomeBeforeTax": 107586936,
        "incomeBeforeTaxRatio": 4.0082069434,
        "incomeTaxExpense": 0,
        "netIncome": 107586936,
        "netIncomeRatio": 4.0082069434,
        "eps": 1.14,
        "epsdiluted": 1.15,
        "weightedAverageShsOut": 93947620,
        "weightedAverageShsOutDil": 90018555,
        "link": null,
        "finalLink": null
    },
    {
        "date": "2023-06-30",
        "symbol": "GDV",
        "reportedCurrency": "USD",
        "cik": "0001260729",
        "fillingDate": "2023-06-30",
        "acceptedDate": "2023-06-30 00:00:00",
        "calendarYear": "2023",
        "period": "Q2",
        "revenue": 27664553,
        "costOfRevenue": -29267376,
        "grossProfit": 56931929,
        "grossProfitRatio": 2.0579377878,
        "researchAndDevelopmentExpenses": 0,
        "generalAndAdministrativeExpenses": 13566629,
        "sellingAndMarketingExpenses": 87954,
        "sellingGeneralAndAdministrativeExpenses": 13654583,
        "otherExpenses": 0,
        "operatingExpenses": 13654583,
        "costAndExpenses": 13654583,
        "interestIncome": 5729200,
        "interestExpense": 2466844,
        "depreciationAndAmortization": 248507281,
        "ebitda": 262517251,
        "ebitdaratio": 9.489300297,
        "operatingIncome": 14009970,
        "operatingIncomeRatio": 0.5064231473,
        "totalOtherIncomeExpensesNet": 140932277,
        "incomeBeforeTax": 154942247,
        "incomeBeforeTaxRatio": 5.6007500645,
        "incomeTaxExpense": 0,
        "netIncome": 154942247,
        "netIncomeRatio": 5.6007500645,
        "eps": 1.5800000000000003,
        "epsdiluted": 1.6199999999999999,
        "weightedAverageShsOut": 93947620,
        "weightedAverageShsOutDil": 90018555,
        "link": null,
        "finalLink": null
    },
    {
        "date": "2022-12-31",
        "symbol": "GDV",
        "reportedCurrency": "USD",
        "cik": "0001260729",
        "fillingDate": "2022-12-31",
        "acceptedDate": "2022-12-31 00:00:00",
        "calendarYear": "2022",
        "period": "Q4",
        "revenue": 24942920,
        "costOfRevenue": 0,
        "grossProfit": 24942920,
        "grossProfitRatio": 1,
        "researchAndDevelopmentExpenses": 0,
        "generalAndAdministrativeExpenses": 13652382,
        "sellingAndMarketingExpenses": 76114,
        "sellingGeneralAndAdministrativeExpenses": 13728496,
        "otherExpenses": 0,
        "operatingExpenses": 111213368,
        "costAndExpenses": 111213368,
        "interestIncome": 1234898,
        "interestExpense": 0,
        "depreciationAndAmortization": -11214426,
        "ebitda": 0,
        "ebitdaratio": 0,
        "operatingIncome": 11214426,
        "operatingIncomeRatio": 0.4496035749,
        "totalOtherIncomeExpensesNet": 123706966,
        "incomeBeforeTax": 134921392,
        "incomeBeforeTaxRatio": 5.4092059791,
        "incomeTaxExpense": 0,
        "netIncome": 130349374,
        "netIncomeRatio": 5.2259067503,
        "eps": 1.44,
        "epsdiluted": 1.44,
        "weightedAverageShsOut": 180377158,
        "weightedAverageShsOutDil": 180376982,
        "link": null,
        "finalLink": null
    },
    {
        "date": "2022-06-30",
        "symbol": "GDV",
        "reportedCurrency": "USD",
        "cik": "0001260729",
        "fillingDate": "2022-06-30",
        "acceptedDate": "2022-06-30 00:00:00",
        "calendarYear": "2022",
        "period": "Q2",
        "revenue": 23464316,
        "costOfRevenue": 0,
        "grossProfit": 23464316,
        "grossProfitRatio": 1,
        "researchAndDevelopmentExpenses": 0,
        "generalAndAdministrativeExpenses": 14686812,
        "sellingAndMarketingExpenses": 92676,
        "sellingGeneralAndAdministrativeExpenses": 14779488,
        "otherExpenses": 0,
        "operatingExpenses": 532531944,
        "costAndExpenses": 532531944,
        "interestIncome": 1234138,
        "interestExpense": 0,
        "depreciationAndAmortization": -8684828,
        "ebitda": 0,
        "ebitdaratio": 0,
        "operatingIncome": 8684828,
        "operatingIncomeRatio": 0.3701291783,
        "totalOtherIncomeExpensesNet": -518986594,
        "incomeBeforeTax": -510301766,
        "incomeBeforeTaxRatio": -21.7479923983,
        "incomeTaxExpense": 0,
        "netIncome": -515361740,
        "netIncomeRatio": -21.9636378917,
        "eps": -5.7,
        "epsdiluted": -5.7,
        "weightedAverageShsOut": 180542598,
        "weightedAverageShsOutDil": 180542572,
        "link": null,
        "finalLink": null
    },
    {
        "date": "2021-12-31",
        "symbol": "GDV",
        "reportedCurrency": "USD",
        "cik": "0001260729",
        "fillingDate": "2021-12-31",
        "acceptedDate": "2021-12-31 00:00:00",
        "calendarYear": "2021",
        "period": "Q4",
        "revenue": 18766258,
        "costOfRevenue": 0,
        "grossProfit": 18766258,
        "grossProfitRatio": 1,
        "researchAndDevelopmentExpenses": 0,
        "generalAndAdministrativeExpenses": 16242536,
        "sellingAndMarketingExpenses": 107854,
        "sellingGeneralAndAdministrativeExpenses": 16350390,
        "otherExpenses": 0,
        "operatingExpenses": 146777150,
        "costAndExpenses": 146777150,
        "interestIncome": 1234614,
        "interestExpense": 0,
        "depreciationAndAmortization": -2415868,
        "ebitda": 0,
        "ebitdaratio": 0,
        "operatingIncome": 2415868,
        "operatingIncomeRatio": 0.1287346684,
        "totalOtherIncomeExpensesNet": 161892926,
        "incomeBeforeTax": 164308794,
        "incomeBeforeTaxRatio": 8.7555438063,
        "incomeTaxExpense": 0,
        "netIncome": 158759494,
        "netIncomeRatio": 8.4598375446,
        "eps": 1.76,
        "epsdiluted": 1.76,
        "weightedAverageShsOut": 180804230,
        "weightedAverageShsOutDil": 180804158,
        "link": null,
        "finalLink": null
    },
    {
        "date": "2021-06-30",
        "symbol": "GDV",
        "reportedCurrency": "USD",
        "cik": "0001260729",
        "fillingDate": "2021-06-30",
        "acceptedDate": "2021-06-30 00:00:00",
        "calendarYear": "2021",
        "period": "Q2",
        "revenue": 29714060,
        "costOfRevenue": 0,
        "grossProfit": 29714060,
        "grossProfitRatio": 1,
        "researchAndDevelopmentExpenses": 0,
        "generalAndAdministrativeExpenses": 14584346,
        "sellingAndMarketingExpenses": 88438,
        "sellingGeneralAndAdministrativeExpenses": 14672784,
        "otherExpenses": 0,
        "operatingExpenses": 366102594,
        "costAndExpenses": 366102594,
        "interestIncome": 486608,
        "interestExpense": 0,
        "depreciationAndAmortization": -15041276,
        "ebitda": 0,
        "ebitdaratio": 0,
        "operatingIncome": 15041276,
        "operatingIncomeRatio": 0.5062006336,
        "totalOtherIncomeExpensesNet": 380288772,
        "incomeBeforeTax": 395330048,
        "incomeBeforeTaxRatio": 13.3044776782,
        "incomeTaxExpense": 0,
        "netIncome": 390380374,
        "netIncomeRatio": 13.1379008456,
        "eps": 4.32,
        "epsdiluted": 4.32,
        "weightedAverageShsOut": 180818882,
        "weightedAverageShsOutDil": 180818858,
        "link": null,
        "finalLink": null
    },
    {
        "date": "2020-12-31",
        "symbol": "GDV",
        "reportedCurrency": "USD",
        "cik": "0001260729",
        "fillingDate": "2020-12-31",
        "acceptedDate": "2020-12-31 00:00:00",
        "calendarYear": "2020",
        "period": "Q4",
        "revenue": 23131574,
        "costOfRevenue": 0,
        "grossProfit": 23131574,
        "grossProfitRatio": 1,
        "researchAndDevelopmentExpenses": 0,
        "generalAndAdministrativeExpenses": 13398074,
        "sellingAndMarketingExpenses": 68920,
        "sellingGeneralAndAdministrativeExpenses": 13466994,
        "otherExpenses": 0,
        "operatingExpenses": 458089192,
        "costAndExpenses": 458089192,
        "interestIncome": 2710,
        "interestExpense": 0,
        "depreciationAndAmortization": -9664578,
        "ebitda": 0,
        "ebitdaratio": 0,
        "operatingIncome": 9664578,
        "operatingIncomeRatio": 0.4178089221,
        "totalOtherIncomeExpensesNet": 471553480,
        "incomeBeforeTax": 481218058,
        "incomeBeforeTaxRatio": 20.8035154893,
        "incomeTaxExpense": 0,
        "netIncome": 474917710,
        "netIncomeRatio": 20.5311454378,
        "eps": 5.24,
        "epsdiluted": 5.24,
        "weightedAverageShsOut": 180953500,
        "weightedAverageShsOutDil": 180953470,
        "link": null,
        "finalLink": null
    },
    {
        "date": "2020-06-30",
        "symbol": "GDV",
        "reportedCurrency": "USD",
        "cik": "0001260729",
        "fillingDate": "2020-06-30",
        "acceptedDate": "2020-06-30 00:00:00",
        "calendarYear": "2020",
        "period": "Q2",
        "revenue": 24932034,
        "costOfRevenue": 0,
        "grossProfit": 24932034,
        "grossProfitRatio": 1,
        "researchAndDevelopmentExpenses": 0,
        "generalAndAdministrativeExpenses": 10712810,
        "sellingAndMarketingExpenses": 134796,
        "sellingGeneralAndAdministrativeExpenses": 10847606,
        "otherExpenses": 0,
        "operatingExpenses": 305218186,
        "costAndExpenses": 305218186,
        "interestIncome": 182,
        "interestExpense": 0,
        "depreciationAndAmortization": -14084430,
        "ebitda": 0,
        "ebitdaratio": 0,
        "operatingIncome": 14084430,
        "operatingIncomeRatio": 0.5649129951,
        "totalOtherIncomeExpensesNet": -294370764,
        "incomeBeforeTax": -280286334,
        "incomeBeforeTaxRatio": -11.2420163553,
        "incomeTaxExpense": 0,
        "netIncome": -289265692,
        "netIncomeRatio": -11.6021698029,
        "eps": -3.2,
        "epsdiluted": -3.2,
        "weightedAverageShsOut": 181057438,
        "weightedAverageShsOutDil": 181057402,
        "link": null,
        "finalLink": null
    },
    {
        "date": "2019-12-31",
        "symbol": "GDV",
        "reportedCurrency": "USD",
        "cik": "0001260729",
        "fillingDate": "2019-12-31",
        "acceptedDate": "2019-12-31 00:00:00",
        "calendarYear": "2019",
        "period": "Q4",
        "revenue": 91775458,
        "costOfRevenue": 13008000,
        "grossProfit": 78767458,
        "grossProfitRatio": 0.8582627613,
        "researchAndDevelopmentExpenses": 0,
        "generalAndAdministrativeExpenses": 6583088,
        "sellingAndMarketingExpenses": 57998,
        "sellingGeneralAndAdministrativeExpenses": 6641086,
        "otherExpenses": 0,
        "operatingExpenses": 65329344,
        "costAndExpenses": 156852200,
        "interestIncome": 3927,
        "interestExpense": 0,
        "depreciationAndAmortization": 156839215,
        "ebitda": 156852202,
        "ebitdaratio": 1.7090865621,
        "operatingIncome": 156839215,
        "operatingIncomeRatio": 1.7089450537,
        "totalOtherIncomeExpensesNet": 71966503,
        "incomeBeforeTax": 0,
        "incomeBeforeTaxRatio": 0,
        "incomeTaxExpense": 0,
        "netIncome": 90675669,
        "netIncomeRatio": 0.988016524,
        "eps": 1,
        "epsdiluted": 1,
        "weightedAverageShsOut": 90675677,
        "weightedAverageShsOutDil": 90675669,
        "link": null,
        "finalLink": null
    },
    {
        "date": "2019-06-30",
        "symbol": "GDV",
        "reportedCurrency": "USD",
        "cik": "0001260729",
        "fillingDate": "2019-06-30",
        "acceptedDate": "2019-06-30 00:00:00",
        "calendarYear": "2019",
        "period": "Q2",
        "revenue": 63159180,
        "costOfRevenue": 9782959,
        "grossProfit": 53376221,
        "grossProfitRatio": 0.8451063013,
        "researchAndDevelopmentExpenses": 0,
        "generalAndAdministrativeExpenses": 5022149,
        "sellingAndMarketingExpenses": 63987,
        "sellingGeneralAndAdministrativeExpenses": 5086136,
        "otherExpenses": 257865207,
        "operatingExpenses": -257865207,
        "costAndExpenses": -248082247,
        "interestIncome": 962,
        "interestExpense": 0,
        "depreciationAndAmortization": -7990533,
        "ebitda": 311241430,
        "ebitdaratio": 4.9278890258,
        "operatingIncome": 311241430,
        "operatingIncomeRatio": 4.9278890258,
        "totalOtherIncomeExpensesNet": 5100,
        "incomeBeforeTax": 311246527,
        "incomeBeforeTaxRatio": 4.9279697266,
        "incomeTaxExpense": 0,
        "netIncome": 311246527,
        "netIncomeRatio": 4.9279697266,
        "eps": 3.77,
        "epsdiluted": 3.77,
        "weightedAverageShsOut": 82637043,
        "weightedAverageShsOutDil": 82637043,
        "link": null,
        "finalLink": null
    },
    {
        "date": "2018-12-31",
        "symbol": "GDV",
        "reportedCurrency": "USD",
        "cik": "0001260729",
        "fillingDate": "2018-12-31",
        "acceptedDate": "2018-12-31 00:00:00",
        "calendarYear": "2018",
        "period": "Q4",
        "revenue": 30926898,
        "costOfRevenue": 0,
        "grossProfit": 30926898,
        "grossProfitRatio": 1,
        "researchAndDevelopmentExpenses": 0,
        "generalAndAdministrativeExpenses": 10933034,
        "sellingAndMarketingExpenses": 142520,
        "sellingGeneralAndAdministrativeExpenses": 11075554,
        "otherExpenses": 0,
        "operatingExpenses": 247122488,
        "costAndExpenses": 247122488,
        "interestIncome": 0,
        "interestExpense": 0,
        "depreciationAndAmortization": -19851342,
        "ebitda": -432380936,
        "ebitdaratio": -13.9807405191,
        "operatingIncome": 19851342,
        "operatingIncomeRatio": 0.6418795057,
        "totalOtherIncomeExpensesNet": -452242666,
        "incomeBeforeTax": -216195662,
        "incomeBeforeTaxRatio": -6.990538204,
        "incomeTaxExpense": -236047004,
        "netIncome": -228808518,
        "netIncomeRatio": -7.3983662377,
        "eps": -2.78,
        "epsdiluted": -2.78,
        "weightedAverageShsOut": 82432429,
        "weightedAverageShsOutDil": 82432426,
        "link": null,
        "finalLink": null
    },
    {
        "date": "2018-06-30",
        "symbol": "GDV",
        "reportedCurrency": "USD",
        "cik": "0001260729",
        "fillingDate": "2018-06-30",
        "acceptedDate": "2018-06-30 00:00:00",
        "calendarYear": "2018",
        "period": "Q2",
        "revenue": 28949240,
        "costOfRevenue": 0,
        "grossProfit": 28949240,
        "grossProfitRatio": 1,
        "researchAndDevelopmentExpenses": 0,
        "generalAndAdministrativeExpenses": 11332468,
        "sellingAndMarketingExpenses": 121400,
        "sellingGeneralAndAdministrativeExpenses": 11453868,
        "otherExpenses": 0,
        "operatingExpenses": 57745166,
        "costAndExpenses": 57745166,
        "interestIncome": 170,
        "interestExpense": 0,
        "depreciationAndAmortization": -17495374,
        "ebitda": -57485012,
        "ebitdaratio": -1.9857174834,
        "operatingIncome": 17495374,
        "operatingIncomeRatio": 0.6043465735,
        "totalOtherIncomeExpensesNet": -75087566,
        "incomeBeforeTax": -28796096,
        "incomeBeforeTaxRatio": -0.9947099129,
        "incomeTaxExpense": -46291470,
        "netIncome": -41165876,
        "netIncomeRatio": -1.4220019593,
        "eps": -0.5,
        "epsdiluted": -0.5,
        "weightedAverageShsOut": 82432649,
        "weightedAverageShsOutDil": 82432426,
        "link": null,
        "finalLink": null
    },
    {
        "date": "2017-12-31",
        "symbol": "GDV",
        "reportedCurrency": "USD",
        "cik": "0001260729",
        "fillingDate": "2017-12-31",
        "acceptedDate": "2017-12-30 19:00:00",
        "calendarYear": "2017",
        "period": "Q4",
        "revenue": 25002902,
        "costOfRevenue": 0,
        "grossProfit": 25002902,
        "grossProfitRatio": 1,
        "researchAndDevelopmentExpenses": 0,
        "generalAndAdministrativeExpenses": 13513162,
        "sellingAndMarketingExpenses": 143702,
        "sellingGeneralAndAdministrativeExpenses": 13656864,
        "otherExpenses": 0,
        "operatingExpenses": 194301072,
        "costAndExpenses": 194301072,
        "interestIncome": 0,
        "interestExpense": 0,
        "depreciationAndAmortization": -11346040,
        "ebitda": 427262524,
        "ebitdaratio": 17.0885173249,
        "operatingIncome": 11346040,
        "operatingIncomeRatio": 0.4537889242,
        "totalOtherIncomeExpensesNet": 427261716,
        "incomeBeforeTax": 219303876,
        "incomeBeforeTaxRatio": 8.7711368864,
        "incomeTaxExpense": 207957836,
        "netIncome": 207491450,
        "netIncomeRatio": 8.2986946875,
        "eps": 2.52,
        "epsdiluted": 2.52,
        "weightedAverageShsOut": 82432478,
        "weightedAverageShsOutDil": 82432426,
        "link": null,
        "finalLink": null
    },
    {
        "date": "2017-06-30",
        "symbol": "GDV",
        "reportedCurrency": "USD",
        "cik": "0001260729",
        "fillingDate": "2017-06-30",
        "acceptedDate": "2017-06-30 00:00:00",
        "calendarYear": "2017",
        "period": "Q2",
        "revenue": 28142732,
        "costOfRevenue": 0,
        "grossProfit": 28142732,
        "grossProfitRatio": 1,
        "researchAndDevelopmentExpenses": 0,
        "generalAndAdministrativeExpenses": 12821266,
        "sellingAndMarketingExpenses": 111758,
        "sellingGeneralAndAdministrativeExpenses": 12933024,
        "otherExpenses": 0,
        "operatingExpenses": 115832202,
        "costAndExpenses": 115832202,
        "interestIncome": 198,
        "interestExpense": 0,
        "depreciationAndAmortization": -15209708,
        "ebitda": 0,
        "ebitdaratio": 0,
        "operatingIncome": 15209708,
        "operatingIncomeRatio": 0.5404488804,
        "totalOtherIncomeExpensesNet": 272739762,
        "incomeBeforeTax": 143974736,
        "incomeBeforeTaxRatio": 5.1158763122,
        "incomeTaxExpense": 128765028,
        "netIncome": 132775722,
        "netIncomeRatio": 4.7179400351,
        "eps": 1.62,
        "epsdiluted": 1.62,
        "weightedAverageShsOut": 82432528,
        "weightedAverageShsOutDil": 82432426,
        "link": null,
        "finalLink": null
    },
    {
        "date": "2016-12-31",
        "symbol": "GDV",
        "reportedCurrency": "USD",
        "cik": "0001260729",
        "fillingDate": "2016-12-31",
        "acceptedDate": "2016-12-30 19:00:00",
        "calendarYear": "2016",
        "period": "Q4",
        "revenue": 25319458,
        "costOfRevenue": 0,
        "grossProfit": 25319458,
        "grossProfitRatio": 1,
        "researchAndDevelopmentExpenses": 0,
        "generalAndAdministrativeExpenses": 13231328,
        "sellingAndMarketingExpenses": 86234,
        "sellingGeneralAndAdministrativeExpenses": 13317562,
        "otherExpenses": 0,
        "operatingExpenses": 102942416,
        "costAndExpenses": 102942416,
        "interestIncome": 3878,
        "interestExpense": 0,
        "depreciationAndAmortization": -12001898,
        "ebitda": 0,
        "ebitdaratio": 0,
        "operatingIncome": 12001898,
        "operatingIncomeRatio": 0.4740187566,
        "totalOtherIncomeExpensesNet": 244514098,
        "incomeBeforeTax": 128257996,
        "incomeBeforeTaxRatio": 5.0655901086,
        "incomeTaxExpense": 116256098,
        "netIncome": 117619056,
        "netIncomeRatio": 4.6454018092,
        "eps": 1.42,
        "epsdiluted": 1.42,
        "weightedAverageShsOut": 82432439,
        "weightedAverageShsOutDil": 82432426,
        "link": null,
        "finalLink": null
    },
    {
        "date": "2016-06-30",
        "symbol": "GDV",
        "reportedCurrency": "USD",
        "cik": "0001260729",
        "fillingDate": "2016-06-30",
        "acceptedDate": "2016-06-30 00:00:00",
        "calendarYear": "2016",
        "period": "Q2",
        "revenue": 28307292,
        "costOfRevenue": 0,
        "grossProfit": 28307292,
        "grossProfitRatio": 1,
        "researchAndDevelopmentExpenses": 0,
        "generalAndAdministrativeExpenses": 10676934,
        "sellingAndMarketingExpenses": 131528,
        "sellingGeneralAndAdministrativeExpenses": 10808462,
        "otherExpenses": 0,
        "operatingExpenses": 75592308,
        "costAndExpenses": 75592308,
        "interestIncome": 0,
        "interestExpense": 0,
        "depreciationAndAmortization": -17498830,
        "ebitda": 0,
        "ebitdaratio": 0,
        "operatingIncome": 17498830,
        "operatingIncomeRatio": 0.618173932,
        "totalOtherIncomeExpensesNet": 86400738,
        "incomeBeforeTax": 103899568,
        "incomeBeforeTaxRatio": 3.6704170784,
        "incomeTaxExpense": 0,
        "netIncome": 96073840,
        "netIncomeRatio": 3.3939608211,
        "eps": 1.16,
        "epsdiluted": 1.16,
        "weightedAverageShsOut": 82432427,
        "weightedAverageShsOutDil": 82432426,
        "link": null,
        "finalLink": null
    },
    {
        "date": "2015-12-31",
        "symbol": "GDV",
        "reportedCurrency": "USD",
        "cik": "0001260729",
        "fillingDate": "2015-12-31",
        "acceptedDate": "2015-12-30 19:00:00",
        "calendarYear": "2015",
        "period": "Q4",
        "revenue": 24285972,
        "costOfRevenue": 0,
        "grossProfit": 24285972,
        "grossProfitRatio": 1,
        "researchAndDevelopmentExpenses": 0,
        "generalAndAdministrativeExpenses": 9795064,
        "sellingAndMarketingExpenses": 175426,
        "sellingGeneralAndAdministrativeExpenses": 9970490,
        "otherExpenses": 0,
        "operatingExpenses": 149071838,
        "costAndExpenses": 149071838,
        "interestIncome": 228,
        "interestExpense": 0,
        "depreciationAndAmortization": -14315484,
        "ebitda": 0,
        "ebitdaratio": 0,
        "operatingIncome": 14315484,
        "operatingIncomeRatio": 0.5894548507,
        "totalOtherIncomeExpensesNet": -139101578,
        "incomeBeforeTax": -124786094,
        "incomeBeforeTaxRatio": -5.1381964041,
        "incomeTaxExpense": 0,
        "netIncome": -132191870,
        "netIncomeRatio": -5.4431368858,
        "eps": -1.6,
        "epsdiluted": -1.6,
        "weightedAverageShsOut": 82550473,
        "weightedAverageShsOutDil": 82550422,
        "link": null,
        "finalLink": null
    },
    {
        "date": "2015-06-30",
        "symbol": "GDV",
        "reportedCurrency": "USD",
        "cik": "0001260729",
        "fillingDate": "2015-06-30",
        "acceptedDate": "2015-06-30 00:00:00",
        "calendarYear": "2015",
        "period": "Q2",
        "revenue": 26363582,
        "costOfRevenue": 0,
        "grossProfit": 26363582,
        "grossProfitRatio": 1,
        "researchAndDevelopmentExpenses": 0,
        "generalAndAdministrativeExpenses": 10422966,
        "sellingAndMarketingExpenses": 109518,
        "sellingGeneralAndAdministrativeExpenses": 10532484,
        "otherExpenses": 0,
        "operatingExpenses": 8094586,
        "costAndExpenses": 8094586,
        "interestIncome": 0,
        "interestExpense": 0,
        "depreciationAndAmortization": -15831098,
        "ebitda": 0,
        "ebitdaratio": 0,
        "operatingIncome": 15831098,
        "operatingIncomeRatio": 0.6004911624,
        "totalOtherIncomeExpensesNet": 18627070,
        "incomeBeforeTax": 34458168,
        "incomeBeforeTaxRatio": 1.3070366538,
        "incomeTaxExpense": 0,
        "netIncome": 27018362,
        "netIncomeRatio": 1.024836534,
        "eps": 0.32,
        "epsdiluted": 0.32,
        "weightedAverageShsOut": 82774815,
        "weightedAverageShsOutDil": 82774478,
        "link": null,
        "finalLink": null
    },
    {
        "date": "2014-12-31",
        "symbol": "GDV",
        "reportedCurrency": "USD",
        "cik": "0001260729",
        "fillingDate": "2014-12-31",
        "acceptedDate": "2014-12-30 19:00:00",
        "calendarYear": "2014",
        "period": "Q4",
        "revenue": 24337034,
        "costOfRevenue": 0,
        "grossProfit": 24337034,
        "grossProfitRatio": 1,
        "researchAndDevelopmentExpenses": 0,
        "generalAndAdministrativeExpenses": 12977732,
        "sellingAndMarketingExpenses": 140152,
        "sellingGeneralAndAdministrativeExpenses": 13117884,
        "otherExpenses": 0,
        "operatingExpenses": 39317354,
        "costAndExpenses": 39317354,
        "interestIncome": 1144,
        "interestExpense": 0,
        "depreciationAndAmortization": -11219150,
        "ebitda": 0,
        "ebitdaratio": 0,
        "operatingIncome": 11219150,
        "operatingIncomeRatio": 0.4609908504,
        "totalOtherIncomeExpensesNet": -26200614,
        "incomeBeforeTax": -14981464,
        "incomeBeforeTaxRatio": -0.6155829835,
        "incomeTaxExpense": 0,
        "netIncome": -22421436,
        "netIncomeRatio": -0.9212887651,
        "eps": -0.28,
        "epsdiluted": -0.28,
        "weightedAverageShsOut": 82775022,
        "weightedAverageShsOutDil": 82774478,
        "link": null,
        "finalLink": null
    },
    {
        "date": "2014-06-30",
        "symbol": "GDV",
        "reportedCurrency": "USD",
        "cik": "0001260729",
        "fillingDate": "2014-06-30",
        "acceptedDate": "2014-06-30 00:00:00",
        "calendarYear": "2014",
        "period": "Q2",
        "revenue": 36485688,
        "costOfRevenue": 0,
        "grossProfit": 36485688,
        "grossProfitRatio": 1,
        "researchAndDevelopmentExpenses": 0,
        "generalAndAdministrativeExpenses": 12915016,
        "sellingAndMarketingExpenses": 96488,
        "sellingGeneralAndAdministrativeExpenses": 13011504,
        "otherExpenses": 0,
        "operatingExpenses": 140093896,
        "costAndExpenses": 140093896,
        "interestIncome": 2150,
        "interestExpense": 0,
        "depreciationAndAmortization": -23474184,
        "ebitda": 0,
        "ebitdaratio": 0,
        "operatingIncome": 23474184,
        "operatingIncomeRatio": 0.6433806045,
        "totalOtherIncomeExpensesNet": 153103250,
        "incomeBeforeTax": 176577434,
        "incomeBeforeTaxRatio": 4.8396355853,
        "incomeTaxExpense": 0,
        "netIncome": 169239878,
        "netIncomeRatio": 4.6385277975,
        "eps": 2.04,
        "epsdiluted": 2.04,
        "weightedAverageShsOut": 82774481,
        "weightedAverageShsOutDil": 82774478,
        "link": null,
        "finalLink": null
    },
    {
        "date": "2013-12-31",
        "symbol": "GDV",
        "reportedCurrency": "USD",
        "cik": "0001260729",
        "fillingDate": "2013-12-31",
        "acceptedDate": "2013-12-30 19:00:00",
        "calendarYear": "2013",
        "period": "Q4",
        "revenue": 24342462,
        "costOfRevenue": 0,
        "grossProfit": 24342462,
        "grossProfitRatio": 1,
        "researchAndDevelopmentExpenses": 0,
        "generalAndAdministrativeExpenses": 12388098,
        "sellingAndMarketingExpenses": 127158,
        "sellingGeneralAndAdministrativeExpenses": 12515256,
        "otherExpenses": 0,
        "operatingExpenses": 274521850,
        "costAndExpenses": 274521850,
        "interestIncome": 0,
        "interestExpense": 0,
        "depreciationAndAmortization": -11827206,
        "ebitda": 0,
        "ebitdaratio": 0,
        "operatingIncome": 11827206,
        "operatingIncomeRatio": 0.4858672882,
        "totalOtherIncomeExpensesNet": 287037108,
        "incomeBeforeTax": 298864314,
        "incomeBeforeTaxRatio": 12.2774891874,
        "incomeTaxExpense": 0,
        "netIncome": 291395254,
        "netIncomeRatio": 11.9706566246,
        "eps": 3.52,
        "epsdiluted": 3.52,
        "weightedAverageShsOut": 82774512,
        "weightedAverageShsOutDil": 82774478,
        "link": null,
        "finalLink": null
    },
    {
        "date": "2013-06-30",
        "symbol": "GDV",
        "reportedCurrency": "USD",
        "cik": "0001260729",
        "fillingDate": "2013-06-30",
        "acceptedDate": "2013-06-30 00:00:00",
        "calendarYear": "2013",
        "period": "Q2",
        "revenue": 29495340,
        "costOfRevenue": 0,
        "grossProfit": 29495340,
        "grossProfitRatio": 1,
        "researchAndDevelopmentExpenses": 0,
        "generalAndAdministrativeExpenses": 11496912,
        "sellingAndMarketingExpenses": 86134,
        "sellingGeneralAndAdministrativeExpenses": 11583046,
        "otherExpenses": 0,
        "operatingExpenses": 235303432,
        "costAndExpenses": 235303432,
        "interestIncome": 0,
        "interestExpense": 0,
        "depreciationAndAmortization": -17912294,
        "ebitda": 239469254,
        "ebitdaratio": 8.118884339,
        "operatingIncome": 17912294,
        "operatingIncomeRatio": 0.6072923384,
        "totalOtherIncomeExpensesNet": 246886478,
        "incomeBeforeTax": 264798772,
        "incomeBeforeTaxRatio": 8.9776477233,
        "incomeTaxExpense": 246886478,
        "netIncome": 257381548,
        "netIncomeRatio": 8.7261766774,
        "eps": 3.1,
        "epsdiluted": 3.1,
        "weightedAverageShsOut": 82827732,
        "weightedAverageShsOutDil": 82827719,
        "link": null,
        "finalLink": null
    },
    {
        "date": "2012-12-31",
        "symbol": "GDV",
        "reportedCurrency": "USD",
        "cik": "0001260729",
        "fillingDate": "2012-12-31",
        "acceptedDate": "2012-12-30 19:00:00",
        "calendarYear": "2012",
        "period": "Q4",
        "revenue": 27950774,
        "costOfRevenue": 0,
        "grossProfit": 27950774,
        "grossProfitRatio": 1,
        "researchAndDevelopmentExpenses": 0,
        "generalAndAdministrativeExpenses": 11196222,
        "sellingAndMarketingExpenses": 123028,
        "sellingGeneralAndAdministrativeExpenses": 11319250,
        "otherExpenses": 0,
        "operatingExpenses": 93959032,
        "costAndExpenses": 93959032,
        "interestIncome": 160,
        "interestExpense": 0,
        "depreciationAndAmortization": -16631522,
        "ebitda": 97857198,
        "ebitdaratio": 3.5010550334,
        "operatingIncome": 16631522,
        "operatingIncomeRatio": 0.5950290321,
        "totalOtherIncomeExpensesNet": 105278124,
        "incomeBeforeTax": 121909646,
        "incomeBeforeTaxRatio": 4.3615839046,
        "incomeTaxExpense": 105278124,
        "netIncome": 114488720,
        "netIncomeRatio": 4.0960840655,
        "eps": 1.38,
        "epsdiluted": 1.38,
        "weightedAverageShsOut": 82827795,
        "weightedAverageShsOutDil": 82827719,
        "link": null,
        "finalLink": null
    },
    {
        "date": "2012-06-30",
        "symbol": "GDV",
        "reportedCurrency": "USD",
        "cik": "0001260729",
        "fillingDate": "2012-06-30",
        "acceptedDate": "2012-06-30 19:00:00",
        "calendarYear": "2012",
        "period": "Q2",
        "revenue": 32326725,
        "costOfRevenue": 0,
        "grossProfit": 32326725,
        "grossProfitRatio": 1,
        "researchAndDevelopmentExpenses": 0,
        "generalAndAdministrativeExpenses": 9720881,
        "sellingAndMarketingExpenses": 66718,
        "sellingGeneralAndAdministrativeExpenses": 9787599,
        "otherExpenses": 0,
        "operatingExpenses": 50349798,
        "costAndExpenses": 50349798,
        "interestIncome": 0,
        "interestExpense": 0,
        "depreciationAndAmortization": -22539128,
        "ebitda": 53470449,
        "ebitdaratio": 1.6540632866,
        "operatingIncome": 22539128,
        "operatingIncomeRatio": 0.6972289336,
        "totalOtherIncomeExpensesNet": 60137395,
        "incomeBeforeTax": 82676523,
        "incomeBeforeTaxRatio": 2.5575285774,
        "incomeTaxExpense": 60137395,
        "netIncome": 76009577,
        "netIncomeRatio": 2.3512922203,
        "eps": 0.9199999999999999,
        "epsdiluted": 0.9199999999999999,
        "weightedAverageShsOut": 82827795,
        "weightedAverageShsOutDil": 82827719,
        "link": null,
        "finalLink": null
    }
]