[
    {
        "date": "2025-09-30",
        "symbol": "GHC",
        "reportedCurrency": "USD",
        "cik": "0000104889",
        "fillingDate": "2025-10-29",
        "acceptedDate": "2025-10-29 08:18:52",
        "calendarYear": "2025",
        "period": "Q3",
        "revenue": 0,
        "costOfRevenue": 0,
        "grossProfit": 0,
        "grossProfitRatio": 0,
        "researchAndDevelopmentExpenses": 0,
        "generalAndAdministrativeExpenses": 0,
        "sellingAndMarketingExpenses": 0,
        "sellingGeneralAndAdministrativeExpenses": 276103000,
        "otherExpenses": 0,
        "operatingExpenses": 276103000,
        "costAndExpenses": 0,
        "interestIncome": 1464000,
        "interestExpense": 17164000,
        "depreciationAndAmortization": 46725000,
        "ebitda": 243614000,
        "ebitdaratio": 0,
        "operatingIncome": 67136000,
        "operatingIncomeRatio": 0,
        "totalOtherIncomeExpensesNet": 112589000,
        "incomeBeforeTax": 179725000,
        "incomeBeforeTaxRatio": 0,
        "incomeTaxExpense": 56800000,
        "netIncome": 122925000,
        "netIncomeRatio": 0,
        "eps": 28.36,
        "epsdiluted": 4404.34,
        "weightedAverageShsOut": 4334000,
        "weightedAverageShsOutDil": 27910,
        "link": "https://www.sec.gov/Archives/edgar/data/104889/000162828025046925/0001628280-25-046925-index.htm",
        "finalLink": "https://www.sec.gov/Archives/edgar/data/104889/000162828025046925/ghc-20250930.htm"
    },
    {
        "date": "2025-06-30",
        "symbol": "GHC",
        "reportedCurrency": "USD",
        "cik": "0000104889",
        "fillingDate": "2025-07-30",
        "acceptedDate": "2025-07-30 08:22:00",
        "calendarYear": "2025",
        "period": "Q2",
        "revenue": 1215772000,
        "costOfRevenue": 839438000,
        "grossProfit": 376334000,
        "grossProfitRatio": 0.3095432367,
        "researchAndDevelopmentExpenses": 0,
        "generalAndAdministrativeExpenses": 0,
        "sellingAndMarketingExpenses": 0,
        "sellingGeneralAndAdministrativeExpenses": 276690000,
        "otherExpenses": 26893000,
        "operatingExpenses": 303583000,
        "costAndExpenses": 1143021000,
        "interestIncome": 2261000,
        "interestExpense": 18106000,
        "depreciationAndAmortization": 41519000,
        "ebitda": 120248000,
        "ebitdaratio": 0.0989067029,
        "operatingIncome": 72751000,
        "operatingIncomeRatio": 0.0598393449,
        "totalOtherIncomeExpensesNet": -12128000,
        "incomeBeforeTax": 60623000,
        "incomeBeforeTaxRatio": 0.0498637903,
        "incomeTaxExpense": 20200000,
        "netIncome": 36749000,
        "netIncomeRatio": 0.0302268846,
        "eps": 8.43,
        "epsdiluted": 8.35,
        "weightedAverageShsOut": 4333000,
        "weightedAverageShsOutDil": 8350,
        "link": "https://www.sec.gov/Archives/edgar/data/104889/000010488925000062/0000104889-25-000062-index.htm",
        "finalLink": "https://www.sec.gov/Archives/edgar/data/104889/000010488925000062/ghc-20250630.htm"
    },
    {
        "date": "2025-03-31",
        "symbol": "GHC",
        "reportedCurrency": "USD",
        "cik": "0000104889",
        "fillingDate": "2025-04-30",
        "acceptedDate": "2025-04-30 08:24:06",
        "calendarYear": "2025",
        "period": "Q1",
        "revenue": 1165915000,
        "costOfRevenue": 819358000,
        "grossProfit": 346557000,
        "grossProfitRatio": 0.2972403649,
        "researchAndDevelopmentExpenses": 0,
        "generalAndAdministrativeExpenses": 270706000,
        "sellingAndMarketingExpenses": 0,
        "sellingGeneralAndAdministrativeExpenses": 270706000,
        "otherExpenses": 28378000,
        "operatingExpenses": 299084000,
        "costAndExpenses": 1118442000,
        "interestIncome": 8428000,
        "interestExpense": 2500000,
        "depreciationAndAmortization": 42481000,
        "ebitda": 78602000,
        "ebitdaratio": 0.0674165784,
        "operatingIncome": 47473000,
        "operatingIncomeRatio": 0.0407173765,
        "totalOtherIncomeExpensesNet": -13852000,
        "incomeBeforeTax": 33621000,
        "incomeBeforeTaxRatio": 0.028836579,
        "incomeTaxExpense": 7900000,
        "netIncome": 23894000,
        "netIncomeRatio": 0.0204937753,
        "eps": 5.5,
        "epsdiluted": 5.45,
        "weightedAverageShsOut": 4320000,
        "weightedAverageShsOutDil": 4358000,
        "link": "https://www.sec.gov/Archives/edgar/data/104889/000010488925000032/0000104889-25-000032-index.htm",
        "finalLink": "https://www.sec.gov/Archives/edgar/data/104889/000010488925000032/ghc-20250331.htm"
    },
    {
        "date": "2024-12-31",
        "symbol": "GHC",
        "reportedCurrency": "USD",
        "cik": "0000104889",
        "fillingDate": "2025-02-26",
        "acceptedDate": "2025-02-26 08:20:44",
        "calendarYear": "2024",
        "period": "Q4",
        "revenue": 1245800000,
        "costOfRevenue": 845930000,
        "grossProfit": 399870000,
        "grossProfitRatio": 0.3209744742,
        "researchAndDevelopmentExpenses": 0,
        "generalAndAdministrativeExpenses": 0,
        "sellingAndMarketingExpenses": -24580000,
        "sellingGeneralAndAdministrativeExpenses": 274893000,
        "otherExpenses": 9982000,
        "operatingExpenses": 327367000,
        "costAndExpenses": 1173297000,
        "interestIncome": 3302000,
        "interestExpense": 49542000,
        "depreciationAndAmortization": 67981000,
        "ebitda": 852305000,
        "ebitdaratio": 0.6841427195,
        "operatingIncome": 72503000,
        "operatingIncomeRatio": 0.0581979451,
        "totalOtherIncomeExpensesNet": 685089000,
        "incomeBeforeTax": 757592000,
        "incomeBeforeTaxRatio": 0.6081168727,
        "incomeTaxExpense": 206000000,
        "netIncome": 548791000,
        "netIncomeRatio": 0.4405129234,
        "eps": 124.69,
        "epsdiluted": 123.75,
        "weightedAverageShsOut": 4305000,
        "weightedAverageShsOutDil": 4341000,
        "link": "https://www.sec.gov/Archives/edgar/data/104889/000010488925000022/0000104889-25-000022-index.htm",
        "finalLink": "https://www.sec.gov/Archives/edgar/data/104889/000010488925000022/ghc-20241231.htm"
    },
    {
        "date": "2024-09-30",
        "symbol": "GHC",
        "reportedCurrency": "USD",
        "cik": "0000104889",
        "fillingDate": "2024-10-30",
        "acceptedDate": "2024-10-30 08:26:12",
        "calendarYear": "2024",
        "period": "Q3",
        "revenue": 1207162000,
        "costOfRevenue": 856498000,
        "grossProfit": 350664000,
        "grossProfitRatio": 0.290486281,
        "researchAndDevelopmentExpenses": 0,
        "generalAndAdministrativeExpenses": 0,
        "sellingAndMarketingExpenses": 0,
        "sellingGeneralAndAdministrativeExpenses": 269016000,
        "otherExpenses": 0,
        "operatingExpenses": 269016000,
        "costAndExpenses": 1125614000,
        "interestIncome": 2277000,
        "interestExpense": 25896000,
        "depreciationAndAmortization": 71136000,
        "ebitda": 183635000,
        "ebitdaratio": 0.1521212563,
        "operatingIncome": 81648000,
        "operatingIncomeRatio": 0.0676363239,
        "totalOtherIncomeExpensesNet": 31358000,
        "incomeBeforeTax": 113006000,
        "incomeBeforeTaxRatio": 0.0936129534,
        "incomeTaxExpense": 38500000,
        "netIncome": 72503000,
        "netIncomeRatio": 0.0600607044,
        "eps": 16.55,
        "epsdiluted": 16.42,
        "weightedAverageShsOut": 4352000,
        "weightedAverageShsOutDil": 4384000,
        "link": "https://www.sec.gov/Archives/edgar/data/104889/000010488924000065/0000104889-24-000065-index.htm",
        "finalLink": "https://www.sec.gov/Archives/edgar/data/104889/000010488924000065/ghc-20240930.htm"
    },
    {
        "date": "2024-06-30",
        "symbol": "GHC",
        "reportedCurrency": "USD",
        "cik": "0000104889",
        "fillingDate": "2024-07-31",
        "acceptedDate": "2024-07-31 08:25:44",
        "calendarYear": "2024",
        "period": "Q2",
        "revenue": 1185280000,
        "costOfRevenue": 864095000,
        "grossProfit": 321185000,
        "grossProfitRatio": 0.2709781655,
        "researchAndDevelopmentExpenses": 0,
        "generalAndAdministrativeExpenses": 244332000,
        "sellingAndMarketingExpenses": 24580000,
        "sellingGeneralAndAdministrativeExpenses": 268912000,
        "otherExpenses": 331000,
        "operatingExpenses": 268912000,
        "costAndExpenses": 1133007000,
        "interestIncome": 2111000,
        "interestExpense": 91383000,
        "depreciationAndAmortization": 47979000,
        "ebitda": 124515000,
        "ebitdaratio": 0.1050511272,
        "operatingIncome": 52273000,
        "operatingIncomeRatio": 0.0441018156,
        "totalOtherIncomeExpensesNet": -40638000,
        "incomeBeforeTax": -14727000,
        "incomeBeforeTaxRatio": -0.0124249123,
        "incomeTaxExpense": 4100000,
        "netIncome": -21091000,
        "netIncomeRatio": -0.0177941077,
        "eps": -4.79,
        "epsdiluted": -4.79,
        "weightedAverageShsOut": 4401000,
        "weightedAverageShsOutDil": 4401000,
        "link": "https://www.sec.gov/Archives/edgar/data/104889/000010488924000041/0000104889-24-000041-index.htm",
        "finalLink": "https://www.sec.gov/Archives/edgar/data/104889/000010488924000041/ghc-20240630.htm"
    },
    {
        "date": "2024-03-31",
        "symbol": "GHC",
        "reportedCurrency": "USD",
        "cik": "0000104889",
        "fillingDate": "2024-05-01",
        "acceptedDate": "2024-05-01 08:27:57",
        "calendarYear": "2024",
        "period": "Q1",
        "revenue": 1152662000,
        "costOfRevenue": 819963000,
        "grossProfit": 332699000,
        "grossProfitRatio": 0.2886353502,
        "researchAndDevelopmentExpenses": 0,
        "generalAndAdministrativeExpenses": 221562000,
        "sellingAndMarketingExpenses": 0,
        "sellingGeneralAndAdministrativeExpenses": 221562000,
        "otherExpenses": 555000,
        "operatingExpenses": 254840000,
        "costAndExpenses": 1074803000,
        "interestIncome": 2178000,
        "interestExpense": 19328000,
        "depreciationAndAmortization": 50144000,
        "ebitda": 238186000,
        "ebitdaratio": 0.2066399343,
        "operatingIncome": 35442000,
        "operatingIncomeRatio": 0.0307479556,
        "totalOtherIncomeExpensesNet": 133397000,
        "incomeBeforeTax": 168839000,
        "incomeBeforeTaxRatio": 0.1464774583,
        "incomeTaxExpense": 43500000,
        "netIncome": 124380000,
        "netIncomeRatio": 0.1079067411,
        "eps": 27.87,
        "epsdiluted": 27.72,
        "weightedAverageShsOut": 4432000,
        "weightedAverageShsOutDil": 4457000,
        "link": "https://www.sec.gov/Archives/edgar/data/104889/000010488924000016/0000104889-24-000016-index.htm",
        "finalLink": "https://www.sec.gov/Archives/edgar/data/104889/000010488924000016/ghc-20240331.htm"
    },
    {
        "date": "2023-12-31",
        "symbol": "GHC",
        "reportedCurrency": "USD",
        "cik": "0000104889",
        "fillingDate": "2024-02-23",
        "acceptedDate": "2024-02-23 16:17:15",
        "calendarYear": "2023",
        "period": "Q4",
        "revenue": 1166813000,
        "costOfRevenue": 860040000,
        "grossProfit": 306773000,
        "grossProfitRatio": 0.2629153086,
        "researchAndDevelopmentExpenses": 0,
        "generalAndAdministrativeExpenses": 229480000,
        "sellingAndMarketingExpenses": 34207000,
        "sellingGeneralAndAdministrativeExpenses": 263687000,
        "otherExpenses": 0,
        "operatingExpenses": 263687000,
        "costAndExpenses": 1123727000,
        "interestIncome": 2384000,
        "interestExpense": 25423000,
        "depreciationAndAmortization": 51314000,
        "ebitda": 159927000,
        "ebitdaratio": 0.1370630941,
        "operatingIncome": 43086000,
        "operatingIncomeRatio": 0.0369262255,
        "totalOtherIncomeExpensesNet": 31796000,
        "incomeBeforeTax": 72590000,
        "incomeBeforeTaxRatio": 0.0622121968,
        "incomeTaxExpense": 16900000,
        "netIncome": 53259000,
        "netIncomeRatio": 0.0456448463,
        "eps": 11.76,
        "epsdiluted": 11.71,
        "weightedAverageShsOut": 4498000,
        "weightedAverageShsOutDil": 4515000,
        "link": "https://www.sec.gov/Archives/edgar/data/104889/000010488924000010/0000104889-24-000010-index.htm",
        "finalLink": "https://www.sec.gov/Archives/edgar/data/104889/000010488924000010/ghc-20231231.htm"
    },
    {
        "date": "2023-09-30",
        "symbol": "GHC",
        "reportedCurrency": "USD",
        "cik": "0000104889",
        "fillingDate": "2023-11-01",
        "acceptedDate": "2023-11-01 08:35:05",
        "calendarYear": "2023",
        "period": "Q3",
        "revenue": 1111519000,
        "costOfRevenue": 781587000,
        "grossProfit": 329932000,
        "grossProfitRatio": 0.2968298338,
        "researchAndDevelopmentExpenses": 0,
        "generalAndAdministrativeExpenses": 219104000,
        "sellingAndMarketingExpenses": 35653000,
        "sellingGeneralAndAdministrativeExpenses": 254757000,
        "otherExpenses": 36251000,
        "operatingExpenses": 288723000,
        "costAndExpenses": 1070310000,
        "interestIncome": 1986000,
        "interestExpense": 11810000,
        "depreciationAndAmortization": 50902000,
        "ebitda": 150044000,
        "ebitdaratio": 0.1349900452,
        "operatingIncome": -57112000,
        "operatingIncomeRatio": -0.0513819377,
        "totalOtherIncomeExpensesNet": 45378000,
        "incomeBeforeTax": -11734000,
        "incomeBeforeTaxRatio": -0.0105567246,
        "incomeTaxExpense": 9400000,
        "netIncome": -23031000,
        "netIncomeRatio": -0.0207202936,
        "eps": -5,
        "epsdiluted": -5,
        "weightedAverageShsOut": 4602000,
        "weightedAverageShsOutDil": 4602000,
        "link": "https://www.sec.gov/Archives/edgar/data/104889/000010488923000064/0000104889-23-000064-index.htm",
        "finalLink": "https://www.sec.gov/Archives/edgar/data/104889/000010488923000064/ghc-20230930.htm"
    },
    {
        "date": "2023-06-30",
        "symbol": "GHC",
        "reportedCurrency": "USD",
        "cik": "0000104889",
        "fillingDate": "2023-08-02",
        "acceptedDate": "2023-08-02 08:38:11",
        "calendarYear": "2023",
        "period": "Q2",
        "revenue": 1104999000,
        "costOfRevenue": 767854000,
        "grossProfit": 337145000,
        "grossProfitRatio": 0.3051088734,
        "researchAndDevelopmentExpenses": 0,
        "generalAndAdministrativeExpenses": 214868000,
        "sellingAndMarketingExpenses": 29815000,
        "sellingGeneralAndAdministrativeExpenses": 244683000,
        "otherExpenses": 30454000,
        "operatingExpenses": 279090000,
        "costAndExpenses": 1046944000,
        "interestIncome": 1548000,
        "interestExpense": 11774000,
        "depreciationAndAmortization": 51160000,
        "ebitda": 228670000,
        "ebitdaratio": 0.2069413637,
        "operatingIncome": 58055000,
        "operatingIncomeRatio": 0.0525385091,
        "totalOtherIncomeExpensesNet": 107916000,
        "incomeBeforeTax": 165971000,
        "incomeBeforeTaxRatio": 0.1502001359,
        "incomeTaxExpense": 41800000,
        "netIncome": 122788000,
        "netIncomeRatio": 0.1111204626,
        "eps": 25.96,
        "epsdiluted": 25.89,
        "weightedAverageShsOut": 4700000,
        "weightedAverageShsOutDil": 4713000,
        "link": "https://www.sec.gov/Archives/edgar/data/104889/000010488923000052/0000104889-23-000052-index.htm",
        "finalLink": "https://www.sec.gov/Archives/edgar/data/104889/000010488923000052/ghc-20230630.htm"
    },
    {
        "date": "2023-03-31",
        "symbol": "GHC",
        "reportedCurrency": "USD",
        "cik": "0000104889",
        "fillingDate": "2023-05-03",
        "acceptedDate": "2023-05-03 08:42:10",
        "calendarYear": "2023",
        "period": "Q1",
        "revenue": 1031546000,
        "costOfRevenue": 727214000,
        "grossProfit": 304332000,
        "grossProfitRatio": 0.295025137,
        "researchAndDevelopmentExpenses": 0,
        "generalAndAdministrativeExpenses": 210117000,
        "sellingAndMarketingExpenses": 31845000,
        "sellingGeneralAndAdministrativeExpenses": 241962000,
        "otherExpenses": 33969000,
        "operatingExpenses": 275931000,
        "costAndExpenses": 1003145000,
        "interestIncome": 1204000,
        "interestExpense": 14294000,
        "depreciationAndAmortization": 50461000,
        "ebitda": 136758000,
        "ebitdaratio": 0.1325757649,
        "operatingIncome": 67067000,
        "operatingIncomeRatio": 0.0650160051,
        "totalOtherIncomeExpensesNet": 44521000,
        "incomeBeforeTax": 72177000,
        "incomeBeforeTaxRatio": 0.0699697347,
        "incomeTaxExpense": 19200000,
        "netIncome": 52272000,
        "netIncomeRatio": 0.0506734552,
        "eps": 10.91,
        "epsdiluted": 10.87,
        "weightedAverageShsOut": 4759000,
        "weightedAverageShsOutDil": 4776000,
        "link": "https://www.sec.gov/Archives/edgar/data/104889/000010488923000034/0000104889-23-000034-index.htm",
        "finalLink": "https://www.sec.gov/Archives/edgar/data/104889/000010488923000034/ghc-20230331.htm"
    },
    {
        "date": "2022-12-31",
        "symbol": "GHC",
        "reportedCurrency": "USD",
        "cik": "0000104889",
        "fillingDate": "2023-02-24",
        "acceptedDate": "2023-02-24 09:37:45",
        "calendarYear": "2022",
        "period": "Q4",
        "revenue": 1064032000,
        "costOfRevenue": 715632000,
        "grossProfit": 348400000,
        "grossProfitRatio": 0.3274337614,
        "researchAndDevelopmentExpenses": 0,
        "generalAndAdministrativeExpenses": 0,
        "sellingAndMarketingExpenses": 0,
        "sellingGeneralAndAdministrativeExpenses": 245176000,
        "otherExpenses": 744799000,
        "operatingExpenses": 989975000,
        "costAndExpenses": 989975000,
        "interestIncome": 1012000,
        "interestExpense": 15434000,
        "depreciationAndAmortization": 45391000,
        "ebitda": 92033000,
        "ebitdaratio": 0.0864945791,
        "operatingIncome": 142278000,
        "operatingIncomeRatio": 0.1337159033,
        "totalOtherIncomeExpensesNet": 86076000,
        "incomeBeforeTax": 31143000,
        "incomeBeforeTaxRatio": 0.0292688566,
        "incomeTaxExpense": 24500000,
        "netIncome": 6160000,
        "netIncomeRatio": 0.0057892996,
        "eps": 1.29,
        "epsdiluted": 1.28,
        "weightedAverageShsOut": 4771000,
        "weightedAverageShsOutDil": 4786000,
        "link": "https://www.sec.gov/Archives/edgar/data/104889/000010488923000021/0000104889-23-000021-index.htm",
        "finalLink": "https://www.sec.gov/Archives/edgar/data/104889/000010488923000021/ghc-20221231.htm"
    },
    {
        "date": "2022-09-30",
        "symbol": "GHC",
        "reportedCurrency": "USD",
        "cik": "0000104889",
        "fillingDate": "2022-11-02",
        "acceptedDate": "2022-11-02 13:24:25",
        "calendarYear": "2022",
        "period": "Q3",
        "revenue": 1012438000,
        "costOfRevenue": 694757000,
        "grossProfit": 317681000,
        "grossProfitRatio": 0.3137782264,
        "researchAndDevelopmentExpenses": 0,
        "generalAndAdministrativeExpenses": 0,
        "sellingAndMarketingExpenses": 0,
        "sellingGeneralAndAdministrativeExpenses": 223857000,
        "otherExpenses": 34292000,
        "operatingExpenses": 258149000,
        "costAndExpenses": 952906000,
        "interestIncome": 803000,
        "interestExpense": 11579000,
        "depreciationAndAmortization": 52163000,
        "ebitda": 110182000,
        "ebitdaratio": 0.1088283925,
        "operatingIncome": 110773000,
        "operatingIncomeRatio": 0.1094121319,
        "totalOtherIncomeExpensesNet": -13092000,
        "incomeBeforeTax": 46440000,
        "incomeBeforeTaxRatio": 0.0458694755,
        "incomeTaxExpense": 12600000,
        "netIncome": 32587000,
        "netIncomeRatio": 0.0321866623,
        "eps": 6.78,
        "epsdiluted": 6.76,
        "weightedAverageShsOut": 4808000,
        "weightedAverageShsOutDil": 4820000,
        "link": "https://www.sec.gov/Archives/edgar/data/104889/000010488922000047/0000104889-22-000047-index.htm",
        "finalLink": "https://www.sec.gov/Archives/edgar/data/104889/000010488922000047/ghc-20220930.htm"
    },
    {
        "date": "2022-06-30",
        "symbol": "GHC",
        "reportedCurrency": "USD",
        "cik": "0000104889",
        "fillingDate": "2022-08-03",
        "acceptedDate": "2022-08-03 08:40:40",
        "calendarYear": "2022",
        "period": "Q2",
        "revenue": 933302000,
        "costOfRevenue": 631828000,
        "grossProfit": 301474000,
        "grossProfitRatio": 0.3230187013,
        "researchAndDevelopmentExpenses": 0,
        "generalAndAdministrativeExpenses": 0,
        "sellingAndMarketingExpenses": 0,
        "sellingGeneralAndAdministrativeExpenses": 227844000,
        "otherExpenses": 51823000,
        "operatingExpenses": 262146000,
        "costAndExpenses": 893974000,
        "interestIncome": 696000,
        "interestExpense": 15973000,
        "depreciationAndAmortization": 50206000,
        "ebitda": -21987000,
        "ebitdaratio": -0.0235582909,
        "operatingIncome": 39328000,
        "operatingIncomeRatio": 0.0421385575,
        "totalOtherIncomeExpensesNet": -127343000,
        "incomeBeforeTax": -88015000,
        "incomeBeforeTaxRatio": -0.0943049517,
        "incomeTaxExpense": -21400000,
        "netIncome": -67531000,
        "netIncomeRatio": -0.072357072,
        "eps": -13.95,
        "epsdiluted": -13.95,
        "weightedAverageShsOut": 4842000,
        "weightedAverageShsOutDil": 4842000,
        "link": "https://www.sec.gov/Archives/edgar/data/104889/000010488922000033/0000104889-22-000033-index.htm",
        "finalLink": "https://www.sec.gov/Archives/edgar/data/104889/000010488922000033/ghc-20220630.htm"
    },
    {
        "date": "2022-03-31",
        "symbol": "GHC",
        "reportedCurrency": "USD",
        "cik": "0000104889",
        "fillingDate": "2022-05-04",
        "acceptedDate": "2022-05-04 08:37:15",
        "calendarYear": "2022",
        "period": "Q1",
        "revenue": 914721000,
        "costOfRevenue": 615501000,
        "grossProfit": 299220000,
        "grossProfitRatio": 0.3271161371,
        "researchAndDevelopmentExpenses": 0,
        "generalAndAdministrativeExpenses": 0,
        "sellingAndMarketingExpenses": 0,
        "sellingGeneralAndAdministrativeExpenses": 224862000,
        "otherExpenses": 34387000,
        "operatingExpenses": 259249000,
        "costAndExpenses": 874750000,
        "interestIncome": 715000,
        "interestExpense": 11417000,
        "depreciationAndAmortization": 51956000,
        "ebitda": 195355000,
        "ebitdaratio": 0.2135678529,
        "operatingIncome": 95094000,
        "operatingIncomeRatio": 0.103959568,
        "totalOtherIncomeExpensesNet": 92195000,
        "incomeBeforeTax": 132166000,
        "incomeBeforeTaxRatio": 0.1444877728,
        "incomeTaxExpense": 35600000,
        "netIncome": 95008000,
        "netIncomeRatio": 0.1038655503,
        "eps": 19.5,
        "epsdiluted": 19.45,
        "weightedAverageShsOut": 4871000,
        "weightedAverageShsOutDil": 4885000,
        "link": "https://www.sec.gov/Archives/edgar/data/104889/000010488922000016/0000104889-22-000016-index.htm",
        "finalLink": "https://www.sec.gov/Archives/edgar/data/104889/000010488922000016/ghc-20220331.htm"
    },
    {
        "date": "2021-12-31",
        "symbol": "GHC",
        "reportedCurrency": "USD",
        "cik": "0000104889",
        "fillingDate": "2022-02-25",
        "acceptedDate": "2022-02-25 09:02:50",
        "calendarYear": "2021",
        "period": "Q4",
        "revenue": 862931000,
        "costOfRevenue": 560748000,
        "grossProfit": 302183000,
        "grossProfitRatio": 0.3501821119,
        "researchAndDevelopmentExpenses": 0,
        "generalAndAdministrativeExpenses": 0,
        "sellingAndMarketingExpenses": 0,
        "sellingGeneralAndAdministrativeExpenses": 244672000,
        "otherExpenses": 32560000,
        "operatingExpenses": 839012000,
        "costAndExpenses": 839012000,
        "interestIncome": 722000,
        "interestExpense": 8799000,
        "depreciationAndAmortization": 52098000,
        "ebitda": 164867000,
        "ebitdaratio": 0.191054673,
        "operatingIncome": 22547000,
        "operatingIncomeRatio": 0.0261283927,
        "totalOtherIncomeExpensesNet": 80336000,
        "incomeBeforeTax": 102883000,
        "incomeBeforeTaxRatio": 0.1192250597,
        "incomeTaxExpense": 17800000,
        "netIncome": 84227000,
        "netIncomeRatio": 0.0976057182,
        "eps": 17.14,
        "epsdiluted": 17.1,
        "weightedAverageShsOut": 4909000,
        "weightedAverageShsOutDil": 4922000,
        "link": "https://www.sec.gov/Archives/edgar/data/104889/000010488922000011/0000104889-22-000011-index.htm",
        "finalLink": "https://www.sec.gov/Archives/edgar/data/104889/000010488922000011/ghc-20211231.htm"
    },
    {
        "date": "2021-09-30",
        "symbol": "GHC",
        "reportedCurrency": "USD",
        "cik": "0000104889",
        "fillingDate": "2021-11-03",
        "acceptedDate": "2021-11-03 08:34:41",
        "calendarYear": "2021",
        "period": "Q3",
        "revenue": 809436000,
        "costOfRevenue": 548677000,
        "grossProfit": 260759000,
        "grossProfitRatio": 0.3221490025,
        "researchAndDevelopmentExpenses": 0,
        "generalAndAdministrativeExpenses": 0,
        "sellingAndMarketingExpenses": 0,
        "sellingGeneralAndAdministrativeExpenses": 215891000,
        "otherExpenses": 31482000,
        "operatingExpenses": 250613000,
        "costAndExpenses": 799290000,
        "interestIncome": 0,
        "interestExpense": 9422000,
        "depreciationAndAmortization": 53194000,
        "ebitda": 96171000,
        "ebitdaratio": 0.1188123582,
        "operatingIncome": -16607000,
        "operatingIncomeRatio": -0.0205167549,
        "totalOtherIncomeExpensesNet": 50390000,
        "incomeBeforeTax": 33783000,
        "incomeBeforeTaxRatio": 0.0417364684,
        "incomeTaxExpense": -5900000,
        "netIncome": 39319000,
        "netIncomeRatio": 0.0485757985,
        "eps": 7.93,
        "epsdiluted": 7.9,
        "weightedAverageShsOut": 4961000,
        "weightedAverageShsOutDil": 4977000,
        "link": "https://www.sec.gov/Archives/edgar/data/104889/000010488921000046/0000104889-21-000046-index.htm",
        "finalLink": "https://www.sec.gov/Archives/edgar/data/104889/000010488921000046/ghc-20210930.htm"
    },
    {
        "date": "2021-06-30",
        "symbol": "GHC",
        "reportedCurrency": "USD",
        "cik": "0000104889",
        "fillingDate": "2021-08-04",
        "acceptedDate": "2021-08-04 08:58:41",
        "calendarYear": "2021",
        "period": "Q2",
        "revenue": 801152000,
        "costOfRevenue": 533875000,
        "grossProfit": 267277000,
        "grossProfitRatio": 0.3336158432,
        "researchAndDevelopmentExpenses": 0,
        "generalAndAdministrativeExpenses": 0,
        "sellingAndMarketingExpenses": 0,
        "sellingGeneralAndAdministrativeExpenses": 195429000,
        "otherExpenses": 25535000,
        "operatingExpenses": 225918000,
        "costAndExpenses": 759793000,
        "interestIncome": 1876000,
        "interestExpense": 7353000,
        "depreciationAndAmortization": 48669000,
        "ebitda": 214795000,
        "ebitdaratio": 0.2681076749,
        "operatingIncome": 37591000,
        "operatingIncomeRatio": 0.0469211835,
        "totalOtherIncomeExpensesNet": 121335000,
        "incomeBeforeTax": 158926000,
        "incomeBeforeTaxRatio": 0.1983718445,
        "incomeTaxExpense": 43000000,
        "netIncome": 114592000,
        "netIncomeRatio": 0.143034031,
        "eps": 23.07,
        "epsdiluted": 22.99,
        "weightedAverageShsOut": 4968000,
        "weightedAverageShsOutDil": 4985000,
        "link": "https://www.sec.gov/Archives/edgar/data/104889/000010488921000041/0000104889-21-000041-index.htm",
        "finalLink": "https://www.sec.gov/Archives/edgar/data/104889/000010488921000041/ghc-20210630.htm"
    },
    {
        "date": "2021-03-31",
        "symbol": "GHC",
        "reportedCurrency": "USD",
        "cik": "0000104889",
        "fillingDate": "2021-05-05",
        "acceptedDate": "2021-05-05 08:40:08",
        "calendarYear": "2021",
        "period": "Q1",
        "revenue": 712455000,
        "costOfRevenue": 471221000,
        "grossProfit": 241234000,
        "grossProfitRatio": 0.3385954201,
        "researchAndDevelopmentExpenses": 0,
        "generalAndAdministrativeExpenses": 0,
        "sellingAndMarketingExpenses": 0,
        "sellingGeneralAndAdministrativeExpenses": 175861000,
        "otherExpenses": 31485000,
        "operatingExpenses": 206343000,
        "costAndExpenses": 677564000,
        "interestIncome": 890000,
        "interestExpense": 8448000,
        "depreciationAndAmortization": 49076000,
        "ebitda": 211405000,
        "ebitdaratio": 0.2967275126,
        "operatingIncome": 33844000,
        "operatingIncomeRatio": 0.0475033511,
        "totalOtherIncomeExpensesNet": 120191000,
        "incomeBeforeTax": 154035000,
        "incomeBeforeTaxRatio": 0.2162031286,
        "incomeTaxExpense": 41400000,
        "netIncome": 111698000,
        "netIncomeRatio": 0.1567790246,
        "eps": 22.49,
        "epsdiluted": 22.44,
        "weightedAverageShsOut": 4967000,
        "weightedAverageShsOutDil": 4977000,
        "link": "https://www.sec.gov/Archives/edgar/data/104889/000010488921000030/0000104889-21-000030-index.htm",
        "finalLink": "https://www.sec.gov/Archives/edgar/data/104889/000010488921000030/ghc-20210331.htm"
    },
    {
        "date": "2020-12-31",
        "symbol": "GHC",
        "reportedCurrency": "USD",
        "cik": "0000104889",
        "fillingDate": "2021-02-24",
        "acceptedDate": "2021-02-24 11:07:02",
        "calendarYear": "2020",
        "period": "Q4",
        "revenue": 787011000,
        "costOfRevenue": 500969000,
        "grossProfit": 286042000,
        "grossProfitRatio": 0.3634536239,
        "researchAndDevelopmentExpenses": 0,
        "generalAndAdministrativeExpenses": 0,
        "sellingAndMarketingExpenses": 0,
        "sellingGeneralAndAdministrativeExpenses": 216332000,
        "otherExpenses": 221811000,
        "operatingExpenses": 740468000,
        "costAndExpenses": 740468000,
        "interestIncome": 876000,
        "interestExpense": 16008000,
        "depreciationAndAmortization": 50381000,
        "ebitda": 384132000,
        "ebitdaratio": 0.4880897472,
        "operatingIncome": 46201000,
        "operatingIncomeRatio": 0.0587043891,
        "totalOtherIncomeExpensesNet": 271542000,
        "incomeBeforeTax": 317743000,
        "incomeBeforeTaxRatio": 0.4037338741,
        "incomeTaxExpense": 80800000,
        "netIncome": 237141000,
        "netIncomeRatio": 0.301318533,
        "eps": 47.45,
        "epsdiluted": 47.34,
        "weightedAverageShsOut": 4970000,
        "weightedAverageShsOutDil": 4982000,
        "link": "https://www.sec.gov/Archives/edgar/data/104889/000010488921000018/0000104889-21-000018-index.htm",
        "finalLink": "https://www.sec.gov/Archives/edgar/data/104889/000010488921000018/ghc-20201231.htm"
    },
    {
        "date": "2020-09-30",
        "symbol": "GHC",
        "reportedCurrency": "USD",
        "cik": "0000104889",
        "fillingDate": "2020-11-04",
        "acceptedDate": "2020-11-04 08:42:52",
        "calendarYear": "2020",
        "period": "Q3",
        "revenue": 716982000,
        "costOfRevenue": 477960000,
        "grossProfit": 239022000,
        "grossProfitRatio": 0.3333723859,
        "researchAndDevelopmentExpenses": 0,
        "generalAndAdministrativeExpenses": 0,
        "sellingAndMarketingExpenses": 0,
        "sellingGeneralAndAdministrativeExpenses": 164231000,
        "otherExpenses": 10140000,
        "operatingExpenses": 674822000,
        "costAndExpenses": 674822000,
        "interestIncome": 890000,
        "interestExpense": 7247000,
        "depreciationAndAmortization": 53807000,
        "ebitda": 167192000,
        "ebitdaratio": 0.2331885598,
        "operatingIncome": 40244000,
        "operatingIncomeRatio": 0.0561297215,
        "totalOtherIncomeExpensesNet": 67810000,
        "incomeBeforeTax": 108054000,
        "incomeBeforeTaxRatio": 0.1507067123,
        "incomeTaxExpense": 30000000,
        "netIncome": 77175000,
        "netIncomeRatio": 0.1076386855,
        "eps": 15.25,
        "epsdiluted": 15.22,
        "weightedAverageShsOut": 5060000,
        "weightedAverageShsOutDil": 5072000,
        "link": "https://www.sec.gov/Archives/edgar/data/104889/000010488920000064/0000104889-20-000064-index.htm",
        "finalLink": "https://www.sec.gov/Archives/edgar/data/104889/000010488920000064/ghc-20200930.htm"
    },
    {
        "date": "2020-06-30",
        "symbol": "GHC",
        "reportedCurrency": "USD",
        "cik": "0000104889",
        "fillingDate": "2020-08-05",
        "acceptedDate": "2020-08-05 08:42:06",
        "calendarYear": "2020",
        "period": "Q2",
        "revenue": 652871000,
        "costOfRevenue": 433767000,
        "grossProfit": 219104000,
        "grossProfitRatio": 0.3356007542,
        "researchAndDevelopmentExpenses": 0,
        "generalAndAdministrativeExpenses": 0,
        "sellingAndMarketingExpenses": 0,
        "sellingGeneralAndAdministrativeExpenses": 164476000,
        "otherExpenses": 20236000,
        "operatingExpenses": 635483000,
        "costAndExpenses": 635483000,
        "interestIncome": 954000,
        "interestExpense": 7377000,
        "depreciationAndAmortization": 75956000,
        "ebitda": 144095000,
        "ebitdaratio": 0.2207097574,
        "operatingIncome": 5877000,
        "operatingIncomeRatio": 0.0090017783,
        "totalOtherIncomeExpensesNet": 54885000,
        "incomeBeforeTax": 60762000,
        "incomeBeforeTaxRatio": 0.0930689217,
        "incomeTaxExpense": 41900000,
        "netIncome": 18749000,
        "netIncomeRatio": 0.0287177712,
        "eps": 3.61,
        "epsdiluted": 3.6,
        "weightedAverageShsOut": 5196000,
        "weightedAverageShsOutDil": 5201000,
        "link": "https://www.sec.gov/Archives/edgar/data/104889/000010488920000045/0000104889-20-000045-index.htm",
        "finalLink": "https://www.sec.gov/Archives/edgar/data/104889/000010488920000045/ghc-20200630.htm"
    },
    {
        "date": "2020-03-31",
        "symbol": "GHC",
        "reportedCurrency": "USD",
        "cik": "0000104889",
        "fillingDate": "2020-05-05",
        "acceptedDate": "2020-05-05 09:04:29",
        "calendarYear": "2020",
        "period": "Q1",
        "revenue": 732257000,
        "costOfRevenue": 497427000,
        "grossProfit": 234830000,
        "grossProfitRatio": 0.3206934177,
        "researchAndDevelopmentExpenses": 0,
        "generalAndAdministrativeExpenses": 0,
        "sellingAndMarketingExpenses": 0,
        "sellingGeneralAndAdministrativeExpenses": 179475000,
        "otherExpenses": 18856000,
        "operatingExpenses": 707771000,
        "costAndExpenses": 707771000,
        "interestIncome": 1151000,
        "interestExpense": 7678000,
        "depreciationAndAmortization": 71019000,
        "ebitda": -16995000,
        "ebitdaratio": -0.0232090646,
        "operatingIncome": 8085000,
        "operatingIncomeRatio": 0.0110412055,
        "totalOtherIncomeExpensesNet": -87376000,
        "incomeBeforeTax": -79291000,
        "incomeBeforeTaxRatio": -0.1082830209,
        "incomeTaxExpense": -45400000,
        "netIncome": -33245000,
        "netIncomeRatio": -0.0454007268,
        "eps": -6.3,
        "epsdiluted": -6.3,
        "weightedAverageShsOut": 5273576,
        "weightedAverageShsOutDil": 5274000,
        "link": "https://www.sec.gov/Archives/edgar/data/104889/000010488920000031/0000104889-20-000031-index.htm",
        "finalLink": "https://www.sec.gov/Archives/edgar/data/104889/000010488920000031/a2020q110-q.htm"
    },
    {
        "date": "2019-12-31",
        "symbol": "GHC",
        "reportedCurrency": "USD",
        "cik": "0000104889",
        "fillingDate": "2020-02-26",
        "acceptedDate": "2020-02-26 14:25:16",
        "calendarYear": "2019",
        "period": "Q4",
        "revenue": 763478000,
        "costOfRevenue": 524277000,
        "grossProfit": 239201000,
        "grossProfitRatio": 0.3133043781,
        "researchAndDevelopmentExpenses": 0,
        "generalAndAdministrativeExpenses": 0,
        "sellingAndMarketingExpenses": 0,
        "sellingGeneralAndAdministrativeExpenses": 170576000,
        "otherExpenses": 107357000,
        "operatingExpenses": 725079000,
        "costAndExpenses": 725079000,
        "interestIncome": 1398000,
        "interestExpense": 7192000,
        "depreciationAndAmortization": 60701000,
        "ebitda": 253010000,
        "ebitdaratio": 0.3313913433,
        "operatingIncome": 30312000,
        "operatingIncomeRatio": 0.0397025193,
        "totalOtherIncomeExpensesNet": 154805000,
        "incomeBeforeTax": 185117000,
        "incomeBeforeTaxRatio": 0.2424654018,
        "incomeTaxExpense": 39100000,
        "netIncome": 145881000,
        "netIncomeRatio": 0.191074268,
        "eps": 27.45,
        "epsdiluted": 27.25,
        "weightedAverageShsOut": 5284000,
        "weightedAverageShsOutDil": 5324000,
        "link": "https://www.sec.gov/Archives/edgar/data/104889/000010488920000007/0000104889-20-000007-index.htm",
        "finalLink": "https://www.sec.gov/Archives/edgar/data/104889/000010488920000007/a2019q410-k.htm"
    },
    {
        "date": "2019-09-30",
        "symbol": "GHC",
        "reportedCurrency": "USD",
        "cik": "0000104889",
        "fillingDate": "2019-10-30",
        "acceptedDate": "2019-10-30 09:20:26",
        "calendarYear": "2019",
        "period": "Q3",
        "revenue": 738820000,
        "costOfRevenue": 517935000,
        "grossProfit": 220885000,
        "grossProfitRatio": 0.2989699792,
        "researchAndDevelopmentExpenses": 0,
        "generalAndAdministrativeExpenses": 0,
        "sellingAndMarketingExpenses": 0,
        "sellingGeneralAndAdministrativeExpenses": 175322000,
        "otherExpenses": 20075000,
        "operatingExpenses": 722180000,
        "costAndExpenses": 722180000,
        "interestIncome": 1474000,
        "interestExpense": 6776000,
        "depreciationAndAmortization": 50221000,
        "ebitda": 115162000,
        "ebitdaratio": 0.1558728784,
        "operatingIncome": 16268000,
        "operatingIncomeRatio": 0.022018895,
        "totalOtherIncomeExpensesNet": 41897000,
        "incomeBeforeTax": 58165000,
        "incomeBeforeTaxRatio": 0.0787268888,
        "incomeTaxExpense": 15200000,
        "netIncome": 42904000,
        "netIncomeRatio": 0.058070978,
        "eps": 8.12,
        "epsdiluted": 8.05,
        "weightedAverageShsOut": 5285000,
        "weightedAverageShsOutDil": 5329000,
        "link": "https://www.sec.gov/Archives/edgar/data/104889/000010488919000037/0000104889-19-000037-index.htm",
        "finalLink": "https://www.sec.gov/Archives/edgar/data/104889/000010488919000037/a2019q310-q.htm"
    },
    {
        "date": "2019-06-30",
        "symbol": "GHC",
        "reportedCurrency": "USD",
        "cik": "0000104889",
        "fillingDate": "2019-07-31",
        "acceptedDate": "2019-07-31 09:06:19",
        "calendarYear": "2019",
        "period": "Q2",
        "revenue": 737602000,
        "costOfRevenue": 503763000,
        "grossProfit": 233839000,
        "grossProfitRatio": 0.3170259842,
        "researchAndDevelopmentExpenses": 0,
        "generalAndAdministrativeExpenses": 0,
        "sellingAndMarketingExpenses": 0,
        "sellingGeneralAndAdministrativeExpenses": 148419000,
        "otherExpenses": 13140000,
        "operatingExpenses": 678946000,
        "costAndExpenses": 678946000,
        "interestIncome": 1579000,
        "interestExpense": 8386000,
        "depreciationAndAmortization": 47975000,
        "ebitda": 129505000,
        "ebitdaratio": 0.175575717,
        "operatingIncome": 57963000,
        "operatingIncomeRatio": 0.0785830299,
        "totalOtherIncomeExpensesNet": 15932000,
        "incomeBeforeTax": 73895000,
        "incomeBeforeTaxRatio": 0.1001827544,
        "incomeTaxExpense": 16700000,
        "netIncome": 56756000,
        "netIncomeRatio": 0.076946646,
        "eps": 10.74,
        "epsdiluted": 10.65,
        "weightedAverageShsOut": 5285000,
        "weightedAverageShsOutDil": 5329000,
        "link": "https://www.sec.gov/Archives/edgar/data/104889/000010488919000031/0000104889-19-000031-index.htm",
        "finalLink": "https://www.sec.gov/Archives/edgar/data/104889/000010488919000031/a2019q210-q.htm"
    },
    {
        "date": "2019-03-31",
        "symbol": "GHC",
        "reportedCurrency": "USD",
        "cik": "0000104889",
        "fillingDate": "2019-05-01",
        "acceptedDate": "2019-05-01 09:21:38",
        "calendarYear": "2019",
        "period": "Q1",
        "revenue": 692199000,
        "costOfRevenue": 477230000,
        "grossProfit": 214969000,
        "grossProfitRatio": 0.3105595356,
        "researchAndDevelopmentExpenses": 0,
        "generalAndAdministrativeExpenses": 0,
        "sellingAndMarketingExpenses": 0,
        "sellingGeneralAndAdministrativeExpenses": 148383000,
        "otherExpenses": 19582000,
        "operatingExpenses": 652196000,
        "costAndExpenses": 652196000,
        "interestIncome": 1700000,
        "interestExpense": 7425000,
        "depreciationAndAmortization": 46936000,
        "ebitda": 143310000,
        "ebitdaratio": 0.207035838,
        "operatingIncome": 40003000,
        "operatingIncomeRatio": 0.0577911843,
        "totalOtherIncomeExpensesNet": 69299000,
        "incomeBeforeTax": 109302000,
        "incomeBeforeTaxRatio": 0.1579054578,
        "incomeTaxExpense": 27600000,
        "netIncome": 81283000,
        "netIncomeRatio": 0.1174272139,
        "eps": 15.38,
        "epsdiluted": 15.26,
        "weightedAverageShsOut": 5284000,
        "weightedAverageShsOutDil": 5326000,
        "link": "https://www.sec.gov/Archives/edgar/data/104889/000010488919000019/0000104889-19-000019-index.htm",
        "finalLink": "https://www.sec.gov/Archives/edgar/data/104889/000010488919000019/d10q.htm"
    },
    {
        "date": "2018-12-31",
        "symbol": "GHC",
        "reportedCurrency": "USD",
        "cik": "0000104889",
        "fillingDate": "2019-02-25",
        "acceptedDate": "2019-02-25 13:34:56",
        "calendarYear": "2018",
        "period": "Q4",
        "revenue": 689087000,
        "costOfRevenue": 432706000,
        "grossProfit": 256381000,
        "grossProfitRatio": 0.3720589708,
        "researchAndDevelopmentExpenses": 0,
        "generalAndAdministrativeExpenses": 0,
        "sellingAndMarketingExpenses": 0,
        "sellingGeneralAndAdministrativeExpenses": 152624000,
        "otherExpenses": 41341000,
        "operatingExpenses": 613505000,
        "costAndExpenses": 613505000,
        "interestIncome": 1469000,
        "interestExpense": 6531000,
        "depreciationAndAmortization": 28175000,
        "ebitda": 157657000,
        "ebitdaratio": 0.2287911396,
        "operatingIncome": 75582000,
        "operatingIncomeRatio": 0.1096842634,
        "totalOtherIncomeExpensesNet": -6444000,
        "incomeBeforeTax": 69138000,
        "incomeBeforeTaxRatio": 0.1003327591,
        "incomeTaxExpense": 12400000,
        "netIncome": 56434000,
        "netIncomeRatio": 0.0818967707,
        "eps": 10.69,
        "epsdiluted": 10.61,
        "weightedAverageShsOut": 5270000,
        "weightedAverageShsOutDil": 5309000,
        "link": "https://www.sec.gov/Archives/edgar/data/104889/000010488919000013/0000104889-19-000013-index.htm",
        "finalLink": "https://www.sec.gov/Archives/edgar/data/104889/000010488919000013/d10k.htm"
    },
    {
        "date": "2018-09-30",
        "symbol": "GHC",
        "reportedCurrency": "USD",
        "cik": "0000104889",
        "fillingDate": "2018-10-31",
        "acceptedDate": "2018-10-31 09:09:22",
        "calendarYear": "2018",
        "period": "Q3",
        "revenue": 674766000,
        "costOfRevenue": 448920000,
        "grossProfit": 225846000,
        "grossProfitRatio": 0.3347026969,
        "researchAndDevelopmentExpenses": 0,
        "generalAndAdministrativeExpenses": 0,
        "sellingAndMarketingExpenses": 0,
        "sellingGeneralAndAdministrativeExpenses": 131081000,
        "otherExpenses": 18569000,
        "operatingExpenses": 605918000,
        "costAndExpenses": 605918000,
        "interestIncome": 611000,
        "interestExpense": 6135000,
        "depreciationAndAmortization": 34026000,
        "ebitda": 167122000,
        "ebitdaratio": 0.2476740085,
        "operatingIncome": 60739000,
        "operatingIncomeRatio": 0.0900149089,
        "totalOtherIncomeExpensesNet": 74331000,
        "incomeBeforeTax": 135070000,
        "incomeBeforeTaxRatio": 0.200173097,
        "incomeTaxExpense": 10000000,
        "netIncome": 124236000,
        "netIncomeRatio": 0.1841171606,
        "eps": 23.43,
        "epsdiluted": 23.28,
        "weightedAverageShsOut": 5302000,
        "weightedAverageShsOutDil": 5337000,
        "link": "https://www.sec.gov/Archives/edgar/data/104889/000010488918000046/0000104889-18-000046-index.htm",
        "finalLink": "https://www.sec.gov/Archives/edgar/data/104889/000010488918000046/d10q.htm"
    },
    {
        "date": "2018-06-30",
        "symbol": "GHC",
        "reportedCurrency": "USD",
        "cik": "0000104889",
        "fillingDate": "2018-08-01",
        "acceptedDate": "2018-08-01 09:29:32",
        "calendarYear": "2018",
        "period": "Q2",
        "revenue": 672677000,
        "costOfRevenue": 440655000,
        "grossProfit": 232022000,
        "grossProfitRatio": 0.3449233436,
        "researchAndDevelopmentExpenses": 0,
        "generalAndAdministrativeExpenses": 0,
        "sellingAndMarketingExpenses": 0,
        "sellingGeneralAndAdministrativeExpenses": 141378000,
        "otherExpenses": 23764000,
        "operatingExpenses": 607051000,
        "costAndExpenses": 607051000,
        "interestIncome": 1901000,
        "interestExpense": 17165000,
        "depreciationAndAmortization": 25018000,
        "ebitda": 113685000,
        "ebitdaratio": 0.1690038458,
        "operatingIncome": 65626000,
        "operatingIncomeRatio": 0.0975594528,
        "totalOtherIncomeExpensesNet": -2891000,
        "incomeBeforeTax": 62735000,
        "incomeBeforeTaxRatio": 0.0932616992,
        "incomeTaxExpense": 16100000,
        "netIncome": 46253000,
        "netIncomeRatio": 0.0687595978,
        "eps": 8.69,
        "epsdiluted": 8.63,
        "weightedAverageShsOut": 5325000,
        "weightedAverageShsOutDil": 5362000,
        "link": "https://www.sec.gov/Archives/edgar/data/104889/000010488918000036/0000104889-18-000036-index.htm",
        "finalLink": "https://www.sec.gov/Archives/edgar/data/104889/000010488918000036/d10q.htm"
    },
    {
        "date": "2018-03-31",
        "symbol": "GHC",
        "reportedCurrency": "USD",
        "cik": "0000104889",
        "fillingDate": "2018-05-02",
        "acceptedDate": "2018-05-02 08:56:00",
        "calendarYear": "2018",
        "period": "Q1",
        "revenue": 659436000,
        "costOfRevenue": 365151000,
        "grossProfit": 294285000,
        "grossProfitRatio": 0.4462677197,
        "researchAndDevelopmentExpenses": 0,
        "generalAndAdministrativeExpenses": 0,
        "sellingAndMarketingExpenses": 0,
        "sellingGeneralAndAdministrativeExpenses": 225045000,
        "otherExpenses": 21644000,
        "operatingExpenses": 615222000,
        "costAndExpenses": 615222000,
        "interestIncome": 1372000,
        "interestExpense": 8071000,
        "depreciationAndAmortization": 25026000,
        "ebitda": 89659000,
        "ebitdaratio": 0.1359631564,
        "operatingIncome": 44214000,
        "operatingIncomeRatio": 0.0670482048,
        "totalOtherIncomeExpensesNet": 12351000,
        "incomeBeforeTax": 56565000,
        "incomeBeforeTaxRatio": 0.0857778465,
        "incomeTaxExpense": 13600000,
        "netIncome": 42596000,
        "netIncomeRatio": 0.064594593,
        "eps": 7.84,
        "epsdiluted": 7.78,
        "weightedAverageShsOut": 5436000,
        "weightedAverageShsOutDil": 5473000,
        "link": "https://www.sec.gov/Archives/edgar/data/104889/000010488918000020/0000104889-18-000020-index.htm",
        "finalLink": "https://www.sec.gov/Archives/edgar/data/104889/000010488918000020/d10q.htm"
    },
    {
        "date": "2017-12-31",
        "symbol": "GHC",
        "reportedCurrency": "USD",
        "cik": "0000104889",
        "fillingDate": "2018-02-23",
        "acceptedDate": "2018-02-23 16:59:48",
        "calendarYear": "2017",
        "period": "Q4",
        "revenue": 675817000,
        "costOfRevenue": 579742000,
        "grossProfit": 96075000,
        "grossProfitRatio": 0.1421612655,
        "researchAndDevelopmentExpenses": 0,
        "generalAndAdministrativeExpenses": -73920000,
        "sellingAndMarketingExpenses": 305373000,
        "sellingGeneralAndAdministrativeExpenses": 231453000,
        "otherExpenses": -2640000,
        "operatingExpenses": 608623000,
        "costAndExpenses": 608623000,
        "interestIncome": 3184000,
        "interestExpense": 8103000,
        "depreciationAndAmortization": 28881000,
        "ebitda": 91569000,
        "ebitdaratio": 0.1354937801,
        "operatingIncome": 67116000,
        "operatingIncomeRatio": 0.0993109081,
        "totalOtherIncomeExpensesNet": -12256000,
        "incomeBeforeTax": 54860000,
        "incomeBeforeTaxRatio": 0.0811758213,
        "incomeTaxExpense": -159700000,
        "netIncome": 214178000,
        "netIncomeRatio": 0.3169171536,
        "eps": 38.76,
        "epsdiluted": 38.52,
        "weightedAverageShsOut": 5473000,
        "weightedAverageShsOutDil": 5509000,
        "link": "https://www.sec.gov/Archives/edgar/data/104889/000010488918000011/0000104889-18-000011-index.htm",
        "finalLink": "https://www.sec.gov/Archives/edgar/data/104889/000010488918000011/d2017q410k.htm"
    },
    {
        "date": "2017-09-30",
        "symbol": "GHC",
        "reportedCurrency": "USD",
        "cik": "0000104889",
        "fillingDate": "2017-11-01",
        "acceptedDate": "2017-11-01 10:55:04",
        "calendarYear": "2017",
        "period": "Q3",
        "revenue": 657225000,
        "costOfRevenue": 352635000,
        "grossProfit": 304590000,
        "grossProfitRatio": 0.4634485907,
        "researchAndDevelopmentExpenses": 0,
        "generalAndAdministrativeExpenses": 163287000,
        "sellingAndMarketingExpenses": 69495000,
        "sellingGeneralAndAdministrativeExpenses": 232782000,
        "otherExpenses": 749000,
        "operatingExpenses": 612342000,
        "costAndExpenses": 612342000,
        "interestIncome": 861000,
        "interestExpense": 8619000,
        "depreciationAndAmortization": 27238000,
        "ebitda": 74101000,
        "ebitdaratio": 0.1127482978,
        "operatingIncome": 44571000,
        "operatingIncomeRatio": 0.0678169577,
        "totalOtherIncomeExpensesNet": -6327000,
        "incomeBeforeTax": 38244000,
        "incomeBeforeTaxRatio": 0.0581901175,
        "incomeTaxExpense": 13400000,
        "netIncome": 24553000,
        "netIncomeRatio": 0.037358591,
        "eps": 4.45,
        "epsdiluted": 4.42,
        "weightedAverageShsOut": 5518000,
        "weightedAverageShsOutDil": 5554000,
        "link": "https://www.sec.gov/Archives/edgar/data/104889/000010488917000040/0000104889-17-000040-index.htm",
        "finalLink": "https://www.sec.gov/Archives/edgar/data/104889/000010488917000040/d2017q310q.htm"
    },
    {
        "date": "2017-06-30",
        "symbol": "GHC",
        "reportedCurrency": "USD",
        "cik": "0000104889",
        "fillingDate": "2017-08-02",
        "acceptedDate": "2017-08-02 09:05:31",
        "calendarYear": "2017",
        "period": "Q2",
        "revenue": 676087000,
        "costOfRevenue": 358252000,
        "grossProfit": 317835000,
        "grossProfitRatio": 0.4701096161,
        "researchAndDevelopmentExpenses": 0,
        "generalAndAdministrativeExpenses": 140316000,
        "sellingAndMarketingExpenses": 73532000,
        "sellingGeneralAndAdministrativeExpenses": 213848000,
        "otherExpenses": 603000,
        "operatingExpenses": 598502000,
        "costAndExpenses": 598502000,
        "interestIncome": 1173000,
        "interestExpense": 9035000,
        "depreciationAndAmortization": 35625000,
        "ebitda": 110559000,
        "ebitdaratio": 0.1635277708,
        "operatingIncome": 68361000,
        "operatingIncomeRatio": 0.1011127266,
        "totalOtherIncomeExpensesNet": -2462000,
        "incomeBeforeTax": 65899000,
        "incomeBeforeTaxRatio": 0.0974711834,
        "incomeTaxExpense": 23900000,
        "netIncome": 41206000,
        "netIncomeRatio": 0.0609477774,
        "eps": 7.51,
        "epsdiluted": 7.46,
        "weightedAverageShsOut": 5539000,
        "weightedAverageShsOutDil": 5577000,
        "link": "https://www.sec.gov/Archives/edgar/data/104889/000010488917000033/0000104889-17-000033-index.htm",
        "finalLink": "https://www.sec.gov/Archives/edgar/data/104889/000010488917000033/d10q.htm"
    },
    {
        "date": "2017-03-31",
        "symbol": "GHC",
        "reportedCurrency": "USD",
        "cik": "0000104889",
        "fillingDate": "2017-05-03",
        "acceptedDate": "2017-05-03 12:28:52",
        "calendarYear": "2017",
        "period": "Q1",
        "revenue": 582717000,
        "costOfRevenue": 300666000,
        "grossProfit": 282051000,
        "grossProfitRatio": 0.4840274095,
        "researchAndDevelopmentExpenses": 0,
        "generalAndAdministrativeExpenses": 167393000,
        "sellingAndMarketingExpenses": 64116000,
        "sellingGeneralAndAdministrativeExpenses": 231509000,
        "otherExpenses": -537000,
        "operatingExpenses": 553663000,
        "costAndExpenses": 553663000,
        "interestIncome": 1363000,
        "interestExpense": 8129000,
        "depreciationAndAmortization": 21488000,
        "ebitda": 50542000,
        "ebitdaratio": 0.0867350704,
        "operatingIncome": 29054000,
        "operatingIncomeRatio": 0.0498595373,
        "totalOtherIncomeExpensesNet": -5268000,
        "incomeBeforeTax": 23786000,
        "incomeBeforeTaxRatio": 0.0408191283,
        "incomeTaxExpense": 2700000,
        "netIncome": 21086000,
        "netIncomeRatio": 0.0361856613,
        "eps": 3.77,
        "epsdiluted": 3.75,
        "weightedAverageShsOut": 5535000,
        "weightedAverageShsOutDil": 5569000,
        "link": "https://www.sec.gov/Archives/edgar/data/104889/000010488917000022/0000104889-17-000022-index.htm",
        "finalLink": "https://www.sec.gov/Archives/edgar/data/104889/000010488917000022/d10q.htm"
    },
    {
        "date": "2016-12-31",
        "symbol": "GHC",
        "reportedCurrency": "USD",
        "cik": "0000104889",
        "fillingDate": "2017-02-24",
        "acceptedDate": "2017-02-24 14:37:09",
        "calendarYear": "2016",
        "period": "Q4",
        "revenue": 629579000,
        "costOfRevenue": 495259000,
        "grossProfit": 134320000,
        "grossProfitRatio": 0.2133489205,
        "researchAndDevelopmentExpenses": 0,
        "generalAndAdministrativeExpenses": -115905000,
        "sellingAndMarketingExpenses": 311078000,
        "sellingGeneralAndAdministrativeExpenses": 195173000,
        "otherExpenses": -28513000,
        "operatingExpenses": 518487000,
        "costAndExpenses": 518487000,
        "interestIncome": 1041000,
        "interestExpense": 10857000,
        "depreciationAndAmortization": 23228000,
        "ebitda": 94952000,
        "ebitdaratio": 0.1508182452,
        "operatingIncome": 109489000,
        "operatingIncomeRatio": 0.1739082784,
        "totalOtherIncomeExpensesNet": -45371000,
        "incomeBeforeTax": 64118000,
        "incomeBeforeTaxRatio": 0.1018426599,
        "incomeTaxExpense": 27200000,
        "netIncome": 36918000,
        "netIncomeRatio": 0.0586391859,
        "eps": 6.6,
        "epsdiluted": 6.57,
        "weightedAverageShsOut": 5527000,
        "weightedAverageShsOutDil": 5556000,
        "link": "https://www.sec.gov/Archives/edgar/data/104889/000010488917000010/0000104889-17-000010-index.htm",
        "finalLink": "https://www.sec.gov/Archives/edgar/data/104889/000010488917000010/d10k.htm"
    },
    {
        "date": "2016-09-30",
        "symbol": "GHC",
        "reportedCurrency": "USD",
        "cik": "0000104889",
        "fillingDate": "2016-11-02",
        "acceptedDate": "2016-11-02 09:56:16",
        "calendarYear": "2016",
        "period": "Q3",
        "revenue": 621638000,
        "costOfRevenue": 293194000,
        "grossProfit": 328444000,
        "grossProfitRatio": 0.5283525138,
        "researchAndDevelopmentExpenses": 0,
        "generalAndAdministrativeExpenses": 151163000,
        "sellingAndMarketingExpenses": 86531000,
        "sellingGeneralAndAdministrativeExpenses": 237694000,
        "otherExpenses": 572000,
        "operatingExpenses": 553605000,
        "costAndExpenses": 553605000,
        "interestIncome": 740000,
        "interestExpense": 8614000,
        "depreciationAndAmortization": 22717000,
        "ebitda": 90750000,
        "ebitdaratio": 0.145985284,
        "operatingIncome": 68033000,
        "operatingIncomeRatio": 0.1094415078,
        "totalOtherIncomeExpensesNet": -27107000,
        "incomeBeforeTax": 40926000,
        "incomeBeforeTaxRatio": 0.0658357436,
        "incomeTaxExpense": 7800000,
        "netIncome": 33126000,
        "netIncomeRatio": 0.0532882481,
        "eps": 5.9,
        "epsdiluted": 5.87,
        "weightedAverageShsOut": 5544000,
        "weightedAverageShsOutDil": 5574000,
        "link": "https://www.sec.gov/Archives/edgar/data/104889/000010488916000112/0000104889-16-000112-index.htm",
        "finalLink": "https://www.sec.gov/Archives/edgar/data/104889/000010488916000112/d10q.htm"
    },
    {
        "date": "2016-06-30",
        "symbol": "GHC",
        "reportedCurrency": "USD",
        "cik": "0000104889",
        "fillingDate": "2016-08-03",
        "acceptedDate": "2016-08-03 09:39:34",
        "calendarYear": "2016",
        "period": "Q2",
        "revenue": 628933000,
        "costOfRevenue": 296033000,
        "grossProfit": 332900000,
        "grossProfitRatio": 0.5293091633,
        "researchAndDevelopmentExpenses": 0,
        "generalAndAdministrativeExpenses": 165536000,
        "sellingAndMarketingExpenses": 70901000,
        "sellingGeneralAndAdministrativeExpenses": 236437000,
        "otherExpenses": 1278000,
        "operatingExpenses": 554793000,
        "costAndExpenses": 554793000,
        "interestIncome": 721000,
        "interestExpense": 7971000,
        "depreciationAndAmortization": 22323000,
        "ebitda": 96463000,
        "ebitdaratio": 0.1533756378,
        "operatingIncome": 74140000,
        "operatingIncomeRatio": 0.1178821909,
        "totalOtherIncomeExpensesNet": 10859000,
        "incomeBeforeTax": 84999000,
        "incomeBeforeTaxRatio": 0.135147941,
        "incomeTaxExpense": 23800000,
        "netIncome": 60766000,
        "netIncomeRatio": 0.0966176047,
        "eps": 10.82,
        "epsdiluted": 10.76,
        "weightedAverageShsOut": 5544000,
        "weightedAverageShsOutDil": 5574000,
        "link": "https://www.sec.gov/Archives/edgar/data/104889/000010488916000106/0000104889-16-000106-index.htm",
        "finalLink": "https://www.sec.gov/Archives/edgar/data/104889/000010488916000106/d10q.htm"
    },
    {
        "date": "2016-03-31",
        "symbol": "GHC",
        "reportedCurrency": "USD",
        "cik": "0000104889",
        "fillingDate": "2016-05-04",
        "acceptedDate": "2016-05-04 16:55:41",
        "calendarYear": "2016",
        "period": "Q1",
        "revenue": 601740000,
        "costOfRevenue": 291632000,
        "grossProfit": 310108000,
        "grossProfitRatio": 0.5153521454,
        "researchAndDevelopmentExpenses": 0,
        "generalAndAdministrativeExpenses": 167055000,
        "sellingAndMarketingExpenses": 68158000,
        "sellingGeneralAndAdministrativeExpenses": 235213000,
        "otherExpenses": -146000,
        "operatingExpenses": 549868000,
        "costAndExpenses": 549868000,
        "interestIncome": 591000,
        "interestExpense": 7948000,
        "depreciationAndAmortization": 23023000,
        "ebitda": 74895000,
        "ebitdaratio": 0.1244640542,
        "operatingIncome": 51872000,
        "operatingIncomeRatio": 0.0862033436,
        "totalOtherIncomeExpensesNet": 8743000,
        "incomeBeforeTax": 60615000,
        "incomeBeforeTaxRatio": 0.1007328747,
        "incomeTaxExpense": 22400000,
        "netIncome": 37780000,
        "netIncomeRatio": 0.0627845914,
        "eps": 6.63,
        "epsdiluted": 6.59,
        "weightedAverageShsOut": 5623000,
        "weightedAverageShsOutDil": 5652000,
        "link": "https://www.sec.gov/Archives/edgar/data/104889/000010488916000094/0000104889-16-000094-index.htm",
        "finalLink": "https://www.sec.gov/Archives/edgar/data/104889/000010488916000094/d10q.htm"
    },
    {
        "date": "2015-12-31",
        "symbol": "GHC",
        "reportedCurrency": "USD",
        "cik": "0000104889",
        "fillingDate": "2016-02-26",
        "acceptedDate": "2016-02-26 15:23:00",
        "calendarYear": "2015",
        "period": "Q4",
        "revenue": 616367000,
        "costOfRevenue": 523563000,
        "grossProfit": 92804000,
        "grossProfitRatio": 0.15056614,
        "researchAndDevelopmentExpenses": 0,
        "generalAndAdministrativeExpenses": -40141000,
        "sellingAndMarketingExpenses": 279924000,
        "sellingGeneralAndAdministrativeExpenses": 239783000,
        "otherExpenses": 21262000,
        "operatingExpenses": 544323000,
        "costAndExpenses": 544323000,
        "interestIncome": 546000,
        "interestExpense": 7975000,
        "depreciationAndAmortization": 20760000,
        "ebitda": 110344000,
        "ebitdaratio": 0.1790232118,
        "operatingIncome": 67811000,
        "operatingIncomeRatio": 0.1100172462,
        "totalOtherIncomeExpensesNet": 13798000,
        "incomeBeforeTax": 81609000,
        "incomeBeforeTaxRatio": 0.1324032597,
        "incomeTaxExpense": 30500000,
        "netIncome": 51169000,
        "netIncomeRatio": 0.0830170986,
        "eps": 8.78,
        "epsdiluted": 8.72,
        "weightedAverageShsOut": 5746000,
        "weightedAverageShsOutDil": 5834000,
        "link": "https://www.sec.gov/Archives/edgar/data/104889/000010488916000088/0000104889-16-000088-index.htm",
        "finalLink": "https://www.sec.gov/Archives/edgar/data/104889/000010488916000088/d10k.htm"
    },
    {
        "date": "2015-09-30",
        "symbol": "GHC",
        "reportedCurrency": "USD",
        "cik": "0000104889",
        "fillingDate": "2015-11-05",
        "acceptedDate": "2015-11-05 16:50:54",
        "calendarYear": "2015",
        "period": "Q3",
        "revenue": 641432000,
        "costOfRevenue": 587592000,
        "grossProfit": 53840000,
        "grossProfitRatio": 0.0839371905,
        "researchAndDevelopmentExpenses": 0,
        "generalAndAdministrativeExpenses": 0,
        "sellingAndMarketingExpenses": 0,
        "sellingGeneralAndAdministrativeExpenses": 285563000,
        "otherExpenses": -40458000,
        "operatingExpenses": 606564000,
        "costAndExpenses": 606564000,
        "interestIncome": 481000,
        "interestExpense": 7830000,
        "depreciationAndAmortization": 18972000,
        "ebitda": 13958000,
        "ebitdaratio": 0.0217606855,
        "operatingIncome": -213723000,
        "operatingIncomeRatio": -0.33319666,
        "totalOtherIncomeExpensesNet": -47712000,
        "incomeBeforeTax": -261435000,
        "incomeBeforeTaxRatio": -0.4075802267,
        "incomeTaxExpense": -30500000,
        "netIncome": -230843000,
        "netIncomeRatio": -0.3598869405,
        "eps": -40.23,
        "epsdiluted": -39.55,
        "weightedAverageShsOut": 5738000,
        "weightedAverageShsOutDil": 5837000,
        "link": "https://www.sec.gov/Archives/edgar/data/104889/000010488915000069/0000104889-15-000069-index.htm",
        "finalLink": "https://www.sec.gov/Archives/edgar/data/104889/000010488915000069/d10q.htm"
    },
    {
        "date": "2015-06-30",
        "symbol": "GHC",
        "reportedCurrency": "USD",
        "cik": "0000104889",
        "fillingDate": "2015-08-05",
        "acceptedDate": "2015-08-05 16:42:06",
        "calendarYear": "2015",
        "period": "Q2",
        "revenue": 879571000,
        "costOfRevenue": 383891000,
        "grossProfit": 495680000,
        "grossProfitRatio": 0.5635474567,
        "researchAndDevelopmentExpenses": 0,
        "generalAndAdministrativeExpenses": 256761000,
        "sellingAndMarketingExpenses": 77457000,
        "sellingGeneralAndAdministrativeExpenses": 334218000,
        "otherExpenses": 325000,
        "operatingExpenses": 783800000,
        "costAndExpenses": 783800000,
        "interestIncome": 338000,
        "interestExpense": 9631000,
        "depreciationAndAmortization": 65691000,
        "ebitda": 140440000,
        "ebitdaratio": 0.1596687476,
        "operatingIncome": 88895000,
        "operatingIncomeRatio": 0.1010663153,
        "totalOtherIncomeExpensesNet": 2032000,
        "incomeBeforeTax": 90927000,
        "incomeBeforeTaxRatio": 0.1033765324,
        "incomeTaxExpense": 32500000,
        "netIncome": 57782000,
        "netIncomeRatio": 0.0656933892,
        "eps": 9.92,
        "epsdiluted": 9.87,
        "weightedAverageShsOut": 5720000,
        "weightedAverageShsOutDil": 5805000,
        "link": "https://www.sec.gov/Archives/edgar/data/104889/000010488915000058/0000104889-15-000058-index.htm",
        "finalLink": "https://www.sec.gov/Archives/edgar/data/104889/000010488915000058/d10q.htm"
    },
    {
        "date": "2015-03-31",
        "symbol": "GHC",
        "reportedCurrency": "USD",
        "cik": "0000104889",
        "fillingDate": "2015-05-11",
        "acceptedDate": "2015-05-11 14:28:23",
        "calendarYear": "2015",
        "period": "Q1",
        "revenue": 846148000,
        "costOfRevenue": 736279000,
        "grossProfit": 109869000,
        "grossProfitRatio": 0.1298460789,
        "researchAndDevelopmentExpenses": 0,
        "generalAndAdministrativeExpenses": 279175000,
        "sellingAndMarketingExpenses": 74027000,
        "sellingGeneralAndAdministrativeExpenses": 353202000,
        "otherExpenses": -1105000,
        "operatingExpenses": 799593000,
        "costAndExpenses": 799593000,
        "interestIncome": 559000,
        "interestExpense": 8521000,
        "depreciationAndAmortization": 63314000,
        "ebitda": 71226000,
        "ebitdaratio": 0.0841767634,
        "operatingIncome": 46555000,
        "operatingIncomeRatio": 0.0550199256,
        "totalOtherIncomeExpensesNet": -9451000,
        "incomeBeforeTax": 37084000,
        "incomeBeforeTaxRatio": 0.0438268483,
        "incomeTaxExpense": 14500000,
        "netIncome": 20606000,
        "netIncomeRatio": 0.0243527137,
        "eps": 3.51,
        "epsdiluted": 3.48,
        "weightedAverageShsOut": 5704000,
        "weightedAverageShsOutDil": 5791000,
        "link": "https://www.sec.gov/Archives/edgar/data/104889/000010488915000032/0000104889-15-000032-index.htm",
        "finalLink": "https://www.sec.gov/Archives/edgar/data/104889/000010488915000032/d10q.htm"
    },
    {
        "date": "2014-12-31",
        "symbol": "GHC",
        "reportedCurrency": "USD",
        "cik": "0000104889",
        "fillingDate": "2015-02-27",
        "acceptedDate": "2015-02-27 17:23:49",
        "calendarYear": "2014",
        "period": "Q4",
        "revenue": 925343000,
        "costOfRevenue": 711202000,
        "grossProfit": 214141000,
        "grossProfitRatio": 0.2314179715,
        "researchAndDevelopmentExpenses": 0,
        "generalAndAdministrativeExpenses": -23722000,
        "sellingAndMarketingExpenses": 343576000,
        "sellingGeneralAndAdministrativeExpenses": 319854000,
        "otherExpenses": 387346000,
        "operatingExpenses": 761819000,
        "costAndExpenses": 761819000,
        "interestIncome": 367000,
        "interestExpense": 9879000,
        "depreciationAndAmortization": 50617000,
        "ebitda": 584754000,
        "ebitdaratio": 0.6319321592,
        "operatingIncome": 146222000,
        "operatingIncomeRatio": 0.1580192426,
        "totalOtherIncomeExpensesNet": 378036000,
        "incomeBeforeTax": 524258000,
        "incomeBeforeTaxRatio": 0.5665553206,
        "incomeTaxExpense": 191900000,
        "netIncome": 334410000,
        "netIncomeRatio": 0.3613903169,
        "eps": 57.71,
        "epsdiluted": 57.41,
        "weightedAverageShsOut": 5678000,
        "weightedAverageShsOutDil": 5770000,
        "link": "https://www.sec.gov/Archives/edgar/data/104889/000010488915000017/0000104889-15-000017-index.htm",
        "finalLink": "https://www.sec.gov/Archives/edgar/data/104889/000010488915000017/d10k.htm"
    },
    {
        "date": "2014-09-30",
        "symbol": "GHC",
        "reportedCurrency": "USD",
        "cik": "0000104889",
        "fillingDate": "2014-11-05",
        "acceptedDate": "2014-11-05 17:20:54",
        "calendarYear": "2014",
        "period": "Q3",
        "revenue": 898871000,
        "costOfRevenue": 757111000,
        "grossProfit": 141760000,
        "grossProfitRatio": 0.1577089482,
        "researchAndDevelopmentExpenses": 0,
        "generalAndAdministrativeExpenses": 276606000,
        "sellingAndMarketingExpenses": 81583000,
        "sellingGeneralAndAdministrativeExpenses": 358189000,
        "otherExpenses": 64526000,
        "operatingExpenses": 817590000,
        "costAndExpenses": 817590000,
        "interestIncome": 529000,
        "interestExpense": 9330000,
        "depreciationAndAmortization": 60479000,
        "ebitda": 96129000,
        "ebitdaratio": 0.1069441555,
        "operatingIncome": 81281000,
        "operatingIncomeRatio": 0.0904256562,
        "totalOtherIncomeExpensesNet": -14879000,
        "incomeBeforeTax": 141619000,
        "incomeBeforeTaxRatio": 0.1575520848,
        "incomeTaxExpense": 58200000,
        "netIncome": 76351000,
        "netIncomeRatio": 0.0849409982,
        "eps": 13.18,
        "epsdiluted": 13.12,
        "weightedAverageShsOut": 5671000,
        "weightedAverageShsOutDil": 5757000,
        "link": "https://www.sec.gov/Archives/edgar/data/104889/000010488914000054/0000104889-14-000054-index.htm",
        "finalLink": "https://www.sec.gov/Archives/edgar/data/104889/000010488914000054/d10q.htm"
    },
    {
        "date": "2014-06-30",
        "symbol": "GHC",
        "reportedCurrency": "USD",
        "cik": "0000104889",
        "fillingDate": "2014-08-06",
        "acceptedDate": "2014-08-06 13:39:48",
        "calendarYear": "2014",
        "period": "Q2",
        "revenue": 878628000,
        "costOfRevenue": 720993000,
        "grossProfit": 157635000,
        "grossProfitRatio": 0.1794103989,
        "researchAndDevelopmentExpenses": 0,
        "generalAndAdministrativeExpenses": 240239000,
        "sellingAndMarketingExpenses": 82475000,
        "sellingGeneralAndAdministrativeExpenses": 322714000,
        "otherExpenses": 268114000,
        "operatingExpenses": 776370000,
        "costAndExpenses": 776370000,
        "interestIncome": 641000,
        "interestExpense": 8557000,
        "depreciationAndAmortization": 55377000,
        "ebitda": 517876000,
        "ebitdaratio": 0.5894144052,
        "operatingIncome": 94484000,
        "operatingIncomeRatio": 0.10753584,
        "totalOtherIncomeExpensesNet": 344625000,
        "incomeBeforeTax": 446185000,
        "incomeBeforeTaxRatio": 0.5078201469,
        "incomeTaxExpense": 76800000,
        "netIncome": 750137000,
        "netIncomeRatio": 0.8537594978,
        "eps": 100.8,
        "epsdiluted": 100.48,
        "weightedAverageShsOut": 7284000,
        "weightedAverageShsOutDil": 7363000,
        "link": "https://www.sec.gov/Archives/edgar/data/104889/000010488914000043/0000104889-14-000043-index.htm",
        "finalLink": "https://www.sec.gov/Archives/edgar/data/104889/000010488914000043/d10q.htm"
    },
    {
        "date": "2014-03-31",
        "symbol": "GHC",
        "reportedCurrency": "USD",
        "cik": "0000104889",
        "fillingDate": "2014-05-07",
        "acceptedDate": "2014-05-06 20:40:14",
        "calendarYear": "2014",
        "period": "Q1",
        "revenue": 840561000,
        "costOfRevenue": 704706000,
        "grossProfit": 135855000,
        "grossProfitRatio": 0.161624201,
        "researchAndDevelopmentExpenses": 0,
        "generalAndAdministrativeExpenses": 247390000,
        "sellingAndMarketingExpenses": 78247000,
        "sellingGeneralAndAdministrativeExpenses": 325637000,
        "otherExpenses": 133273000,
        "operatingExpenses": 761032000,
        "costAndExpenses": 761032000,
        "interestIncome": 599000,
        "interestExpense": 8820000,
        "depreciationAndAmortization": 56326000,
        "ebitda": 136074000,
        "ebitdaratio": 0.1618847413,
        "operatingIncome": 79529000,
        "operatingIncomeRatio": 0.0946141922,
        "totalOtherIncomeExpensesNet": 129764000,
        "incomeBeforeTax": 208633000,
        "incomeBeforeTaxRatio": 0.2482068523,
        "incomeTaxExpense": 77400000,
        "netIncome": 132098000,
        "netIncomeRatio": 0.157154567,
        "eps": 17.85,
        "epsdiluted": 17.79,
        "weightedAverageShsOut": 7275000,
        "weightedAverageShsOutDil": 7352000,
        "link": "https://www.sec.gov/Archives/edgar/data/104889/000010488914000022/0000104889-14-000022-index.htm",
        "finalLink": "https://www.sec.gov/Archives/edgar/data/104889/000010488914000022/d10q.htm"
    },
    {
        "date": "2013-12-31",
        "symbol": "GHC",
        "reportedCurrency": "USD",
        "cik": "0000104889",
        "fillingDate": "2014-02-28",
        "acceptedDate": "2014-02-28 17:01:43",
        "calendarYear": "2013",
        "period": "Q4",
        "revenue": 888899000,
        "costOfRevenue": 716520000,
        "grossProfit": 172379000,
        "grossProfitRatio": 0.1939241691,
        "researchAndDevelopmentExpenses": 0,
        "generalAndAdministrativeExpenses": -31288000,
        "sellingAndMarketingExpenses": 366316000,
        "sellingGeneralAndAdministrativeExpenses": 335028000,
        "otherExpenses": -14920000,
        "operatingExpenses": 780125000,
        "costAndExpenses": 780125000,
        "interestIncome": 590000,
        "interestExpense": 8838000,
        "depreciationAndAmortization": 63605000,
        "ebitda": 154836000,
        "ebitdaratio": 0.1741885186,
        "operatingIncome": 105524000,
        "operatingIncomeRatio": 0.1187131496,
        "totalOtherIncomeExpensesNet": -23131000,
        "incomeBeforeTax": 82393000,
        "incomeBeforeTaxRatio": 0.0926910706,
        "incomeTaxExpense": 26700000,
        "netIncome": 156473000,
        "netIncomeRatio": 0.1760301227,
        "eps": 21.2,
        "epsdiluted": 21.14,
        "weightedAverageShsOut": 7266000,
        "weightedAverageShsOutDil": 7347000,
        "link": "https://www.sec.gov/Archives/edgar/data/104889/000010488914000013/0000104889-14-000013-index.htm",
        "finalLink": "https://www.sec.gov/Archives/edgar/data/104889/000010488914000013/d10k.htm"
    },
    {
        "date": "2013-09-30",
        "symbol": "GHC",
        "reportedCurrency": "USD",
        "cik": "0000104889",
        "fillingDate": "2013-11-06",
        "acceptedDate": "2013-11-05 19:00:22",
        "calendarYear": "2013",
        "period": "Q3",
        "revenue": 902479000,
        "costOfRevenue": 762136000,
        "grossProfit": 140343000,
        "grossProfitRatio": 0.1555083276,
        "researchAndDevelopmentExpenses": 0,
        "generalAndAdministrativeExpenses": 246803000,
        "sellingAndMarketingExpenses": 84444000,
        "sellingGeneralAndAdministrativeExpenses": 331247000,
        "otherExpenses": 8110000,
        "operatingExpenses": 820606000,
        "costAndExpenses": 820606000,
        "interestIncome": 642000,
        "interestExpense": 9221000,
        "depreciationAndAmortization": 58470000,
        "ebitda": 154987000,
        "ebitdaratio": 0.171734744,
        "operatingIncome": 81873000,
        "operatingIncomeRatio": 0.0907201165,
        "totalOtherIncomeExpensesNet": 8407000,
        "incomeBeforeTax": 87296000,
        "incomeBeforeTaxRatio": 0.0967291206,
        "incomeTaxExpense": 31000000,
        "netIncome": 30144000,
        "netIncomeRatio": 0.0334013312,
        "eps": 4.07,
        "epsdiluted": 4.05,
        "weightedAverageShsOut": 7231000,
        "weightedAverageShsOutDil": 7337000,
        "link": "https://www.sec.gov/Archives/edgar/data/104889/000010488913000045/0000104889-13-000045-index.htm",
        "finalLink": "https://www.sec.gov/Archives/edgar/data/104889/000010488913000045/d10q.htm"
    },
    {
        "date": "2013-06-30",
        "symbol": "GHC",
        "reportedCurrency": "USD",
        "cik": "0000104889",
        "fillingDate": "2013-08-07",
        "acceptedDate": "2013-08-07 14:36:37",
        "calendarYear": "2013",
        "period": "Q2",
        "revenue": 1021851000,
        "costOfRevenue": 861613000,
        "grossProfit": 160238000,
        "grossProfitRatio": 0.1568115117,
        "researchAndDevelopmentExpenses": 0,
        "generalAndAdministrativeExpenses": 205592000,
        "sellingAndMarketingExpenses": 186702000,
        "sellingGeneralAndAdministrativeExpenses": 392294000,
        "otherExpenses": -12858000,
        "operatingExpenses": 928801000,
        "costAndExpenses": 928801000,
        "interestIncome": 522000,
        "interestExpense": 9048000,
        "depreciationAndAmortization": 67188000,
        "ebitda": 155021000,
        "ebitdaratio": 0.1517060707,
        "operatingIncome": 93050000,
        "operatingIncomeRatio": 0.0910602426,
        "totalOtherIncomeExpensesNet": -17516000,
        "incomeBeforeTax": 75534000,
        "incomeBeforeTaxRatio": 0.0739188003,
        "incomeTaxExpense": 30400000,
        "netIncome": 44675000,
        "netIncomeRatio": 0.0437196812,
        "eps": 6.02,
        "epsdiluted": 6.02,
        "weightedAverageShsOut": 7229000,
        "weightedAverageShsOutDil": 7283000,
        "link": "https://www.sec.gov/Archives/edgar/data/104889/000010488913000032/0000104889-13-000032-index.htm",
        "finalLink": "https://www.sec.gov/Archives/edgar/data/104889/000010488913000032/d10q.htm"
    },
    {
        "date": "2013-03-31",
        "symbol": "GHC",
        "reportedCurrency": "USD",
        "cik": "0000104889",
        "fillingDate": "2013-05-07",
        "acceptedDate": "2013-05-07 16:08:01",
        "calendarYear": "2013",
        "period": "Q1",
        "revenue": 959105000,
        "costOfRevenue": 866537000,
        "grossProfit": 92568000,
        "grossProfitRatio": 0.0965149801,
        "researchAndDevelopmentExpenses": 0,
        "generalAndAdministrativeExpenses": 0,
        "sellingAndMarketingExpenses": 0,
        "sellingGeneralAndAdministrativeExpenses": 414556000,
        "otherExpenses": -4083000,
        "operatingExpenses": 936045000,
        "costAndExpenses": 936045000,
        "interestIncome": 510000,
        "interestExpense": 8960000,
        "depreciationAndAmortization": 69508000,
        "ebitda": 92413000,
        "ebitdaratio": 0.0963533711,
        "operatingIncome": 23060000,
        "operatingIncomeRatio": 0.0240432487,
        "totalOtherIncomeExpensesNet": -9115000,
        "incomeBeforeTax": 13945000,
        "incomeBeforeTaxRatio": 0.0145395968,
        "incomeTaxExpense": 7300000,
        "netIncome": 4718000,
        "netIncomeRatio": 0.0049191694,
        "eps": 0.64,
        "epsdiluted": 0.64,
        "weightedAverageShsOut": 7227000,
        "weightedAverageShsOutDil": 7266000,
        "link": "https://www.sec.gov/Archives/edgar/data/104889/000010488913000018/0000104889-13-000018-index.htm",
        "finalLink": "https://www.sec.gov/Archives/edgar/data/104889/000010488913000018/d10q.htm"
    },
    {
        "date": "2012-12-31",
        "symbol": "GHC",
        "reportedCurrency": "USD",
        "cik": "0000104889",
        "fillingDate": "2013-02-28",
        "acceptedDate": "2013-02-28 11:01:10",
        "calendarYear": "2012",
        "period": "Q4",
        "revenue": 1050096000,
        "costOfRevenue": 865438000,
        "grossProfit": 184658000,
        "grossProfitRatio": 0.1758486843,
        "researchAndDevelopmentExpenses": 0,
        "generalAndAdministrativeExpenses": -389286000,
        "sellingAndMarketingExpenses": 785831000,
        "sellingGeneralAndAdministrativeExpenses": 396545000,
        "otherExpenses": -17572000,
        "operatingExpenses": 952928000,
        "costAndExpenses": 952928000,
        "interestIncome": 901000,
        "interestExpense": 9064000,
        "depreciationAndAmortization": 87490000,
        "ebitda": 59181000,
        "ebitdaratio": 0.0563577044,
        "operatingIncome": -14425000,
        "operatingIncomeRatio": -0.0137368393,
        "totalOtherIncomeExpensesNet": -22950000,
        "incomeBeforeTax": -37375000,
        "incomeBeforeTaxRatio": -0.035591984,
        "incomeTaxExpense": 8000000,
        "netIncome": -45439000,
        "netIncomeRatio": -0.0432712819,
        "eps": -6.58,
        "epsdiluted": -6.29,
        "weightedAverageShsOut": 6907596,
        "weightedAverageShsOutDil": 7223000,
        "link": "https://www.sec.gov/Archives/edgar/data/104889/000010488913000009/0000104889-13-000009-index.htm",
        "finalLink": "https://www.sec.gov/Archives/edgar/data/104889/000010488913000009/d10k.htm"
    },
    {
        "date": "2012-09-30",
        "symbol": "GHC",
        "reportedCurrency": "USD",
        "cik": "0000104889",
        "fillingDate": "2012-11-07",
        "acceptedDate": "2012-11-07 10:43:35",
        "calendarYear": "2012",
        "period": "Q3",
        "revenue": 1011334000,
        "costOfRevenue": 866583000,
        "grossProfit": 144751000,
        "grossProfitRatio": 0.1431287784,
        "researchAndDevelopmentExpenses": 0,
        "generalAndAdministrativeExpenses": 187803000,
        "sellingAndMarketingExpenses": 195158000,
        "sellingGeneralAndAdministrativeExpenses": 382961000,
        "otherExpenses": 68830000,
        "operatingExpenses": 68830000,
        "costAndExpenses": 935413000,
        "interestIncome": 648000,
        "interestExpense": 8738000,
        "depreciationAndAmortization": 68830000,
        "ebitda": 149498000,
        "ebitdaratio": 0.1478225789,
        "operatingIncome": 75921000,
        "operatingIncomeRatio": 0.0750701549,
        "totalOtherIncomeExpensesNet": -17143000,
        "incomeBeforeTax": 76093000,
        "incomeBeforeTaxRatio": 0.0752402273,
        "incomeTaxExpense": 31200000,
        "netIncome": 93796000,
        "netIncomeRatio": 0.0927448301,
        "eps": 12.64,
        "epsdiluted": 12.64,
        "weightedAverageShsOut": 7272000,
        "weightedAverageShsOutDil": 7376000,
        "link": "https://www.sec.gov/Archives/edgar/data/104889/000010488912000036/0000104889-12-000036-index.htm",
        "finalLink": "https://www.sec.gov/Archives/edgar/data/104889/000010488912000036/d10Q.htm"
    },
    {
        "date": "2012-06-30",
        "symbol": "GHC",
        "reportedCurrency": "USD",
        "cik": "0000104889",
        "fillingDate": "2012-08-07",
        "acceptedDate": "2012-08-07 17:08:24",
        "calendarYear": "2012",
        "period": "Q2",
        "revenue": 1006919000,
        "costOfRevenue": 879145000,
        "grossProfit": 127774000,
        "grossProfitRatio": 0.1268960065,
        "researchAndDevelopmentExpenses": 0,
        "generalAndAdministrativeExpenses": 218411000,
        "sellingAndMarketingExpenses": 190086000,
        "sellingGeneralAndAdministrativeExpenses": 408497000,
        "otherExpenses": 67421000,
        "operatingExpenses": 67421000,
        "costAndExpenses": 946566000,
        "interestIncome": 775000,
        "interestExpense": 8979000,
        "depreciationAndAmortization": 67421000,
        "ebitda": 133957000,
        "ebitdaratio": 0.1330365203,
        "operatingIncome": 60353000,
        "operatingIncomeRatio": 0.059938287,
        "totalOtherIncomeExpensesNet": -2857000,
        "incomeBeforeTax": 54303000,
        "incomeBeforeTaxRatio": 0.0539298593,
        "incomeTaxExpense": 20100000,
        "netIncome": 51814000,
        "netIncomeRatio": 0.0514579624,
        "eps": 6.84,
        "epsdiluted": 6.84,
        "weightedAverageShsOut": 7431000,
        "weightedAverageShsOutDil": 7545000,
        "link": "https://www.sec.gov/Archives/edgar/data/104889/000010488912000019/0000104889-12-000019-index.htm",
        "finalLink": "https://www.sec.gov/Archives/edgar/data/104889/000010488912000019/d10Q.htm"
    },
    {
        "date": "2012-03-31",
        "symbol": "GHC",
        "reportedCurrency": "USD",
        "cik": "0000104889",
        "fillingDate": "2012-05-09",
        "acceptedDate": "2012-05-09 11:47:11",
        "calendarYear": "2012",
        "period": "Q1",
        "revenue": 972476000,
        "costOfRevenue": 888569000,
        "grossProfit": 83907000,
        "grossProfitRatio": 0.0862818208,
        "researchAndDevelopmentExpenses": 0,
        "generalAndAdministrativeExpenses": 246620000,
        "sellingAndMarketingExpenses": 170750000,
        "sellingGeneralAndAdministrativeExpenses": 417370000,
        "otherExpenses": 66438000,
        "operatingExpenses": 66438000,
        "costAndExpenses": 955007000,
        "interestIncome": 1069000,
        "interestExpense": 9163000,
        "depreciationAndAmortization": 66438000,
        "ebitda": 102375000,
        "ebitdaratio": 0.1052725209,
        "operatingIncome": 17469000,
        "operatingIncomeRatio": 0.0179634253,
        "totalOtherIncomeExpensesNet": 553000,
        "incomeBeforeTax": 21851000,
        "incomeBeforeTaxRatio": 0.0224694491,
        "incomeTaxExpense": 10500000,
        "netIncome": 31047000,
        "netIncomeRatio": 0.0319257236,
        "eps": 4.07,
        "epsdiluted": 4.07,
        "weightedAverageShsOut": 7514000,
        "weightedAverageShsOutDil": 7615000,
        "link": "https://www.sec.gov/Archives/edgar/data/104889/000010488912000012/0000104889-12-000012-index.htm",
        "finalLink": "https://www.sec.gov/Archives/edgar/data/104889/000010488912000012/d10Q.htm"
    },
    {
        "date": "2011-12-31",
        "symbol": "GHC",
        "reportedCurrency": "USD",
        "cik": "0000104889",
        "fillingDate": "2012-02-29",
        "acceptedDate": "2012-02-29 15:09:49",
        "calendarYear": "2011",
        "period": "Q4",
        "revenue": 1063439000,
        "costOfRevenue": 481805000,
        "grossProfit": 581634000,
        "grossProfitRatio": 0.5469368718,
        "researchAndDevelopmentExpenses": 0,
        "generalAndAdministrativeExpenses": 0,
        "sellingAndMarketingExpenses": 0,
        "sellingGeneralAndAdministrativeExpenses": 403058000,
        "otherExpenses": 70831000,
        "operatingExpenses": 473889000,
        "costAndExpenses": 955694000,
        "interestIncome": 1174000,
        "interestExpense": 8638000,
        "depreciationAndAmortization": 70859000,
        "ebitda": 181419000,
        "ebitdaratio": 0.1705965269,
        "operatingIncome": 107745000,
        "operatingIncomeRatio": 0.101317518,
        "totalOtherIncomeExpensesNet": -5823000,
        "incomeBeforeTax": 101922000,
        "incomeBeforeTaxRatio": 0.0958418866,
        "incomeTaxExpense": 41800000,
        "netIncome": 61714000,
        "netIncomeRatio": 0.0580324777,
        "eps": 7.81,
        "epsdiluted": 7.81,
        "weightedAverageShsOut": 7604000,
        "weightedAverageShsOutDil": 7900000,
        "link": "https://www.sec.gov/Archives/edgar/data/104889/000010488912000006/0000104889-12-000006-index.htm",
        "finalLink": "https://www.sec.gov/Archives/edgar/data/104889/000010488912000006/d10k.htm"
    },
    {
        "date": "2011-10-02",
        "symbol": "GHC",
        "reportedCurrency": "USD",
        "cik": "0000104889",
        "fillingDate": "2011-11-09",
        "acceptedDate": "2011-11-09 16:54:13",
        "calendarYear": "2011",
        "period": "Q3",
        "revenue": 1032640000,
        "costOfRevenue": 897509000,
        "grossProfit": 135131000,
        "grossProfitRatio": 0.1308597381,
        "researchAndDevelopmentExpenses": 0,
        "generalAndAdministrativeExpenses": 222955000,
        "sellingAndMarketingExpenses": 170553000,
        "sellingGeneralAndAdministrativeExpenses": 393508000,
        "otherExpenses": 71247000,
        "operatingExpenses": 71247000,
        "costAndExpenses": 968756000,
        "interestIncome": 994000,
        "interestExpense": 8667000,
        "depreciationAndAmortization": 71247000,
        "ebitda": 134631000,
        "ebitdaratio": 0.1303755423,
        "operatingIncome": 51961000,
        "operatingIncomeRatio": 0.0503186009,
        "totalOtherIncomeExpensesNet": -57095000,
        "incomeBeforeTax": 13144000,
        "incomeBeforeTaxRatio": 0.0127285404,
        "incomeTaxExpense": 16600000,
        "netIncome": -5982000,
        "netIncomeRatio": -0.0057929191,
        "eps": -0.77,
        "epsdiluted": -0.76,
        "weightedAverageShsOut": 7802000,
        "weightedAverageShsOutDil": 7883000,
        "link": "https://www.sec.gov/Archives/edgar/data/104889/000119312511304715/0001193125-11-304715-index.htm",
        "finalLink": "https://www.sec.gov/Archives/edgar/data/104889/000119312511304715/d252309d10q.htm"
    },
    {
        "date": "2011-07-03",
        "symbol": "GHC",
        "reportedCurrency": "USD",
        "cik": "0000104889",
        "fillingDate": "2011-08-11",
        "acceptedDate": "2011-08-11 17:16:22",
        "calendarYear": "2011",
        "period": "Q2",
        "revenue": 1072997000,
        "costOfRevenue": 500204000,
        "grossProfit": 572793000,
        "grossProfitRatio": 0.5338253509,
        "researchAndDevelopmentExpenses": 0,
        "generalAndAdministrativeExpenses": 227604000,
        "sellingAndMarketingExpenses": 193352000,
        "sellingGeneralAndAdministrativeExpenses": 420956000,
        "otherExpenses": 70744000,
        "operatingExpenses": 491700000,
        "costAndExpenses": 991904000,
        "interestIncome": 997000,
        "interestExpense": 7960000,
        "depreciationAndAmortization": 72466000,
        "ebitda": 156109000,
        "ebitdaratio": 0.1454887572,
        "operatingIncome": 81093000,
        "operatingIncomeRatio": 0.0755761666,
        "totalOtherIncomeExpensesNet": -5410000,
        "incomeBeforeTax": 74677000,
        "incomeBeforeTaxRatio": 0.0695966531,
        "incomeTaxExpense": 27500000,
        "netIncome": 45573000,
        "netIncomeRatio": 0.0424726257,
        "eps": 5.74,
        "epsdiluted": 5.74,
        "weightedAverageShsOut": 7852000,
        "weightedAverageShsOutDil": 7933000,
        "link": "https://www.sec.gov/Archives/edgar/data/104889/000119312511219776/0001193125-11-219776-index.htm",
        "finalLink": "https://www.sec.gov/Archives/edgar/data/104889/000119312511219776/d10q.htm"
    },
    {
        "date": "2011-04-03",
        "symbol": "GHC",
        "reportedCurrency": "USD",
        "cik": "0000104889",
        "fillingDate": "2011-05-11",
        "acceptedDate": "2011-05-11 11:47:44",
        "calendarYear": "2011",
        "period": "Q1",
        "revenue": 1063612000,
        "costOfRevenue": 940887000,
        "grossProfit": 122725000,
        "grossProfitRatio": 0.1153851216,
        "researchAndDevelopmentExpenses": 0,
        "generalAndAdministrativeExpenses": 281297000,
        "sellingAndMarketingExpenses": 177384000,
        "sellingGeneralAndAdministrativeExpenses": 458681000,
        "otherExpenses": 70722000,
        "operatingExpenses": 70722000,
        "costAndExpenses": 1011609000,
        "interestIncome": 982000,
        "interestExpense": 7961000,
        "depreciationAndAmortization": 70722000,
        "ebitda": 107962000,
        "ebitdaratio": 0.1015050601,
        "operatingIncome": 52003000,
        "operatingIncomeRatio": 0.0488928293,
        "totalOtherIncomeExpensesNet": -22724000,
        "incomeBeforeTax": 24729000,
        "incomeBeforeTaxRatio": 0.0232500197,
        "incomeTaxExpense": 9100000,
        "netIncome": 15154000,
        "netIncomeRatio": 0.0142476768,
        "eps": 1.87,
        "epsdiluted": 1.87,
        "weightedAverageShsOut": 8046000,
        "weightedAverageShsOutDil": 8119000,
        "link": "https://www.sec.gov/Archives/edgar/data/104889/000119312511135490/0001193125-11-135490-index.htm",
        "finalLink": "https://www.sec.gov/Archives/edgar/data/104889/000119312511135490/d10q.htm"
    },
    {
        "date": "2010-12-31",
        "symbol": "GHC",
        "reportedCurrency": "USD",
        "cik": "0000104889",
        "fillingDate": "2011-03-02",
        "acceptedDate": "2011-03-02 15:13:02",
        "calendarYear": "2010",
        "period": "Q4",
        "revenue": 1190007000,
        "costOfRevenue": 499508000,
        "grossProfit": 690499000,
        "grossProfitRatio": 0.5802478473,
        "researchAndDevelopmentExpenses": 0,
        "generalAndAdministrativeExpenses": 898993000,
        "sellingAndMarketingExpenses": 230744000,
        "sellingGeneralAndAdministrativeExpenses": 470279000,
        "otherExpenses": 70555000,
        "operatingExpenses": 540834000,
        "costAndExpenses": 1040342000,
        "interestIncome": 1051000,
        "interestExpense": 7693000,
        "depreciationAndAmortization": 70556000,
        "ebitda": 225738000,
        "ebitdaratio": 0.1896946825,
        "operatingIncome": 149665000,
        "operatingIncomeRatio": 0.1257681678,
        "totalOtherIncomeExpensesNet": -2176000,
        "incomeBeforeTax": 147489000,
        "incomeBeforeTaxRatio": 0.1239396071,
        "incomeTaxExpense": 68500000,
        "netIncome": 78987000,
        "netIncomeRatio": 0.0663752398,
        "eps": 9.63,
        "epsdiluted": 9.63,
        "weightedAverageShsOut": 8200000,
        "weightedAverageShsOutDil": 8200000,
        "link": "https://www.sec.gov/Archives/edgar/data/104889/000119312511053497/0001193125-11-053497-index.htm",
        "finalLink": "https://www.sec.gov/Archives/edgar/data/104889/000119312511053497/d10k.htm"
    },
    {
        "date": "2010-10-03",
        "symbol": "GHC",
        "reportedCurrency": "USD",
        "cik": "0000104889",
        "fillingDate": "2010-11-10",
        "acceptedDate": "2010-11-10 15:18:55",
        "calendarYear": "2010",
        "period": "Q3",
        "revenue": 1189723000,
        "costOfRevenue": 964101000,
        "grossProfit": 225622000,
        "grossProfitRatio": 0.189642463,
        "researchAndDevelopmentExpenses": 0,
        "generalAndAdministrativeExpenses": 286651000,
        "sellingAndMarketingExpenses": 200532000,
        "sellingGeneralAndAdministrativeExpenses": 487183000,
        "otherExpenses": 67570000,
        "operatingExpenses": 67570000,
        "costAndExpenses": 1031671000,
        "interestIncome": 600000,
        "interestExpense": 7633000,
        "depreciationAndAmortization": 67570000,
        "ebitda": 222039000,
        "ebitdaratio": 0.1866308376,
        "operatingIncome": 130575000,
        "operatingIncomeRatio": 0.1097524382,
        "totalOtherIncomeExpensesNet": 694000,
        "incomeBeforeTax": 138168000,
        "incomeBeforeTaxRatio": 0.116134596,
        "incomeTaxExpense": 56800000,
        "netIncome": 60922000,
        "netIncomeRatio": 0.0512068776,
        "eps": 6.85,
        "epsdiluted": 6.84,
        "weightedAverageShsOut": 8839000,
        "weightedAverageShsOutDil": 8904000,
        "link": "https://www.sec.gov/Archives/edgar/data/104889/000119312510255855/0001193125-10-255855-index.htm",
        "finalLink": "https://www.sec.gov/Archives/edgar/data/104889/000119312510255855/d10q.htm"
    },
    {
        "date": "2010-07-04",
        "symbol": "GHC",
        "reportedCurrency": "USD",
        "cik": "0000104889",
        "fillingDate": "2010-08-11",
        "acceptedDate": "2010-08-11 16:54:49",
        "calendarYear": "2010",
        "period": "Q2",
        "revenue": 1201812000,
        "costOfRevenue": 969586000,
        "grossProfit": 232226000,
        "grossProfitRatio": 0.1932298895,
        "researchAndDevelopmentExpenses": 0,
        "generalAndAdministrativeExpenses": 288865000,
        "sellingAndMarketingExpenses": 207241000,
        "sellingGeneralAndAdministrativeExpenses": 496106000,
        "otherExpenses": 68737000,
        "operatingExpenses": 68737000,
        "costAndExpenses": 1038323000,
        "interestIncome": 599000,
        "interestExpense": 7598000,
        "depreciationAndAmortization": 68737000,
        "ebitda": 236158000,
        "ebitdaratio": 0.1965016159,
        "operatingIncome": 163489000,
        "operatingIncomeRatio": 0.1360354198,
        "totalOtherIncomeExpensesNet": -5370000,
        "incomeBeforeTax": 153347000,
        "incomeBeforeTaxRatio": 0.127596496,
        "incomeTaxExpense": 58900000,
        "netIncome": 91904000,
        "netIncomeRatio": 0.0764711952,
        "eps": 10,
        "epsdiluted": 10,
        "weightedAverageShsOut": 9126000,
        "weightedAverageShsOutDil": 9193000,
        "link": "https://www.sec.gov/Archives/edgar/data/104889/000119312510186099/0001193125-10-186099-index.htm",
        "finalLink": "https://www.sec.gov/Archives/edgar/data/104889/000119312510186099/d10q.htm"
    },
    {
        "date": "2010-04-04",
        "symbol": "GHC",
        "reportedCurrency": "USD",
        "cik": "0000104889",
        "fillingDate": "2010-05-11",
        "acceptedDate": "2010-05-11 17:09:13",
        "calendarYear": "2010",
        "period": "Q1",
        "revenue": 1171158000,
        "costOfRevenue": 1009335000,
        "grossProfit": 161823000,
        "grossProfitRatio": 0.1381735001,
        "researchAndDevelopmentExpenses": 0,
        "generalAndAdministrativeExpenses": 323477000,
        "sellingAndMarketingExpenses": 195088000,
        "sellingGeneralAndAdministrativeExpenses": 518565000,
        "otherExpenses": 69312000,
        "operatingExpenses": 69312000,
        "costAndExpenses": 1078647000,
        "interestIncome": 326000,
        "interestExpense": 7579000,
        "depreciationAndAmortization": 69312000,
        "ebitda": 161311000,
        "ebitdaratio": 0.1377363259,
        "operatingIncome": 92511000,
        "operatingIncomeRatio": 0.0789910499,
        "totalOtherIncomeExpensesNet": -8091000,
        "incomeBeforeTax": 73828000,
        "incomeBeforeTaxRatio": 0.0630384628,
        "incomeTaxExpense": 28000000,
        "netIncome": 45379000,
        "netIncomeRatio": 0.0387471204,
        "eps": 4.91,
        "epsdiluted": 4.91,
        "weightedAverageShsOut": 9175000,
        "weightedAverageShsOutDil": 9241000,
        "link": "https://www.sec.gov/Archives/edgar/data/104889/000119312510116316/0001193125-10-116316-index.htm",
        "finalLink": "https://www.sec.gov/Archives/edgar/data/104889/000119312510116316/d10q.htm"
    },
    {
        "date": "2009-12-31",
        "symbol": "GHC",
        "reportedCurrency": "USD",
        "cik": "0000104889",
        "fillingDate": "2010-03-02",
        "acceptedDate": "2010-03-02 14:41:18",
        "calendarYear": "2009",
        "period": "Q4",
        "revenue": 1238432000,
        "costOfRevenue": 502450000,
        "grossProfit": 735982000,
        "grossProfitRatio": 0.5942853544,
        "researchAndDevelopmentExpenses": 0,
        "generalAndAdministrativeExpenses": 901236000,
        "sellingAndMarketingExpenses": 253986000,
        "sellingGeneralAndAdministrativeExpenses": 519542000,
        "otherExpenses": 70256000,
        "operatingExpenses": 589798000,
        "costAndExpenses": 1092248000,
        "interestIncome": 759000,
        "interestExpense": 8451000,
        "depreciationAndAmortization": 70256000,
        "ebitda": 213356000,
        "ebitdaratio": 0.1722791401,
        "operatingIncome": 146184000,
        "operatingIncomeRatio": 0.1180395855,
        "totalOtherIncomeExpensesNet": -11535000,
        "incomeBeforeTax": 134649000,
        "incomeBeforeTaxRatio": 0.1087253882,
        "incomeTaxExpense": 52400000,
        "netIncome": 81715000,
        "netIncomeRatio": 0.0659826296,
        "eps": 8.69,
        "epsdiluted": 8.69,
        "weightedAverageShsOut": 9308000,
        "weightedAverageShsOutDil": 9400000,
        "link": "https://www.sec.gov/Archives/edgar/data/104889/000119312510045806/0001193125-10-045806-index.htm",
        "finalLink": "https://www.sec.gov/Archives/edgar/data/104889/000119312510045806/d10k.htm"
    },
    {
        "date": "2009-09-27",
        "symbol": "GHC",
        "reportedCurrency": "USD",
        "cik": "0000104889",
        "fillingDate": "2009-11-06",
        "acceptedDate": "2009-11-06 10:25:09",
        "calendarYear": "2009",
        "period": "Q3",
        "revenue": 1148711000,
        "costOfRevenue": 985230000,
        "grossProfit": 163481000,
        "grossProfitRatio": 0.14231691,
        "researchAndDevelopmentExpenses": 0,
        "generalAndAdministrativeExpenses": 298453000,
        "sellingAndMarketingExpenses": 195320000,
        "sellingGeneralAndAdministrativeExpenses": 493773000,
        "otherExpenses": 76861000,
        "operatingExpenses": 76861000,
        "costAndExpenses": 1062091000,
        "interestIncome": 555000,
        "interestExpense": 7533000,
        "depreciationAndAmortization": 76861000,
        "ebitda": 124954000,
        "ebitdaratio": 0.1087775777,
        "operatingIncome": 61233000,
        "operatingIncomeRatio": 0.0533058358,
        "totalOtherIncomeExpensesNet": -34067000,
        "incomeBeforeTax": 27166000,
        "incomeBeforeTaxRatio": 0.0236491163,
        "incomeTaxExpense": 10100000,
        "netIncome": 17050000,
        "netIncomeRatio": 0.0148427237,
        "eps": 1.81,
        "epsdiluted": 1.81,
        "weightedAverageShsOut": 9340067,
        "weightedAverageShsOutDil": 9401010,
        "link": "https://www.sec.gov/Archives/edgar/data/104889/000119312509226770/0001193125-09-226770-index.htm",
        "finalLink": "https://www.sec.gov/Archives/edgar/data/104889/000119312509226770/d10q.htm"
    },
    {
        "date": "2009-06-28",
        "symbol": "GHC",
        "reportedCurrency": "USD",
        "cik": "0000104889",
        "fillingDate": "2009-08-04",
        "acceptedDate": "2009-08-04 17:25:25",
        "calendarYear": "2009",
        "period": "Q2",
        "revenue": 1128468000,
        "costOfRevenue": 1031519000,
        "grossProfit": 96949000,
        "grossProfitRatio": 0.0859120507,
        "researchAndDevelopmentExpenses": 0,
        "generalAndAdministrativeExpenses": 306088000,
        "sellingAndMarketingExpenses": 211493000,
        "sellingGeneralAndAdministrativeExpenses": 517581000,
        "otherExpenses": 90768000,
        "operatingExpenses": 90768000,
        "costAndExpenses": 1122287000,
        "interestIncome": 475000,
        "interestExpense": 7701000,
        "depreciationAndAmortization": 90768000,
        "ebitda": 130209000,
        "ebitdaratio": 0.1153856379,
        "operatingIncome": 6181000,
        "operatingIncomeRatio": 0.0054773374,
        "totalOtherIncomeExpensesNet": -985000,
        "incomeBeforeTax": 18468000,
        "incomeBeforeTaxRatio": 0.0163655505,
        "incomeTaxExpense": 7100000,
        "netIncome": 12249000,
        "netIncomeRatio": 0.0108545391,
        "eps": 1.3,
        "epsdiluted": 1.3,
        "weightedAverageShsOut": 9339815,
        "weightedAverageShsOutDil": 9400420,
        "link": "https://www.sec.gov/Archives/edgar/data/104889/000119312509163921/0001193125-09-163921-index.htm",
        "finalLink": "https://www.sec.gov/Archives/edgar/data/104889/000119312509163921/d10q.htm"
    },
    {
        "date": "2009-03-29",
        "symbol": "GHC",
        "reportedCurrency": "USD",
        "cik": "0000104889",
        "fillingDate": "2009-05-06",
        "acceptedDate": "2009-05-06 15:51:03",
        "calendarYear": "2009",
        "period": "Q1",
        "revenue": 1054120000,
        "costOfRevenue": 495093000,
        "grossProfit": 559027000,
        "grossProfitRatio": 0.5303257694,
        "researchAndDevelopmentExpenses": 0,
        "generalAndAdministrativeExpenses": 296695000,
        "sellingAndMarketingExpenses": 197310000,
        "sellingGeneralAndAdministrativeExpenses": 494005000,
        "otherExpenses": 84628000,
        "operatingExpenses": 578633000,
        "costAndExpenses": 1073726000,
        "interestIncome": 808000,
        "interestExpense": 7880000,
        "depreciationAndAmortization": 84628000,
        "ebitda": 61025000,
        "ebitdaratio": 0.0578918909,
        "operatingIncome": -19606000,
        "operatingIncomeRatio": -0.0185994004,
        "totalOtherIncomeExpensesNet": -11877000,
        "incomeBeforeTax": -31483000,
        "incomeBeforeTaxRatio": -0.0298666186,
        "incomeTaxExpense": -12000000,
        "netIncome": -18695000,
        "netIncomeRatio": -0.0177351725,
        "eps": -2,
        "epsdiluted": -2,
        "weightedAverageShsOut": 9339000,
        "weightedAverageShsOutDil": 9339000,
        "link": "https://www.sec.gov/Archives/edgar/data/104889/000119312509101492/0001193125-09-101492-index.htm",
        "finalLink": "https://www.sec.gov/Archives/edgar/data/104889/000119312509101492/d10q.htm"
    },
    {
        "date": "2008-12-31",
        "symbol": "GHC",
        "reportedCurrency": "USD",
        "cik": "0000104889",
        "fillingDate": "2009-02-26",
        "acceptedDate": "2009-02-26 14:44:22",
        "calendarYear": "2008",
        "period": "Q4",
        "revenue": 1163565000,
        "costOfRevenue": 508563000,
        "grossProfit": 655002000,
        "grossProfitRatio": 0.562926867,
        "researchAndDevelopmentExpenses": 0,
        "generalAndAdministrativeExpenses": -642951000,
        "sellingAndMarketingExpenses": 1083084000,
        "sellingGeneralAndAdministrativeExpenses": 440133000,
        "otherExpenses": 17174000,
        "operatingExpenses": 457307000,
        "costAndExpenses": 965870000,
        "interestIncome": 1117000,
        "interestExpense": 5144000,
        "depreciationAndAmortization": 76864000,
        "ebitda": 134692000,
        "ebitdaratio": 0.1157580367,
        "operatingIncome": 62256000,
        "operatingIncomeRatio": 0.0535045313,
        "totalOtherIncomeExpensesNet": 9571000,
        "incomeBeforeTax": 71827000,
        "incomeBeforeTaxRatio": 0.0617301139,
        "incomeTaxExpense": 53000000,
        "netIncome": 18827000,
        "netIncomeRatio": 0.0161804454,
        "eps": 2,
        "epsdiluted": 2,
        "weightedAverageShsOut": 9333000,
        "weightedAverageShsOutDil": 9400000,
        "link": "https://www.sec.gov/Archives/edgar/data/104889/000119312509038899/0001193125-09-038899-index.htm",
        "finalLink": "https://www.sec.gov/Archives/edgar/data/104889/000119312509038899/d10k.htm"
    },
    {
        "date": "2008-09-28",
        "symbol": "GHC",
        "reportedCurrency": "USD",
        "cik": "0000104889",
        "fillingDate": "2008-11-05",
        "acceptedDate": "2008-11-04 18:28:35",
        "calendarYear": "2008",
        "period": "Q3",
        "revenue": 1128658000,
        "costOfRevenue": 516115000,
        "grossProfit": 612543000,
        "grossProfitRatio": 0.542717989,
        "researchAndDevelopmentExpenses": 0,
        "generalAndAdministrativeExpenses": 172675000,
        "sellingAndMarketingExpenses": 261475000,
        "sellingGeneralAndAdministrativeExpenses": 434150000,
        "otherExpenses": 138126000,
        "operatingExpenses": 572276000,
        "costAndExpenses": 1088391000,
        "interestIncome": 1173000,
        "interestExpense": 6882000,
        "depreciationAndAmortization": 78436000,
        "ebitda": 98184000,
        "ebitdaratio": 0.086991808,
        "operatingIncome": 40267000,
        "operatingIncomeRatio": 0.0356768835,
        "totalOtherIncomeExpensesNet": -27401000,
        "incomeBeforeTax": 12829000,
        "incomeBeforeTaxRatio": 0.0113665964,
        "incomeTaxExpense": 2500000,
        "netIncome": 10093000,
        "netIncomeRatio": 0.0089424786,
        "eps": 1.08,
        "epsdiluted": 1.08,
        "weightedAverageShsOut": 9334000,
        "weightedAverageShsOutDil": 9358000,
        "link": "https://www.sec.gov/Archives/edgar/data/104889/000119312508224501/0001193125-08-224501-index.htm",
        "finalLink": "https://www.sec.gov/Archives/edgar/data/104889/000119312508224501/d10q.htm"
    },
    {
        "date": "2008-06-29",
        "symbol": "GHC",
        "reportedCurrency": "USD",
        "cik": "0000104889",
        "fillingDate": "2008-08-06",
        "acceptedDate": "2008-08-06 13:50:20",
        "calendarYear": "2008",
        "period": "Q2",
        "revenue": 1106217000,
        "costOfRevenue": 507985000,
        "grossProfit": 598232000,
        "grossProfitRatio": 0.5407908213,
        "researchAndDevelopmentExpenses": 0,
        "generalAndAdministrativeExpenses": 256956000,
        "sellingAndMarketingExpenses": 268699000,
        "sellingGeneralAndAdministrativeExpenses": 525655000,
        "otherExpenses": 67761000,
        "operatingExpenses": 593416000,
        "costAndExpenses": 1101401000,
        "interestIncome": 1286000,
        "interestExpense": 6098000,
        "depreciationAndAmortization": 67761000,
        "ebitda": 71107000,
        "ebitdaratio": 0.0642794316,
        "operatingIncome": 4816000,
        "operatingIncomeRatio": 0.0043535762,
        "totalOtherIncomeExpensesNet": -7568000,
        "incomeBeforeTax": -2801000,
        "incomeBeforeTaxRatio": -0.0025320529,
        "incomeTaxExpense": -100000,
        "netIncome": -2701000,
        "netIncomeRatio": -0.0024416548,
        "eps": -0.28,
        "epsdiluted": -0.28,
        "weightedAverageShsOut": 9480000,
        "weightedAverageShsOutDil": 9480000,
        "link": "https://www.sec.gov/Archives/edgar/data/104889/000119312508168012/0001193125-08-168012-index.htm",
        "finalLink": "https://www.sec.gov/Archives/edgar/data/104889/000119312508168012/d10q.htm"
    },
    {
        "date": "2008-03-30",
        "symbol": "GHC",
        "reportedCurrency": "USD",
        "cik": "0000104889",
        "fillingDate": "2008-05-07",
        "acceptedDate": "2008-05-07 10:00:37",
        "calendarYear": "2008",
        "period": "Q1",
        "revenue": 1063140000,
        "costOfRevenue": 491153000,
        "grossProfit": 571987000,
        "grossProfitRatio": 0.53801663,
        "researchAndDevelopmentExpenses": 0,
        "generalAndAdministrativeExpenses": 172322000,
        "sellingAndMarketingExpenses": 267726000,
        "sellingGeneralAndAdministrativeExpenses": 440048000,
        "otherExpenses": 65070000,
        "operatingExpenses": 505118000,
        "costAndExpenses": 996271000,
        "interestIncome": 2096000,
        "interestExpense": 6534000,
        "depreciationAndAmortization": 65070000,
        "ebitda": 134926000,
        "ebitdaratio": 0.1269127302,
        "operatingIncome": 66869000,
        "operatingIncomeRatio": 0.0628976428,
        "totalOtherIncomeExpensesNet": -3547000,
        "incomeBeforeTax": 63267000,
        "incomeBeforeTaxRatio": 0.059509566,
        "incomeTaxExpense": 24000000,
        "netIncome": 38794000,
        "netIncomeRatio": 0.0364900201,
        "eps": 4.09,
        "epsdiluted": 4.08,
        "weightedAverageShsOut": 9484000,
        "weightedAverageShsOutDil": 9513000,
        "link": "https://www.sec.gov/Archives/edgar/data/104889/000119312508105208/0001193125-08-105208-index.htm",
        "finalLink": "https://www.sec.gov/Archives/edgar/data/104889/000119312508105208/d10q.htm"
    },
    {
        "date": "2007-12-31",
        "symbol": "GHC",
        "reportedCurrency": "USD",
        "cik": "0000104889",
        "fillingDate": "2008-02-28",
        "acceptedDate": "2008-02-28 16:29:43",
        "calendarYear": "2007",
        "period": "Q4",
        "revenue": 1125521000,
        "costOfRevenue": 528589000,
        "grossProfit": 596932000,
        "grossProfitRatio": 0.5303606063,
        "researchAndDevelopmentExpenses": 0,
        "generalAndAdministrativeExpenses": 0,
        "sellingAndMarketingExpenses": 0,
        "sellingGeneralAndAdministrativeExpenses": 382891000,
        "otherExpenses": 64746000,
        "operatingExpenses": 447637000,
        "costAndExpenses": 976226000,
        "interestIncome": 2346000,
        "interestExpense": 5948000,
        "depreciationAndAmortization": 64746000,
        "ebitda": 214041000,
        "ebitdaratio": 0.1901705966,
        "operatingIncome": 149295000,
        "operatingIncomeRatio": 0.1326452372,
        "totalOtherIncomeExpensesNet": -10396000,
        "incomeBeforeTax": 138899000,
        "incomeBeforeTaxRatio": 0.1234086259,
        "incomeTaxExpense": 56000000,
        "netIncome": 82899000,
        "netIncomeRatio": 0.0736538901,
        "eps": 8.73,
        "epsdiluted": 8.73,
        "weightedAverageShsOut": 9480000,
        "weightedAverageShsOutDil": 9500000,
        "link": "https://www.sec.gov/Archives/edgar/data/104889/000095013308000866/0000950133-08-000866-index.htm",
        "finalLink": "https://www.sec.gov/Archives/edgar/data/104889/000095013308000866/w48813e10vk.htm"
    },
    {
        "date": "2007-09-30",
        "symbol": "GHC",
        "reportedCurrency": "USD",
        "cik": "0000104889",
        "fillingDate": "2007-11-06",
        "acceptedDate": "2007-11-06 16:46:31",
        "calendarYear": "2007",
        "period": "Q3",
        "revenue": 1022504000,
        "costOfRevenue": 456725000,
        "grossProfit": 565779000,
        "grossProfitRatio": 0.5533269308,
        "researchAndDevelopmentExpenses": 0,
        "generalAndAdministrativeExpenses": 0,
        "sellingAndMarketingExpenses": 0,
        "sellingGeneralAndAdministrativeExpenses": 395804000,
        "otherExpenses": 59509000,
        "operatingExpenses": 455313000,
        "costAndExpenses": 912038000,
        "interestIncome": 3011000,
        "interestExpense": 6014000,
        "depreciationAndAmortization": 59509000,
        "ebitda": 110466000,
        "ebitdaratio": 0.1080347852,
        "operatingIncome": 110466000,
        "operatingIncomeRatio": 0.1080347852,
        "totalOtherIncomeExpensesNet": 6496000,
        "incomeBeforeTax": 116962000,
        "incomeBeforeTaxRatio": 0.1143878166,
        "incomeTaxExpense": 44500000,
        "netIncome": 72225000,
        "netIncomeRatio": 0.0706354205,
        "eps": 7.62,
        "epsdiluted": 7.6,
        "weightedAverageShsOut": 9473000,
        "weightedAverageShsOutDil": 9509000,
        "link": "https://www.sec.gov/Archives/edgar/data/104889/000119312507236807/0001193125-07-236807-index.htm",
        "finalLink": "https://www.sec.gov/Archives/edgar/data/104889/000119312507236807/d10q.htm"
    },
    {
        "date": "2007-07-01",
        "symbol": "GHC",
        "reportedCurrency": "USD",
        "cik": "0000104889",
        "fillingDate": "2007-08-07",
        "acceptedDate": "2007-08-07 16:38:25",
        "calendarYear": "2007",
        "period": "Q2",
        "revenue": 1046773000,
        "costOfRevenue": 453485000,
        "grossProfit": 593288000,
        "grossProfitRatio": 0.5667780885,
        "researchAndDevelopmentExpenses": 0,
        "generalAndAdministrativeExpenses": 91344000,
        "sellingAndMarketingExpenses": 318310000,
        "sellingGeneralAndAdministrativeExpenses": 409654000,
        "otherExpenses": 58374000,
        "operatingExpenses": 468028000,
        "costAndExpenses": 921513000,
        "interestIncome": 2705000,
        "interestExpense": 6159000,
        "depreciationAndAmortization": 58374000,
        "ebitda": 125260000,
        "ebitdaratio": 0.1196630024,
        "operatingIncome": 125260000,
        "operatingIncomeRatio": 0.1196630024,
        "totalOtherIncomeExpensesNet": 756000,
        "incomeBeforeTax": 126016000,
        "incomeBeforeTaxRatio": 0.120385222,
        "incomeTaxExpense": 57200000,
        "netIncome": 68586000,
        "netIncomeRatio": 0.065521369,
        "eps": 7.22,
        "epsdiluted": 7.19,
        "weightedAverageShsOut": 9502000,
        "weightedAverageShsOutDil": 9536000,
        "link": "https://www.sec.gov/Archives/edgar/data/104889/000119312507173774/0001193125-07-173774-index.htm",
        "finalLink": "https://www.sec.gov/Archives/edgar/data/104889/000119312507173774/d10q.htm"
    },
    {
        "date": "2007-04-01",
        "symbol": "GHC",
        "reportedCurrency": "USD",
        "cik": "0000104889",
        "fillingDate": "2007-05-08",
        "acceptedDate": "2007-05-08 17:17:28",
        "calendarYear": "2007",
        "period": "Q1",
        "revenue": 985608000,
        "costOfRevenue": 444185000,
        "grossProfit": 541423000,
        "grossProfitRatio": 0.5493289421,
        "researchAndDevelopmentExpenses": 0,
        "generalAndAdministrativeExpenses": 100456000,
        "sellingAndMarketingExpenses": 292791000,
        "sellingGeneralAndAdministrativeExpenses": 393247000,
        "otherExpenses": 56181000,
        "operatingExpenses": 449428000,
        "costAndExpenses": 893613000,
        "interestIncome": 0,
        "interestExpense": 0,
        "depreciationAndAmortization": 56181000,
        "ebitda": 91995000,
        "ebitdaratio": 0.0933383252,
        "operatingIncome": 91995000,
        "operatingIncomeRatio": 0.0933383252,
        "totalOtherIncomeExpensesNet": 7235000,
        "incomeBeforeTax": 99230000,
        "incomeBeforeTaxRatio": 0.1006789718,
        "incomeTaxExpense": 34800000,
        "netIncome": 63945000,
        "netIncomeRatio": 0.0648787348,
        "eps": 6.72,
        "epsdiluted": 6.7,
        "weightedAverageShsOut": 9513000,
        "weightedAverageShsOutDil": 9547000,
        "link": "https://www.sec.gov/Archives/edgar/data/104889/000119312507106253/0001193125-07-106253-index.htm",
        "finalLink": "https://www.sec.gov/Archives/edgar/data/104889/000119312507106253/d10q.htm"
    },
    {
        "date": "2006-12-31",
        "symbol": "GHC",
        "reportedCurrency": "USD",
        "cik": "0000104889",
        "fillingDate": "2007-03-01",
        "acceptedDate": "2007-03-01 13:44:35",
        "calendarYear": "2006",
        "period": "Q4",
        "revenue": 1040712000,
        "costOfRevenue": 543591000,
        "grossProfit": 497121000,
        "grossProfitRatio": 0.4776739386,
        "researchAndDevelopmentExpenses": 0,
        "generalAndAdministrativeExpenses": 126749000,
        "sellingAndMarketingExpenses": 372946000,
        "sellingGeneralAndAdministrativeExpenses": 321483000,
        "otherExpenses": 59444000,
        "operatingExpenses": 380927000,
        "costAndExpenses": 924518000,
        "interestIncome": 3322000,
        "interestExpense": 6245000,
        "depreciationAndAmortization": 59444000,
        "ebitda": 175638000,
        "ebitdaratio": 0.1687671517,
        "operatingIncome": 116194000,
        "operatingIncomeRatio": 0.1116485637,
        "totalOtherIncomeExpensesNet": 34451000,
        "incomeBeforeTax": 150645000,
        "incomeBeforeTaxRatio": 0.1447518622,
        "incomeTaxExpense": 55100000,
        "netIncome": 95545000,
        "netIncomeRatio": 0.0918073396,
        "eps": 9.95,
        "epsdiluted": 9.95,
        "weightedAverageShsOut": 9545098,
        "weightedAverageShsOutDil": 9600000,
        "link": "https://www.sec.gov/Archives/edgar/data/104889/000095013307000873/0000950133-07-000873-index.htm",
        "finalLink": "https://www.sec.gov/Archives/edgar/data/104889/000095013307000873/w30536e10vk.htm"
    },
    {
        "date": "2006-10-01",
        "symbol": "GHC",
        "reportedCurrency": "USD",
        "cik": "0000104889",
        "fillingDate": "2006-11-07",
        "acceptedDate": "2006-11-07 17:02:51",
        "calendarYear": "2006",
        "period": "Q3",
        "revenue": 946894000,
        "costOfRevenue": 509231000,
        "grossProfit": 437663000,
        "grossProfitRatio": 0.4622090751,
        "researchAndDevelopmentExpenses": 0,
        "generalAndAdministrativeExpenses": -44675000,
        "sellingAndMarketingExpenses": 312238000,
        "sellingGeneralAndAdministrativeExpenses": 267563000,
        "otherExpenses": 61454000,
        "operatingExpenses": 329017000,
        "costAndExpenses": 838248000,
        "interestIncome": 2967000,
        "interestExpense": 6400000,
        "depreciationAndAmortization": 51590000,
        "ebitda": 165392000,
        "ebitdaratio": 0.1746679143,
        "operatingIncome": 108646000,
        "operatingIncomeRatio": 0.1147393478,
        "totalOtherIncomeExpensesNet": 650000,
        "incomeBeforeTax": 109296000,
        "incomeBeforeTaxRatio": 0.1154258027,
        "incomeTaxExpense": 36000000,
        "netIncome": 73051000,
        "netIncomeRatio": 0.0771480229,
        "eps": 7.62,
        "epsdiluted": 7.6,
        "weightedAverageShsOut": 9581000,
        "weightedAverageShsOutDil": 9617000,
        "link": "https://www.sec.gov/Archives/edgar/data/104889/000119312506226798/0001193125-06-226798-index.htm",
        "finalLink": "https://www.sec.gov/Archives/edgar/data/104889/000119312506226798/d10q.htm"
    },
    {
        "date": "2006-07-02",
        "symbol": "GHC",
        "reportedCurrency": "USD",
        "cik": "0000104889",
        "fillingDate": "2006-08-09",
        "acceptedDate": "2006-08-09 16:09:01",
        "calendarYear": "2006",
        "period": "Q2",
        "revenue": 969041000,
        "costOfRevenue": 495934000,
        "grossProfit": 473107000,
        "grossProfitRatio": 0.4882218606,
        "researchAndDevelopmentExpenses": 0,
        "generalAndAdministrativeExpenses": -21378000,
        "sellingAndMarketingExpenses": 346390000,
        "sellingGeneralAndAdministrativeExpenses": 325012000,
        "otherExpenses": 50890000,
        "operatingExpenses": 375902000,
        "costAndExpenses": 871836000,
        "interestIncome": 2539000,
        "interestExpense": 6439000,
        "depreciationAndAmortization": 50890000,
        "ebitda": 97205000,
        "ebitdaratio": 0.1003105132,
        "operatingIncome": 97205000,
        "operatingIncomeRatio": 0.1003105132,
        "totalOtherIncomeExpensesNet": 29239000,
        "incomeBeforeTax": 126444000,
        "incomeBeforeTaxRatio": 0.1304836431,
        "incomeTaxExpense": 47700000,
        "netIncome": 78499000,
        "netIncomeRatio": 0.0810068924,
        "eps": 8.2,
        "epsdiluted": 8.17,
        "weightedAverageShsOut": 9575000,
        "weightedAverageShsOutDil": 9613000,
        "link": "https://www.sec.gov/Archives/edgar/data/104889/000119312506167716/0001193125-06-167716-index.htm",
        "finalLink": "https://www.sec.gov/Archives/edgar/data/104889/000119312506167716/d10q.htm"
    },
    {
        "date": "2006-04-02",
        "symbol": "GHC",
        "reportedCurrency": "USD",
        "cik": "0000104889",
        "fillingDate": "2006-05-10",
        "acceptedDate": "2006-05-10 09:43:32",
        "calendarYear": "2006",
        "period": "Q1",
        "revenue": 948280000,
        "costOfRevenue": 493638000,
        "grossProfit": 454642000,
        "grossProfitRatio": 0.4794385624,
        "researchAndDevelopmentExpenses": 0,
        "generalAndAdministrativeExpenses": -60696000,
        "sellingAndMarketingExpenses": 327165000,
        "sellingGeneralAndAdministrativeExpenses": 266469000,
        "otherExpenses": 50414000,
        "operatingExpenses": 316883000,
        "costAndExpenses": 810521000,
        "interestIncome": 1603000,
        "interestExpense": 6259000,
        "depreciationAndAmortization": 50414000,
        "ebitda": 137759000,
        "ebitdaratio": 0.1452724934,
        "operatingIncome": 137759000,
        "operatingIncomeRatio": 0.1452724934,
        "totalOtherIncomeExpensesNet": -5010000,
        "incomeBeforeTax": 132749000,
        "incomeBeforeTaxRatio": 0.1399892437,
        "incomeTaxExpense": 50800000,
        "netIncome": 76383000,
        "netIncomeRatio": 0.080548994,
        "eps": 7.98,
        "epsdiluted": 7.95,
        "weightedAverageShsOut": 9570000,
        "weightedAverageShsOutDil": 9606000,
        "link": "https://www.sec.gov/Archives/edgar/data/104889/000119312506106764/0001193125-06-106764-index.htm",
        "finalLink": "https://www.sec.gov/Archives/edgar/data/104889/000119312506106764/d10q.htm"
    },
    {
        "date": "2005-12-31",
        "symbol": "GHC",
        "reportedCurrency": "USD",
        "cik": "0000104889",
        "fillingDate": "2006-03-07",
        "acceptedDate": "2006-03-07 06:19:09",
        "calendarYear": "2005",
        "period": "Q4",
        "revenue": 948718000,
        "costOfRevenue": 497782000,
        "grossProfit": 450936000,
        "grossProfitRatio": 0.4753108932,
        "researchAndDevelopmentExpenses": 0,
        "generalAndAdministrativeExpenses": 244522000,
        "sellingAndMarketingExpenses": 363790000,
        "sellingGeneralAndAdministrativeExpenses": 241733000,
        "otherExpenses": 52357000,
        "operatingExpenses": 294090000,
        "costAndExpenses": 791872000,
        "interestIncome": 1624000,
        "interestExpense": 6245000,
        "depreciationAndAmortization": 52357000,
        "ebitda": 209203000,
        "ebitdaratio": 0.2205112584,
        "operatingIncome": 156846000,
        "operatingIncomeRatio": 0.1653241532,
        "totalOtherIncomeExpensesNet": -5706000,
        "incomeBeforeTax": 151140000,
        "incomeBeforeTaxRatio": 0.1593097211,
        "incomeTaxExpense": 48700000,
        "netIncome": 102440000,
        "netIncomeRatio": 0.1079772915,
        "eps": 10.68,
        "epsdiluted": 10.68,
        "weightedAverageShsOut": 9596000,
        "weightedAverageShsOutDil": 9596000,
        "link": "https://www.sec.gov/Archives/edgar/data/104889/000095013306001044/0000950133-06-001044-index.htm",
        "finalLink": "https://www.sec.gov/Archives/edgar/data/104889/000095013306001044/w17760e10vk.htm"
    },
    {
        "date": "2005-10-02",
        "symbol": "GHC",
        "reportedCurrency": "USD",
        "cik": "0000104889",
        "fillingDate": "2005-11-08",
        "acceptedDate": "2005-11-08 15:16:54",
        "calendarYear": "2005",
        "period": "Q3",
        "revenue": 873662000,
        "costOfRevenue": 486400000,
        "grossProfit": 387262000,
        "grossProfitRatio": 0.4432629552,
        "researchAndDevelopmentExpenses": 0,
        "generalAndAdministrativeExpenses": -85821000,
        "sellingAndMarketingExpenses": 311581000,
        "sellingGeneralAndAdministrativeExpenses": 225760000,
        "otherExpenses": 49118000,
        "operatingExpenses": 274878000,
        "costAndExpenses": 761278000,
        "interestIncome": 0,
        "interestExpense": 0,
        "depreciationAndAmortization": 49118000,
        "ebitda": 112384000,
        "ebitdaratio": 0.1286355593,
        "operatingIncome": 112384000,
        "operatingIncomeRatio": 0.1286355593,
        "totalOtherIncomeExpensesNet": -1026000,
        "incomeBeforeTax": 111358000,
        "incomeBeforeTaxRatio": 0.1274611921,
        "incomeTaxExpense": 44800000,
        "netIncome": 66313000,
        "netIncomeRatio": 0.0759023513,
        "eps": 6.91,
        "epsdiluted": 6.89,
        "weightedAverageShsOut": 9596000,
        "weightedAverageShsOutDil": 9618000,
        "link": "https://www.sec.gov/Archives/edgar/data/104889/000119312505219699/0001193125-05-219699-index.htm",
        "finalLink": "https://www.sec.gov/Archives/edgar/data/104889/000119312505219699/d10q.htm"
    },
    {
        "date": "2005-07-03",
        "symbol": "GHC",
        "reportedCurrency": "USD",
        "cik": "0000104889",
        "fillingDate": "2005-08-10",
        "acceptedDate": "2005-08-10 13:44:26",
        "calendarYear": "2005",
        "period": "Q2",
        "revenue": 897577000,
        "costOfRevenue": 472981000,
        "grossProfit": 424596000,
        "grossProfitRatio": 0.4730468807,
        "researchAndDevelopmentExpenses": 0,
        "generalAndAdministrativeExpenses": -99032000,
        "sellingAndMarketingExpenses": 336563000,
        "sellingGeneralAndAdministrativeExpenses": 237531000,
        "otherExpenses": 49370000,
        "operatingExpenses": 286901000,
        "costAndExpenses": 759882000,
        "interestIncome": 576000,
        "interestExpense": 6436000,
        "depreciationAndAmortization": 49370000,
        "ebitda": 137695000,
        "ebitdaratio": 0.1534074514,
        "operatingIncome": 137695000,
        "operatingIncomeRatio": 0.1534074514,
        "totalOtherIncomeExpensesNet": -9140000,
        "incomeBeforeTax": 128555000,
        "incomeBeforeTaxRatio": 0.143224481,
        "incomeTaxExpense": 49800000,
        "netIncome": 78510000,
        "netIncomeRatio": 0.0874688188,
        "eps": 8.18,
        "epsdiluted": 8.16,
        "weightedAverageShsOut": 9594000,
        "weightedAverageShsOutDil": 9618000,
        "link": "https://www.sec.gov/Archives/edgar/data/104889/000119312505163637/0001193125-05-163637-index.htm",
        "finalLink": "https://www.sec.gov/Archives/edgar/data/104889/000119312505163637/d10q.htm"
    },
    {
        "date": "2005-04-03",
        "symbol": "GHC",
        "reportedCurrency": "USD",
        "cik": "0000104889",
        "fillingDate": "2005-05-10",
        "acceptedDate": "2005-05-10 11:48:25",
        "calendarYear": "2005",
        "period": "Q1",
        "revenue": 833930000,
        "costOfRevenue": 432884000,
        "grossProfit": 401046000,
        "grossProfitRatio": 0.4809108678,
        "researchAndDevelopmentExpenses": 0,
        "generalAndAdministrativeExpenses": -59669000,
        "sellingAndMarketingExpenses": 305550000,
        "sellingGeneralAndAdministrativeExpenses": 245881000,
        "otherExpenses": 47176000,
        "operatingExpenses": 293057000,
        "costAndExpenses": 725941000,
        "interestIncome": 574000,
        "interestExpense": 6519000,
        "depreciationAndAmortization": 47176000,
        "ebitda": 107989000,
        "ebitdaratio": 0.1294940822,
        "operatingIncome": 107989000,
        "operatingIncomeRatio": 0.1294940822,
        "totalOtherIncomeExpensesNet": 602000,
        "incomeBeforeTax": 108591000,
        "incomeBeforeTaxRatio": 0.1302159654,
        "incomeTaxExpense": 42000000,
        "netIncome": 66100000,
        "netIncomeRatio": 0.0792632475,
        "eps": 6.89,
        "epsdiluted": 6.87,
        "weightedAverageShsOut": 9589000,
        "weightedAverageShsOutDil": 9617000,
        "link": "https://www.sec.gov/Archives/edgar/data/104889/000119312505102226/0001193125-05-102226-index.htm",
        "finalLink": "https://www.sec.gov/Archives/edgar/data/104889/000119312505102226/d10q.htm"
    },
    {
        "date": "2004-12-31",
        "symbol": "GHC",
        "reportedCurrency": "USD",
        "cik": "0000104889",
        "fillingDate": "2005-03-04",
        "acceptedDate": "2005-03-03 21:40:37",
        "calendarYear": "2004",
        "period": "Q4",
        "revenue": 902712000,
        "costOfRevenue": 464076000,
        "grossProfit": 438636000,
        "grossProfitRatio": 0.4859091272,
        "researchAndDevelopmentExpenses": 0,
        "generalAndAdministrativeExpenses": 0,
        "sellingAndMarketingExpenses": 0,
        "sellingGeneralAndAdministrativeExpenses": 223414000,
        "otherExpenses": 43431000,
        "operatingExpenses": 266845000,
        "costAndExpenses": 730921000,
        "interestIncome": 469000,
        "interestExpense": 7467000,
        "depreciationAndAmortization": 43431000,
        "ebitda": 215222000,
        "ebitdaratio": 0.2384171253,
        "operatingIncome": 171791000,
        "operatingIncomeRatio": 0.1903054352,
        "totalOtherIncomeExpensesNet": -1161000,
        "incomeBeforeTax": 170630000,
        "incomeBeforeTaxRatio": 0.1890193107,
        "incomeTaxExpense": 64700000,
        "netIncome": 105930000,
        "netIncomeRatio": 0.1173463962,
        "eps": 11.03,
        "epsdiluted": 11.03,
        "weightedAverageShsOut": 9571946,
        "weightedAverageShsOutDil": 9600000,
        "link": "https://www.sec.gov/Archives/edgar/data/104889/000095013305000873/0000950133-05-000873-index.htm",
        "finalLink": "https://www.sec.gov/Archives/edgar/data/104889/000095013305000873/w05572e10vk.htm"
    },
    {
        "date": "2004-09-26",
        "symbol": "GHC",
        "reportedCurrency": "USD",
        "cik": "0000104889",
        "fillingDate": "2004-11-02",
        "acceptedDate": "2004-11-02 16:09:44",
        "calendarYear": "2004",
        "period": "Q3",
        "revenue": 820032000,
        "costOfRevenue": 422894000,
        "grossProfit": 397138000,
        "grossProfitRatio": 0.4842957348,
        "researchAndDevelopmentExpenses": 0,
        "generalAndAdministrativeExpenses": -106568000,
        "sellingAndMarketingExpenses": 317056000,
        "sellingGeneralAndAdministrativeExpenses": 210488000,
        "otherExpenses": 46352000,
        "operatingExpenses": 256840000,
        "costAndExpenses": 679734000,
        "interestIncome": 0,
        "interestExpense": 0,
        "depreciationAndAmortization": 46352000,
        "ebitda": 140298000,
        "ebitdaratio": 0.1710884453,
        "operatingIncome": 140298000,
        "operatingIncomeRatio": 0.1710884453,
        "totalOtherIncomeExpensesNet": -5126000,
        "incomeBeforeTax": 135172000,
        "incomeBeforeTaxRatio": 0.1648374698,
        "incomeTaxExpense": 52700000,
        "netIncome": 82227000,
        "netIncomeRatio": 0.1002729162,
        "eps": 8.59,
        "epsdiluted": 8.57,
        "weightedAverageShsOut": 9568000,
        "weightedAverageShsOutDil": 9598000,
        "link": "https://www.sec.gov/Archives/edgar/data/104889/000119312504183777/0001193125-04-183777-index.htm",
        "finalLink": "https://www.sec.gov/Archives/edgar/data/104889/000119312504183777/d10q.htm"
    },
    {
        "date": "2004-06-27",
        "symbol": "GHC",
        "reportedCurrency": "USD",
        "cik": "0000104889",
        "fillingDate": "2004-08-03",
        "acceptedDate": "2004-08-02 19:48:42",
        "calendarYear": "2004",
        "period": "Q2",
        "revenue": 818391000,
        "costOfRevenue": 420407000,
        "grossProfit": 397984000,
        "grossProfitRatio": 0.486300558,
        "researchAndDevelopmentExpenses": 0,
        "generalAndAdministrativeExpenses": -137651000,
        "sellingAndMarketingExpenses": 340985000,
        "sellingGeneralAndAdministrativeExpenses": 203334000,
        "otherExpenses": 48650000,
        "operatingExpenses": 251984000,
        "costAndExpenses": 672391000,
        "interestIncome": 458000,
        "interestExpense": 6830000,
        "depreciationAndAmortization": 48650000,
        "ebitda": 146000000,
        "ebitdaratio": 0.1783988338,
        "operatingIncome": 146000000,
        "operatingIncomeRatio": 0.1783988338,
        "totalOtherIncomeExpensesNet": -6796000,
        "incomeBeforeTax": 139204000,
        "incomeBeforeTaxRatio": 0.1700947347,
        "incomeTaxExpense": 54300000,
        "netIncome": 84659000,
        "netIncomeRatio": 0.1034456635,
        "eps": 8.85,
        "epsdiluted": 8.82,
        "weightedAverageShsOut": 9563000,
        "weightedAverageShsOutDil": 9596000,
        "link": "https://www.sec.gov/Archives/edgar/data/104889/000119312504129379/0001193125-04-129379-index.htm",
        "finalLink": "https://www.sec.gov/Archives/edgar/data/104889/000119312504129379/d10q.htm"
    },
    {
        "date": "2004-03-28",
        "symbol": "GHC",
        "reportedCurrency": "USD",
        "cik": "0000104889",
        "fillingDate": "2004-05-03",
        "acceptedDate": "2004-05-03 12:23:01",
        "calendarYear": "2004",
        "period": "Q1",
        "revenue": 758969000,
        "costOfRevenue": 409681000,
        "grossProfit": 349288000,
        "grossProfitRatio": 0.46021379,
        "researchAndDevelopmentExpenses": 0,
        "generalAndAdministrativeExpenses": -104035000,
        "sellingAndMarketingExpenses": 302167000,
        "sellingGeneralAndAdministrativeExpenses": 198132000,
        "otherExpenses": 46239000,
        "operatingExpenses": 244371000,
        "costAndExpenses": 654052000,
        "interestIncome": 344000,
        "interestExpense": 6861000,
        "depreciationAndAmortization": 46239000,
        "ebitda": 104917000,
        "ebitdaratio": 0.1382362125,
        "operatingIncome": 104917000,
        "operatingIncomeRatio": 0.1382362125,
        "totalOtherIncomeExpensesNet": -7491000,
        "incomeBeforeTax": 97426000,
        "incomeBeforeTaxRatio": 0.1283662442,
        "incomeTaxExpense": 38000000,
        "netIncome": 58924000,
        "netIncomeRatio": 0.0776368995,
        "eps": 6.17,
        "epsdiluted": 6.15,
        "weightedAverageShsOut": 9550000,
        "weightedAverageShsOutDil": 9582000,
        "link": "https://www.sec.gov/Archives/edgar/data/104889/000119312504076326/0001193125-04-076326-index.htm",
        "finalLink": "https://www.sec.gov/Archives/edgar/data/104889/000119312504076326/d10q.htm"
    },
    {
        "date": "2003-12-31",
        "symbol": "GHC",
        "reportedCurrency": "USD",
        "cik": "0000104889",
        "fillingDate": "2004-03-10",
        "acceptedDate": "2004-03-09 21:54:00",
        "calendarYear": "2003",
        "period": "Q4",
        "revenue": 785452000,
        "costOfRevenue": 452790000,
        "grossProfit": 332662000,
        "grossProfitRatio": 0.4235293818,
        "researchAndDevelopmentExpenses": 0,
        "generalAndAdministrativeExpenses": 0,
        "sellingAndMarketingExpenses": 0,
        "sellingGeneralAndAdministrativeExpenses": 191330000,
        "otherExpenses": 3600000,
        "operatingExpenses": 194930000,
        "costAndExpenses": 647720000,
        "interestIncome": 191000,
        "interestExpense": 6872000,
        "depreciationAndAmortization": 45347000,
        "ebitda": 183079000,
        "ebitdaratio": 0.2330874452,
        "operatingIncome": 137732000,
        "operatingIncomeRatio": 0.175353809,
        "totalOtherIncomeExpensesNet": -3753000,
        "incomeBeforeTax": 133979000,
        "incomeBeforeTaxRatio": 0.1705756685,
        "incomeTaxExpense": 46500000,
        "netIncome": 87479000,
        "netIncomeRatio": 0.1113740878,
        "eps": 9.11,
        "epsdiluted": 9.11,
        "weightedAverageShsOut": 9536048,
        "weightedAverageShsOutDil": 9600000,
        "link": "https://www.sec.gov/Archives/edgar/data/104889/000095013304000785/0000950133-04-000785-index.htm",
        "finalLink": "https://www.sec.gov/Archives/edgar/data/104889/000095013304000785/w94191e10vk.htm"
    },
    {
        "date": "2003-09-28",
        "symbol": "GHC",
        "reportedCurrency": "USD",
        "cik": "0000104889",
        "fillingDate": "2003-11-04",
        "acceptedDate": "2003-11-04 10:31:17",
        "calendarYear": "2003",
        "period": "Q3",
        "revenue": 706079000,
        "costOfRevenue": 378864000,
        "grossProfit": 327215000,
        "grossProfitRatio": 0.4634254807,
        "researchAndDevelopmentExpenses": 0,
        "generalAndAdministrativeExpenses": -43685000,
        "sellingAndMarketingExpenses": 287984000,
        "sellingGeneralAndAdministrativeExpenses": 244299000,
        "otherExpenses": 42818000,
        "operatingExpenses": 287117000,
        "costAndExpenses": 665981000,
        "interestIncome": 189000,
        "interestExpense": 7037000,
        "depreciationAndAmortization": 42818000,
        "ebitda": 40098000,
        "ebitdaratio": 0.0567896793,
        "operatingIncome": 40098000,
        "operatingIncomeRatio": 0.0567896793,
        "totalOtherIncomeExpensesNet": -6399000,
        "incomeBeforeTax": 33699000,
        "incomeBeforeTaxRatio": 0.0477269541,
        "incomeTaxExpense": 13800000,
        "netIncome": 19647000,
        "netIncomeRatio": 0.0278254983,
        "eps": 2.06,
        "epsdiluted": 2.06,
        "weightedAverageShsOut": 9532000,
        "weightedAverageShsOutDil": 9556000,
        "link": "https://www.sec.gov/Archives/edgar/data/104889/000119312503072185/0001193125-03-072185-index.htm",
        "finalLink": "https://www.sec.gov/Archives/edgar/data/104889/000119312503072185/d10q.htm"
    },
    {
        "date": "2003-06-29",
        "symbol": "GHC",
        "reportedCurrency": "USD",
        "cik": "0000104889",
        "fillingDate": "2003-08-04",
        "acceptedDate": "2003-08-04 13:43:22",
        "calendarYear": "2003",
        "period": "Q2",
        "revenue": 706940000,
        "costOfRevenue": 368974000,
        "grossProfit": 337966000,
        "grossProfitRatio": 0.4780688602,
        "researchAndDevelopmentExpenses": 0,
        "generalAndAdministrativeExpenses": -131434000,
        "sellingAndMarketingExpenses": 318927000,
        "sellingGeneralAndAdministrativeExpenses": 187493000,
        "otherExpenses": 43575000,
        "operatingExpenses": 231068000,
        "costAndExpenses": 600042000,
        "interestIncome": 0,
        "interestExpense": 0,
        "depreciationAndAmortization": 43575000,
        "ebitda": 106898000,
        "ebitdaratio": 0.151212267,
        "operatingIncome": 106898000,
        "operatingIncomeRatio": 0.151212267,
        "totalOtherIncomeExpensesNet": -9450000,
        "incomeBeforeTax": 97448000,
        "incomeBeforeTaxRatio": 0.1378447959,
        "incomeTaxExpense": 36800000,
        "netIncome": 60390000,
        "netIncomeRatio": 0.0854245056,
        "eps": 6.34,
        "epsdiluted": 6.32,
        "weightedAverageShsOut": 9527000,
        "weightedAverageShsOutDil": 9555000,
        "link": "https://www.sec.gov/Archives/edgar/data/104889/000119312503028355/0001193125-03-028355-index.htm",
        "finalLink": "https://www.sec.gov/Archives/edgar/data/104889/000119312503028355/d10q.htm"
    },
    {
        "date": "2003-03-30",
        "symbol": "GHC",
        "reportedCurrency": "USD",
        "cik": "0000104889",
        "fillingDate": "2003-05-14",
        "acceptedDate": "2003-05-13 17:35:17",
        "calendarYear": "2003",
        "period": "Q1",
        "revenue": 640440000,
        "costOfRevenue": 348634000,
        "grossProfit": 291806000,
        "grossProfitRatio": 0.4556336269,
        "researchAndDevelopmentExpenses": 0,
        "generalAndAdministrativeExpenses": 0,
        "sellingAndMarketingExpenses": 0,
        "sellingGeneralAndAdministrativeExpenses": 169170000,
        "otherExpenses": 43544000,
        "operatingExpenses": 212714000,
        "costAndExpenses": 561348000,
        "interestIncome": 0,
        "interestExpense": 0,
        "depreciationAndAmortization": 43544000,
        "ebitda": 122636000,
        "ebitdaratio": 0.1914871026,
        "operatingIncome": 79092000,
        "operatingIncomeRatio": 0.1234963463,
        "totalOtherIncomeExpensesNet": 38370000,
        "incomeBeforeTax": 117462000,
        "incomeBeforeTaxRatio": 0.1834082818,
        "incomeTaxExpense": 44400000,
        "netIncome": 72545000,
        "netIncomeRatio": 0.1132736868,
        "eps": 7.62,
        "epsdiluted": 7.59,
        "weightedAverageShsOut": 9526000,
        "weightedAverageShsOutDil": 9553000,
        "link": "https://www.sec.gov/Archives/edgar/data/104889/000092838503001556/0000928385-03-001556-index.htm",
        "finalLink": "https://www.sec.gov/Archives/edgar/data/104889/000092838503001556/d10q.htm"
    },
    {
        "date": "2002-12-31",
        "symbol": "GHC",
        "reportedCurrency": "USD",
        "cik": "0000104889",
        "fillingDate": "2003-03-17",
        "acceptedDate": "2003-03-14 19:27:32",
        "calendarYear": "2002",
        "period": "Q4",
        "revenue": 695885000,
        "costOfRevenue": 358862000,
        "grossProfit": 337023000,
        "grossProfitRatio": 0.4843084705,
        "researchAndDevelopmentExpenses": 0,
        "generalAndAdministrativeExpenses": 0,
        "sellingAndMarketingExpenses": 0,
        "sellingGeneralAndAdministrativeExpenses": 164200000,
        "otherExpenses": 43813000,
        "operatingExpenses": 208013000,
        "costAndExpenses": 566875000,
        "interestIncome": 71000,
        "interestExpense": 7438000,
        "depreciationAndAmortization": 43813000,
        "ebitda": 172823000,
        "ebitdaratio": 0.2483499429,
        "operatingIncome": 129010000,
        "operatingIncomeRatio": 0.1853898273,
        "totalOtherIncomeExpensesNet": 17535000,
        "incomeBeforeTax": 146545000,
        "incomeBeforeTaxRatio": 0.2105879563,
        "incomeTaxExpense": 52800000,
        "netIncome": 93745000,
        "netIncomeRatio": 0.1347133506,
        "eps": 9.86,
        "epsdiluted": 9.86,
        "weightedAverageShsOut": 9500000,
        "weightedAverageShsOutDil": 9500000,
        "link": "https://www.sec.gov/Archives/edgar/data/104889/000095013303000792/0000950133-03-000792-index.htm",
        "finalLink": "https://www.sec.gov/Archives/edgar/data/104889/000095013303000792/w83785e10vk.htm"
    },
    {
        "date": "2002-09-29",
        "symbol": "GHC",
        "reportedCurrency": "USD",
        "cik": "0000104889",
        "fillingDate": "2002-11-13",
        "acceptedDate": "2002-11-13 11:53:05",
        "calendarYear": "2002",
        "period": "Q3",
        "revenue": 640293000,
        "costOfRevenue": 342411000,
        "grossProfit": 297882000,
        "grossProfitRatio": 0.465227638,
        "researchAndDevelopmentExpenses": 0,
        "generalAndAdministrativeExpenses": -129881000,
        "sellingAndMarketingExpenses": 292523000,
        "sellingGeneralAndAdministrativeExpenses": 162642000,
        "otherExpenses": 45980000,
        "operatingExpenses": 208622000,
        "costAndExpenses": 551033000,
        "interestIncome": 69000,
        "interestExpense": 8717000,
        "depreciationAndAmortization": 45980000,
        "ebitda": 89260000,
        "ebitdaratio": 0.1394049287,
        "operatingIncome": 89260000,
        "operatingIncomeRatio": 0.1394049287,
        "totalOtherIncomeExpensesNet": -8787000,
        "incomeBeforeTax": 80473000,
        "incomeBeforeTaxRatio": 0.1256815239,
        "incomeTaxExpense": 32700000,
        "netIncome": 47524000,
        "netIncomeRatio": 0.0742222701,
        "eps": 5,
        "epsdiluted": 4.99,
        "weightedAverageShsOut": 9506000,
        "weightedAverageShsOutDil": 9523000,
        "link": "https://www.sec.gov/Archives/edgar/data/104889/000095013302003713/0000950133-02-003713-index.htm",
        "finalLink": "https://www.sec.gov/Archives/edgar/data/104889/000095013302003713/w65545e10vq.htm"
    },
    {
        "date": "2002-06-30",
        "symbol": "GHC",
        "reportedCurrency": "USD",
        "cik": "0000104889",
        "fillingDate": "2002-08-09",
        "acceptedDate": "2002-08-09 14:16:34",
        "calendarYear": "2002",
        "period": "Q2",
        "revenue": 647703000,
        "costOfRevenue": 335443000,
        "grossProfit": 312260000,
        "grossProfitRatio": 0.4821036802,
        "researchAndDevelopmentExpenses": 0,
        "generalAndAdministrativeExpenses": -155715000,
        "sellingAndMarketingExpenses": 316102000,
        "sellingGeneralAndAdministrativeExpenses": 160387000,
        "otherExpenses": 41445000,
        "operatingExpenses": 201832000,
        "costAndExpenses": 537275000,
        "interestIncome": 59000,
        "interestExpense": 8797000,
        "depreciationAndAmortization": 41445000,
        "ebitda": 110428000,
        "ebitdaratio": 0.1704917223,
        "operatingIncome": 110428000,
        "operatingIncomeRatio": 0.1704917223,
        "totalOtherIncomeExpensesNet": -23884000,
        "incomeBeforeTax": 86544000,
        "incomeBeforeTaxRatio": 0.1336167966,
        "incomeTaxExpense": 35400000,
        "netIncome": 50885000,
        "netIncomeRatio": 0.0785622423,
        "eps": 5.35,
        "epsdiluted": 5.34,
        "weightedAverageShsOut": 9503000,
        "weightedAverageShsOutDil": 9521000,
        "link": "https://www.sec.gov/Archives/edgar/data/104889/000010488902000007/0000104889-02-000007-index.htm",
        "finalLink": "https://www.sec.gov/Archives/edgar/data/104889/000010488902000007/form10q.htm"
    },
    {
        "date": "2002-03-31",
        "symbol": "GHC",
        "reportedCurrency": "USD",
        "cik": "0000104889",
        "fillingDate": "2002-05-13",
        "acceptedDate": "2002-05-13 14:04:14",
        "calendarYear": "2002",
        "period": "Q1",
        "revenue": 600322000,
        "costOfRevenue": 333239000,
        "grossProfit": 267083000,
        "grossProfitRatio": 0.4448995706,
        "researchAndDevelopmentExpenses": 0,
        "generalAndAdministrativeExpenses": -96698000,
        "sellingAndMarketingExpenses": 273564000,
        "sellingGeneralAndAdministrativeExpenses": 176866000,
        "otherExpenses": 41325000,
        "operatingExpenses": 218191000,
        "costAndExpenses": 551430000,
        "interestIncome": 133000,
        "interestExpense": 8867000,
        "depreciationAndAmortization": 41325000,
        "ebitda": 48892000,
        "ebitdaratio": 0.0814429589,
        "operatingIncome": 48892000,
        "operatingIncomeRatio": 0.0814429589,
        "totalOtherIncomeExpensesNet": -8786000,
        "incomeBeforeTax": 40106000,
        "incomeBeforeTaxRatio": 0.06680748,
        "incomeTaxExpense": 16400000,
        "netIncome": 23181000,
        "netIncomeRatio": 0.038614277,
        "eps": 2.44,
        "epsdiluted": 2.44,
        "weightedAverageShsOut": 9498000,
        "weightedAverageShsOutDil": 9512000,
        "link": "https://www.sec.gov/Archives/edgar/data/104889/000010488902000005/0000104889-02-000005-index.htm",
        "finalLink": "https://www.sec.gov/Archives/edgar/data/104889/000010488902000005/form10q.htm"
    },
    {
        "date": "2001-12-31",
        "symbol": "GHC",
        "reportedCurrency": "USD",
        "cik": "0000104889",
        "fillingDate": "2002-03-25",
        "acceptedDate": "2002-03-25 00:00:00",
        "calendarYear": "2001",
        "period": "Q4",
        "revenue": 629646000,
        "costOfRevenue": 359241000,
        "grossProfit": 270405000,
        "grossProfitRatio": 0.4294555989,
        "researchAndDevelopmentExpenses": 0,
        "generalAndAdministrativeExpenses": 0,
        "sellingAndMarketingExpenses": 0,
        "sellingGeneralAndAdministrativeExpenses": 142480000,
        "otherExpenses": 54784000,
        "operatingExpenses": 197264000,
        "costAndExpenses": 556505000,
        "interestIncome": 570000,
        "interestExpense": 9914000,
        "depreciationAndAmortization": 54784000,
        "ebitda": 127925000,
        "ebitdaratio": 0.2031697176,
        "operatingIncome": 73141000,
        "operatingIncomeRatio": 0.1161620974,
        "totalOtherIncomeExpensesNet": -42316000,
        "incomeBeforeTax": 30825000,
        "incomeBeforeTaxRatio": 0.0489560801,
        "incomeTaxExpense": 16300000,
        "netIncome": 14525000,
        "netIncomeRatio": 0.0230685179,
        "eps": 1.53,
        "epsdiluted": 1.53,
        "weightedAverageShsOut": 9487751,
        "weightedAverageShsOutDil": 9500000,
        "link": "https://www.sec.gov/Archives/edgar/data/104889/000095013302001185/0000950133-02-001185-index.htm",
        "finalLink": "https://www.sec.gov/Archives/edgar/data/104889/000095013302001185/w58891e10-k.htm"
    },
    {
        "date": "2001-09-30",
        "symbol": "GHC",
        "reportedCurrency": "USD",
        "cik": "0000104889",
        "fillingDate": "2001-11-13",
        "acceptedDate": "2001-11-13 00:00:00",
        "calendarYear": "2001",
        "period": "Q3",
        "revenue": 595516000,
        "costOfRevenue": 348776000,
        "grossProfit": 246740000,
        "grossProfitRatio": 0.4143297577,
        "researchAndDevelopmentExpenses": 0,
        "generalAndAdministrativeExpenses": 0,
        "sellingAndMarketingExpenses": 0,
        "sellingGeneralAndAdministrativeExpenses": 144954000,
        "otherExpenses": 54833000,
        "operatingExpenses": 199787000,
        "costAndExpenses": 548563000,
        "interestIncome": 226000,
        "interestExpense": 11861000,
        "depreciationAndAmortization": 54832000,
        "ebitda": 101786000,
        "ebitdaratio": 0.1709206806,
        "operatingIncome": 46953000,
        "operatingIncomeRatio": 0.0788442292,
        "totalOtherIncomeExpensesNet": -42535000,
        "incomeBeforeTax": 4418000,
        "incomeBeforeTaxRatio": 0.0074187763,
        "incomeTaxExpense": 2850000,
        "netIncome": 1305000,
        "netIncomeRatio": 0.0021913769,
        "eps": 0.14,
        "epsdiluted": 0.14,
        "weightedAverageShsOut": 9489000,
        "weightedAverageShsOutDil": 9502000,
        "link": "https://www.sec.gov/Archives/edgar/data/104889/000010488901500034/0000104889-01-500034-index.htm",
        "finalLink": "https://www.sec.gov/Archives/edgar/data/104889/000010488901500034/form10q.htm"
    },
    {
        "date": "2001-07-01",
        "symbol": "GHC",
        "reportedCurrency": "USD",
        "cik": "0000104889",
        "fillingDate": "2001-08-14",
        "acceptedDate": "2001-08-14 00:00:00",
        "calendarYear": "2001",
        "period": "Q2",
        "revenue": 604535000,
        "costOfRevenue": 340740000,
        "grossProfit": 263795000,
        "grossProfitRatio": 0.4363601777,
        "researchAndDevelopmentExpenses": 0,
        "generalAndAdministrativeExpenses": 0,
        "sellingAndMarketingExpenses": 0,
        "sellingGeneralAndAdministrativeExpenses": 151409000,
        "otherExpenses": 55793000,
        "operatingExpenses": 207202000,
        "costAndExpenses": 547942000,
        "interestIncome": 1047000,
        "interestExpense": 13240000,
        "depreciationAndAmortization": 55793000,
        "ebitda": 112386000,
        "ebitdaratio": 0.185904869,
        "operatingIncome": 56593000,
        "operatingIncomeRatio": 0.0936141001,
        "totalOtherIncomeExpensesNet": -29551000,
        "incomeBeforeTax": 27042000,
        "incomeBeforeTaxRatio": 0.0447319014,
        "incomeTaxExpense": 12550000,
        "netIncome": 14229000,
        "netIncomeRatio": 0.0235370988,
        "eps": 1.53,
        "epsdiluted": 1.53,
        "weightedAverageShsOut": 9485000,
        "weightedAverageShsOutDil": 9502000,
        "link": "https://www.sec.gov/Archives/edgar/data/104889/000095013301502274/0000950133-01-502274-index.htm",
        "finalLink": "https://www.sec.gov/Archives/edgar/data/104889/000095013301502274/w52547e10-q.htm"
    },
    {
        "date": "2001-04-01",
        "symbol": "GHC",
        "reportedCurrency": "USD",
        "cik": "0000104889",
        "fillingDate": "2001-05-15",
        "acceptedDate": "2001-05-15 00:00:00",
        "calendarYear": "2001",
        "period": "Q1",
        "revenue": 586976000,
        "costOfRevenue": 343993000,
        "grossProfit": 242983000,
        "grossProfitRatio": 0.4139572998,
        "researchAndDevelopmentExpenses": 0,
        "generalAndAdministrativeExpenses": -150059000,
        "sellingAndMarketingExpenses": 297974000,
        "sellingGeneralAndAdministrativeExpenses": 147915000,
        "otherExpenses": 51824000,
        "operatingExpenses": 199739000,
        "costAndExpenses": 543732000,
        "interestIncome": 325000,
        "interestExpense": 14624000,
        "depreciationAndAmortization": 51824000,
        "ebitda": 43244000,
        "ebitdaratio": 0.0736725181,
        "operatingIncome": 43244000,
        "operatingIncomeRatio": 0.0736725181,
        "totalOtherIncomeExpensesNet": 282009000,
        "incomeBeforeTax": 325253000,
        "incomeBeforeTaxRatio": 0.5541163523,
        "incomeTaxExpense": 126200000,
        "netIncome": 198527000,
        "netIncomeRatio": 0.3382199613,
        "eps": 20.94,
        "epsdiluted": 20.9,
        "weightedAverageShsOut": 9479000,
        "weightedAverageShsOutDil": 9499000,
        "link": "https://www.sec.gov/Archives/edgar/data/104889/000010488901500010/0000104889-01-500010-index.htm",
        "finalLink": "https://www.sec.gov/Archives/edgar/data/104889/000010488901500010/form10q.htm"
    },
    {
        "date": "2000-12-31",
        "symbol": "GHC",
        "reportedCurrency": "USD",
        "cik": "0000104889",
        "fillingDate": "2001-03-23",
        "acceptedDate": "2001-03-23 00:00:00",
        "calendarYear": "2000",
        "period": "Q4",
        "revenue": 671386000,
        "costOfRevenue": 355032000,
        "grossProfit": 316354000,
        "grossProfitRatio": 0.4711954077,
        "researchAndDevelopmentExpenses": 0,
        "generalAndAdministrativeExpenses": 0,
        "sellingAndMarketingExpenses": 0,
        "sellingGeneralAndAdministrativeExpenses": 178291000,
        "otherExpenses": 48109000,
        "operatingExpenses": 226400000,
        "costAndExpenses": 581432000,
        "interestIncome": 241000,
        "interestExpense": 14974000,
        "depreciationAndAmortization": 48109000,
        "ebitda": 138063000,
        "ebitdaratio": 0.2056387831,
        "operatingIncome": 89954000,
        "operatingIncomeRatio": 0.1339825376,
        "totalOtherIncomeExpensesNet": -36146000,
        "incomeBeforeTax": 53808000,
        "incomeBeforeTaxRatio": 0.080144656,
        "incomeTaxExpense": 16100000,
        "netIncome": 37708000,
        "netIncomeRatio": 0.0561644121,
        "eps": 3.97,
        "epsdiluted": 3.97,
        "weightedAverageShsOut": 9451753,
        "weightedAverageShsOutDil": 9500000,
        "link": "https://www.sec.gov/Archives/edgar/data/104889/000095013301001017/0000950133-01-001017-index.htm",
        "finalLink": "https://www.sec.gov/Archives/edgar/data/104889/000095013301001017/w46916e10-k.txt"
    },
    {
        "date": "2000-10-01",
        "symbol": "GHC",
        "reportedCurrency": "USD",
        "cik": "0000104889",
        "fillingDate": "2000-11-15",
        "acceptedDate": "2000-11-15 00:00:00",
        "calendarYear": "2000",
        "period": "Q3",
        "revenue": 602452000,
        "costOfRevenue": 340733000,
        "grossProfit": 261719000,
        "grossProfitRatio": 0.4344229914,
        "researchAndDevelopmentExpenses": 0,
        "generalAndAdministrativeExpenses": 0,
        "sellingAndMarketingExpenses": 0,
        "sellingGeneralAndAdministrativeExpenses": 131206000,
        "otherExpenses": 45956000,
        "operatingExpenses": 177162000,
        "costAndExpenses": 517895000,
        "interestIncome": 228000,
        "interestExpense": 14617000,
        "depreciationAndAmortization": 45956000,
        "ebitda": 130513000,
        "ebitdaratio": 0.2166363461,
        "operatingIncome": 84557000,
        "operatingIncomeRatio": 0.1403547503,
        "totalOtherIncomeExpensesNet": -23041000,
        "incomeBeforeTax": 61516000,
        "incomeBeforeTaxRatio": 0.1021093797,
        "incomeTaxExpense": 28000000,
        "netIncome": 33253000,
        "netIncomeRatio": 0.0551960986,
        "eps": 3.52,
        "epsdiluted": 3.51,
        "weightedAverageShsOut": 9448000,
        "weightedAverageShsOutDil": 9463000,
        "link": "https://www.sec.gov/Archives/edgar/data/104889/000095013300004592/0000950133-00-004592-index.htm",
        "finalLink": "https://www.sec.gov/Archives/edgar/data/104889/000095013300004592/w42777e10-q.txt"
    },
    {
        "date": "2000-07-02",
        "symbol": "GHC",
        "reportedCurrency": "USD",
        "cik": "0000104889",
        "fillingDate": "2000-08-14",
        "acceptedDate": "2000-08-14 00:00:00",
        "calendarYear": "2000",
        "period": "Q2",
        "revenue": 591540000,
        "costOfRevenue": 316252000,
        "grossProfit": 275288000,
        "grossProfitRatio": 0.4653751226,
        "researchAndDevelopmentExpenses": 0,
        "generalAndAdministrativeExpenses": 0,
        "sellingAndMarketingExpenses": 0,
        "sellingGeneralAndAdministrativeExpenses": 138704000,
        "otherExpenses": 43393000,
        "operatingExpenses": 182097000,
        "costAndExpenses": 498349000,
        "interestIncome": 0,
        "interestExpense": 0,
        "depreciationAndAmortization": 43393000,
        "ebitda": 136584000,
        "ebitdaratio": 0.2308956284,
        "operatingIncome": 93191000,
        "operatingIncomeRatio": 0.1575396423,
        "totalOtherIncomeExpensesNet": -20213000,
        "incomeBeforeTax": 72978000,
        "incomeBeforeTaxRatio": 0.1233695101,
        "incomeTaxExpense": 31800000,
        "netIncome": 40915000,
        "netIncomeRatio": 0.0691669202,
        "eps": 4.33,
        "epsdiluted": 4.33,
        "weightedAverageShsOut": 9443000,
        "weightedAverageShsOutDil": 9458000,
        "link": "https://www.sec.gov/Archives/edgar/data/104889/000010488900000012/0000104889-00-000012-index.htm",
        "finalLink": "https://www.sec.gov/Archives/edgar/data/104889/000010488900000012/0000104889-00-000012-0001.txt"
    },
    {
        "date": "2000-04-02",
        "symbol": "GHC",
        "reportedCurrency": "USD",
        "cik": "0000104889",
        "fillingDate": "2000-05-16",
        "acceptedDate": "2000-05-16 00:00:00",
        "calendarYear": "2000",
        "period": "Q1",
        "revenue": 546771000,
        "costOfRevenue": 296072000,
        "grossProfit": 250699000,
        "grossProfitRatio": 0.4585082237,
        "researchAndDevelopmentExpenses": 0,
        "generalAndAdministrativeExpenses": 0,
        "sellingAndMarketingExpenses": 0,
        "sellingGeneralAndAdministrativeExpenses": 135421000,
        "otherExpenses": 43124000,
        "operatingExpenses": 178545000,
        "costAndExpenses": 474617000,
        "interestIncome": 224000,
        "interestExpense": 12567000,
        "depreciationAndAmortization": 43124000,
        "ebitda": 115278000,
        "ebitdaratio": 0.2108341518,
        "operatingIncome": 72154000,
        "operatingIncomeRatio": 0.1319638386,
        "totalOtherIncomeExpensesNet": -30585000,
        "incomeBeforeTax": 41569000,
        "incomeBeforeTaxRatio": 0.0760263438,
        "incomeTaxExpense": 17500000,
        "netIncome": 23569000,
        "netIncomeRatio": 0.0431057975,
        "eps": 2.5,
        "epsdiluted": 2.49,
        "weightedAverageShsOut": 9440000,
        "weightedAverageShsOutDil": 9458000,
        "link": "https://www.sec.gov/Archives/edgar/data/104889/000095013300002125/0000950133-00-002125-index.htm",
        "finalLink": "https://www.sec.gov/Archives/edgar/data/104889/000095013300002125/"
    },
    {
        "date": "1999-12-31",
        "symbol": "GHC",
        "reportedCurrency": "USD",
        "cik": "0000104889",
        "fillingDate": "2000-03-31",
        "acceptedDate": "2000-03-31 00:00:00",
        "calendarYear": "1999",
        "period": "Q4",
        "revenue": 598400000,
        "costOfRevenue": 314900000,
        "grossProfit": 283500000,
        "grossProfitRatio": 0.473763369,
        "researchAndDevelopmentExpenses": 0,
        "generalAndAdministrativeExpenses": 0,
        "sellingAndMarketingExpenses": 0,
        "sellingGeneralAndAdministrativeExpenses": 123100000,
        "otherExpenses": 42200000,
        "operatingExpenses": 165300000,
        "costAndExpenses": 480200000,
        "interestIncome": 0,
        "interestExpense": 0,
        "depreciationAndAmortization": 42200000,
        "ebitda": 160400000,
        "ebitdaratio": 0.2680481283,
        "operatingIncome": 118200000,
        "operatingIncomeRatio": 0.197526738,
        "totalOtherIncomeExpensesNet": -17100000,
        "incomeBeforeTax": 101100000,
        "incomeBeforeTaxRatio": 0.1689505348,
        "incomeTaxExpense": 40100000,
        "netIncome": 61000000,
        "netIncomeRatio": 0.1019385027,
        "eps": 6.1,
        "epsdiluted": 6.1,
        "weightedAverageShsOut": 9977662,
        "weightedAverageShsOutDil": 10000000,
        "link": "https://www.sec.gov/Archives/edgar/data/104889/000095013300001377/0000950133-00-001377-index.htm",
        "finalLink": "https://www.sec.gov/Archives/edgar/data/104889/000095013300001377/"
    },
    {
        "date": "1999-10-03",
        "symbol": "GHC",
        "reportedCurrency": "USD",
        "cik": "0000104889",
        "fillingDate": "1999-11-10",
        "acceptedDate": "1999-11-10 00:00:00",
        "calendarYear": "1999",
        "period": "Q3",
        "revenue": 539600000,
        "costOfRevenue": 293900000,
        "grossProfit": 245700000,
        "grossProfitRatio": 0.4553372869,
        "researchAndDevelopmentExpenses": 0,
        "generalAndAdministrativeExpenses": 0,
        "sellingAndMarketingExpenses": 0,
        "sellingGeneralAndAdministrativeExpenses": 118200000,
        "otherExpenses": 41200000,
        "operatingExpenses": 159400000,
        "costAndExpenses": 453300000,
        "interestIncome": 200000,
        "interestExpense": 6500000,
        "depreciationAndAmortization": 41200000,
        "ebitda": 127500000,
        "ebitdaratio": 0.2362861379,
        "operatingIncome": 86300000,
        "operatingIncomeRatio": 0.1599332839,
        "totalOtherIncomeExpensesNet": 2000000,
        "incomeBeforeTax": 88300000,
        "incomeBeforeTaxRatio": 0.1636397331,
        "incomeTaxExpense": 36600000,
        "netIncome": 51500000,
        "netIncomeRatio": 0.0954410675,
        "eps": 5.12,
        "epsdiluted": 5.1,
        "weightedAverageShsOut": 10060000,
        "weightedAverageShsOutDil": 10101000,
        "link": "https://www.sec.gov/Archives/edgar/data/104889/000095013399003447/0000950133-99-003447-index.html",
        "finalLink": "https://www.sec.gov/Archives/edgar/data/104889/000095013399003447/"
    },
    {
        "date": "1999-07-04",
        "symbol": "GHC",
        "reportedCurrency": "USD",
        "cik": "0000104889",
        "fillingDate": "1999-08-18",
        "acceptedDate": "1999-08-18 00:00:00",
        "calendarYear": "1999",
        "period": "Q2",
        "revenue": 557200000,
        "costOfRevenue": 294200000,
        "grossProfit": 263000000,
        "grossProfitRatio": 0.4720028715,
        "researchAndDevelopmentExpenses": 0,
        "generalAndAdministrativeExpenses": 0,
        "sellingAndMarketingExpenses": 0,
        "sellingGeneralAndAdministrativeExpenses": 116400000,
        "otherExpenses": 39900000,
        "operatingExpenses": 156300000,
        "costAndExpenses": 450500000,
        "interestIncome": 0,
        "interestExpense": 0,
        "depreciationAndAmortization": 39900000,
        "ebitda": 146600000,
        "ebitdaratio": 0.2631012204,
        "operatingIncome": 106700000,
        "operatingIncomeRatio": 0.1914931802,
        "totalOtherIncomeExpensesNet": 5000000,
        "incomeBeforeTax": 111700000,
        "incomeBeforeTaxRatio": 0.2004666188,
        "incomeTaxExpense": 43800000,
        "netIncome": 67700000,
        "netIncomeRatio": 0.1215003589,
        "eps": 6.7,
        "epsdiluted": 6.67,
        "weightedAverageShsOut": 10104478,
        "weightedAverageShsOutDil": 10149925,
        "link": "https://www.sec.gov/Archives/edgar/data/104889/000010488999000002/0000104889-99-000002-index.htm",
        "finalLink": "https://www.sec.gov/Archives/edgar/data/104889/000010488999000002/"
    },
    {
        "date": "1999-04-04",
        "symbol": "GHC",
        "reportedCurrency": "USD",
        "cik": "0000104889",
        "fillingDate": "1999-05-18",
        "acceptedDate": "1999-05-18 00:00:00",
        "calendarYear": "1999",
        "period": "Q1",
        "revenue": 520400000,
        "costOfRevenue": 286600000,
        "grossProfit": 233800000,
        "grossProfitRatio": 0.4492697925,
        "researchAndDevelopmentExpenses": 0,
        "generalAndAdministrativeExpenses": 0,
        "sellingAndMarketingExpenses": 0,
        "sellingGeneralAndAdministrativeExpenses": 117000000,
        "otherExpenses": 39500000,
        "operatingExpenses": 156500000,
        "costAndExpenses": 443100000,
        "interestIncome": 0,
        "interestExpense": 6800000,
        "depreciationAndAmortization": 39500000,
        "ebitda": 116800000,
        "ebitdaratio": 0.2244427364,
        "operatingIncome": 77300000,
        "operatingIncomeRatio": 0.1485395849,
        "totalOtherIncomeExpensesNet": -2900000,
        "incomeBeforeTax": 74400000,
        "incomeBeforeTaxRatio": 0.1429669485,
        "incomeTaxExpense": 29200000,
        "netIncome": 44700000,
        "netIncomeRatio": 0.085895465,
        "eps": 4.43,
        "epsdiluted": 4.41,
        "weightedAverageShsOut": 10090293,
        "weightedAverageShsOutDil": 10136054,
        "link": "https://www.sec.gov/Archives/edgar/data/104889/000095013399001940/0000950133-99-001940-index.htm",
        "finalLink": "https://www.sec.gov/Archives/edgar/data/104889/"
    },
    {
        "date": "1998-12-31",
        "symbol": "GHC",
        "reportedCurrency": "USD",
        "cik": "0000104889",
        "fillingDate": "1999-03-26",
        "acceptedDate": "1999-03-26 00:00:00",
        "calendarYear": "1998",
        "period": "Q4",
        "revenue": 591400000,
        "costOfRevenue": 317000000,
        "grossProfit": 274400000,
        "grossProfitRatio": 0.4639837673,
        "researchAndDevelopmentExpenses": 0,
        "generalAndAdministrativeExpenses": 0,
        "sellingAndMarketingExpenses": 0,
        "sellingGeneralAndAdministrativeExpenses": 124600000,
        "otherExpenses": 40200000,
        "operatingExpenses": 164800000,
        "costAndExpenses": 481800000,
        "interestIncome": 0,
        "interestExpense": 6700000,
        "depreciationAndAmortization": 40200000,
        "ebitda": 149800000,
        "ebitdaratio": 0.2532972607,
        "operatingIncome": 109600000,
        "operatingIncomeRatio": 0.1853229625,
        "totalOtherIncomeExpensesNet": -10500000,
        "incomeBeforeTax": 99100000,
        "incomeBeforeTaxRatio": 0.1675684816,
        "incomeTaxExpense": 35300000,
        "netIncome": 63800000,
        "netIncomeRatio": 0.1078796077,
        "eps": 6.32,
        "epsdiluted": 6.32,
        "weightedAverageShsOut": 10091411,
        "weightedAverageShsOutDil": 10100000,
        "link": "https://www.sec.gov/Archives/edgar/data/104889/000095013399000908/0000950133-99-000908-index.htm",
        "finalLink": "https://www.sec.gov/Archives/edgar/data/104889/0000950133-99-000908.txt"
    },
    {
        "date": "1998-09-27",
        "symbol": "GHC",
        "reportedCurrency": "USD",
        "cik": "0000104889",
        "fillingDate": "1998-11-12",
        "acceptedDate": "1998-11-12 00:00:00",
        "calendarYear": "1998",
        "period": "Q3",
        "revenue": 509300000,
        "costOfRevenue": 278200000,
        "grossProfit": 231100000,
        "grossProfitRatio": 0.4537600628,
        "researchAndDevelopmentExpenses": 0,
        "generalAndAdministrativeExpenses": 0,
        "sellingAndMarketingExpenses": 0,
        "sellingGeneralAndAdministrativeExpenses": 107500000,
        "otherExpenses": 36000000,
        "operatingExpenses": 143500000,
        "costAndExpenses": 421700000,
        "interestIncome": 0,
        "interestExpense": 2200000,
        "depreciationAndAmortization": 35900000,
        "ebitda": 123600000,
        "ebitdaratio": 0.2426860397,
        "operatingIncome": 87600000,
        "operatingIncomeRatio": 0.1720007854,
        "totalOtherIncomeExpensesNet": 44100000,
        "incomeBeforeTax": 131700000,
        "incomeBeforeTaxRatio": 0.2585902219,
        "incomeTaxExpense": 49900000,
        "netIncome": 81600000,
        "netIncomeRatio": 0.1602199097,
        "eps": 8.09,
        "epsdiluted": 8.05,
        "weightedAverageShsOut": 10086527,
        "weightedAverageShsOutDil": 10136646,
        "link": "https://www.sec.gov/Archives/edgar/data/104889/000095013398003771/0000950133-98-003771-index.html",
        "finalLink": "https://www.sec.gov/Archives/edgar/data/104889/"
    },
    {
        "date": "1998-06-28",
        "symbol": "GHC",
        "reportedCurrency": "USD",
        "cik": "0000104889",
        "fillingDate": "1998-08-11",
        "acceptedDate": "1998-08-11 00:00:00",
        "calendarYear": "1998",
        "period": "Q2",
        "revenue": 525800000,
        "costOfRevenue": 276400000,
        "grossProfit": 249400000,
        "grossProfitRatio": 0.4743248383,
        "researchAndDevelopmentExpenses": 0,
        "generalAndAdministrativeExpenses": 0,
        "sellingAndMarketingExpenses": 0,
        "sellingGeneralAndAdministrativeExpenses": 111000000,
        "otherExpenses": 31800000,
        "operatingExpenses": 142800000,
        "costAndExpenses": 419200000,
        "interestIncome": 0,
        "interestExpense": 0,
        "depreciationAndAmortization": 31900000,
        "ebitda": 138500000,
        "ebitdaratio": 0.26340814,
        "operatingIncome": 106600000,
        "operatingIncomeRatio": 0.2027386839,
        "totalOtherIncomeExpensesNet": -1700000,
        "incomeBeforeTax": 104900000,
        "incomeBeforeTaxRatio": 0.1995055154,
        "incomeTaxExpense": 41100000,
        "netIncome": 63600000,
        "netIncomeRatio": 0.1209585394,
        "eps": 6.3,
        "epsdiluted": 6.27,
        "weightedAverageShsOut": 10095238,
        "weightedAverageShsOutDil": 10143541,
        "link": "https://www.sec.gov/Archives/edgar/data/104889/000095013398002923/0000950133-98-002923-index.html",
        "finalLink": "https://www.sec.gov/Archives/edgar/data/104889/"
    },
    {
        "date": "1998-03-29",
        "symbol": "GHC",
        "reportedCurrency": "USD",
        "cik": "0000104889",
        "fillingDate": "1998-05-13",
        "acceptedDate": "1998-05-13 00:00:00",
        "calendarYear": "1998",
        "period": "Q1",
        "revenue": 484000000,
        "costOfRevenue": 267600000,
        "grossProfit": 216400000,
        "grossProfitRatio": 0.447107438,
        "researchAndDevelopmentExpenses": 0,
        "generalAndAdministrativeExpenses": 0,
        "sellingAndMarketingExpenses": 0,
        "sellingGeneralAndAdministrativeExpenses": 109900000,
        "otherExpenses": 31100000,
        "operatingExpenses": 141000000,
        "costAndExpenses": 408600000,
        "interestIncome": 0,
        "interestExpense": 0,
        "depreciationAndAmortization": 31100000,
        "ebitda": 106500000,
        "ebitdaratio": 0.2200413223,
        "operatingIncome": 75400000,
        "operatingIncomeRatio": 0.155785124,
        "totalOtherIncomeExpensesNet": 257000000,
        "incomeBeforeTax": 332400000,
        "incomeBeforeTaxRatio": 0.6867768595,
        "incomeTaxExpense": 124500000,
        "netIncome": 207400000,
        "netIncomeRatio": 0.4285123967,
        "eps": 20.57,
        "epsdiluted": 20.47,
        "weightedAverageShsOut": 10082645,
        "weightedAverageShsOutDil": 10131900,
        "link": "https://www.sec.gov/Archives/edgar/data/104889/000095013398001849/0000950133-98-001849-index.htm",
        "finalLink": "https://www.sec.gov/Archives/edgar/data/104889/"
    },
    {
        "date": "1997-12-31",
        "symbol": "GHC",
        "reportedCurrency": "USD",
        "cik": "0000104889",
        "fillingDate": "1998-03-23",
        "acceptedDate": "1998-03-23 00:00:00",
        "calendarYear": "1997",
        "period": "Q4",
        "revenue": 522400000,
        "costOfRevenue": 276400000,
        "grossProfit": 246000000,
        "grossProfitRatio": 0.4709035222,
        "researchAndDevelopmentExpenses": 0,
        "generalAndAdministrativeExpenses": 0,
        "sellingAndMarketingExpenses": 0,
        "sellingGeneralAndAdministrativeExpenses": 117100000,
        "otherExpenses": 26900000,
        "operatingExpenses": 144000000,
        "costAndExpenses": 420400000,
        "interestIncome": 0,
        "interestExpense": 0,
        "depreciationAndAmortization": 26900000,
        "ebitda": 128900000,
        "ebitdaratio": 0.2467457887,
        "operatingIncome": 102000000,
        "operatingIncomeRatio": 0.1952526799,
        "totalOtherIncomeExpensesNet": 47100000,
        "incomeBeforeTax": 149100000,
        "incomeBeforeTaxRatio": 0.2854134763,
        "incomeTaxExpense": 58100000,
        "netIncome": 91000000,
        "netIncomeRatio": 0.1741960184,
        "eps": 8.67,
        "epsdiluted": 8.67,
        "weightedAverageShsOut": 10500000,
        "weightedAverageShsOutDil": 10500000,
        "link": "https://www.sec.gov/Archives/edgar/data/104889/000095013398000892/0000950133-98-000892-index.htm",
        "finalLink": "https://www.sec.gov/Archives/edgar/data/104889/0000950133-98-000892.txt"
    },
    {
        "date": "1997-09-28",
        "symbol": "GHC",
        "reportedCurrency": "USD",
        "cik": "0000104889",
        "fillingDate": "1997-11-12",
        "acceptedDate": "1997-11-12 00:00:00",
        "calendarYear": "1997",
        "period": "Q3",
        "revenue": 478400000,
        "costOfRevenue": 253600000,
        "grossProfit": 224800000,
        "grossProfitRatio": 0.4698996656,
        "researchAndDevelopmentExpenses": 0,
        "generalAndAdministrativeExpenses": 0,
        "sellingAndMarketingExpenses": 0,
        "sellingGeneralAndAdministrativeExpenses": 107200000,
        "otherExpenses": 26400000,
        "operatingExpenses": 133600000,
        "costAndExpenses": 387200000,
        "interestIncome": 0,
        "interestExpense": 0,
        "depreciationAndAmortization": 26400000,
        "ebitda": 117600000,
        "ebitdaratio": 0.245819398,
        "operatingIncome": 91200000,
        "operatingIncomeRatio": 0.1906354515,
        "totalOtherIncomeExpensesNet": 28800000,
        "incomeBeforeTax": 120000000,
        "incomeBeforeTaxRatio": 0.2508361204,
        "incomeTaxExpense": 48400000,
        "netIncome": 71400000,
        "netIncomeRatio": 0.1492474916,
        "eps": 6.66,
        "epsdiluted": 6.64,
        "weightedAverageShsOut": 10720721,
        "weightedAverageShsOutDil": 10753012,
        "link": "https://www.sec.gov/Archives/edgar/data/104889/000095013397003846/0000950133-97-003846-index.htm",
        "finalLink": "https://www.sec.gov/Archives/edgar/data/104889/"
    },
    {
        "date": "1997-06-29",
        "symbol": "GHC",
        "reportedCurrency": "USD",
        "cik": "0000104889",
        "fillingDate": "1997-08-08",
        "acceptedDate": "1997-08-08 00:00:00",
        "calendarYear": "1997",
        "period": "Q2",
        "revenue": 501400000,
        "costOfRevenue": 246500000,
        "grossProfit": 254900000,
        "grossProfitRatio": 0.5083765457,
        "researchAndDevelopmentExpenses": 0,
        "generalAndAdministrativeExpenses": 0,
        "sellingAndMarketingExpenses": 0,
        "sellingGeneralAndAdministrativeExpenses": 118900000,
        "otherExpenses": 26100000,
        "operatingExpenses": 145000000,
        "costAndExpenses": 391500000,
        "interestIncome": 0,
        "interestExpense": 200000,
        "depreciationAndAmortization": 26000000,
        "ebitda": 136000000,
        "ebitdaratio": 0.2712405265,
        "operatingIncome": 109900000,
        "operatingIncomeRatio": 0.2191862784,
        "totalOtherIncomeExpensesNet": 6000000,
        "incomeBeforeTax": 115900000,
        "incomeBeforeTaxRatio": 0.2311527722,
        "incomeTaxExpense": 44500000,
        "netIncome": 71200000,
        "netIncomeRatio": 0.1420023933,
        "eps": 6.6,
        "epsdiluted": 6.6,
        "weightedAverageShsOut": 10787879,
        "weightedAverageShsOutDil": 10787879,
        "link": "https://www.sec.gov/Archives/edgar/data/104889/000095013397002750/0000950133-97-002750-index.htm",
        "finalLink": "https://www.sec.gov/Archives/edgar/data/104889/"
    },
    {
        "date": "1997-03-30",
        "symbol": "GHC",
        "reportedCurrency": "USD",
        "cik": "0000104889",
        "fillingDate": "1997-05-13",
        "acceptedDate": "1997-05-13 00:00:00",
        "calendarYear": "1997",
        "period": "Q1",
        "revenue": 454100000,
        "costOfRevenue": 243500000,
        "grossProfit": 210600000,
        "grossProfitRatio": 0.463774499,
        "researchAndDevelopmentExpenses": 0,
        "generalAndAdministrativeExpenses": 0,
        "sellingAndMarketingExpenses": 0,
        "sellingGeneralAndAdministrativeExpenses": 106900000,
        "otherExpenses": 25800000,
        "operatingExpenses": 132700000,
        "costAndExpenses": 376200000,
        "interestIncome": 0,
        "interestExpense": 200000,
        "depreciationAndAmortization": 25800000,
        "ebitda": 103700000,
        "ebitdaratio": 0.2283637965,
        "operatingIncome": 77900000,
        "operatingIncomeRatio": 0.1715481172,
        "totalOtherIncomeExpensesNet": 300000,
        "incomeBeforeTax": 78200000,
        "incomeBeforeTaxRatio": 0.1722087646,
        "incomeTaxExpense": 30500000,
        "netIncome": 47200000,
        "netIncomeRatio": 0.103941863,
        "eps": 4.35,
        "epsdiluted": 4.35,
        "weightedAverageShsOut": 10850575,
        "weightedAverageShsOutDil": 10850575,
        "link": "https://www.sec.gov/Archives/edgar/data/104889/000095013397001818/0000950133-97-001818-index.html",
        "finalLink": "https://www.sec.gov/Archives/edgar/data/104889/"
    },
    {
        "date": "1996-12-31",
        "symbol": "GHC",
        "reportedCurrency": "USD",
        "cik": "0000104889",
        "fillingDate": "1997-03-24",
        "acceptedDate": "1997-03-24 00:00:00",
        "calendarYear": "1996",
        "period": "Q4",
        "revenue": 503600000,
        "costOfRevenue": 265200000,
        "grossProfit": 238400000,
        "grossProfitRatio": 0.4733915806,
        "researchAndDevelopmentExpenses": 0,
        "generalAndAdministrativeExpenses": 0,
        "sellingAndMarketingExpenses": 0,
        "sellingGeneralAndAdministrativeExpenses": 109000000,
        "otherExpenses": 25200000,
        "operatingExpenses": 134200000,
        "costAndExpenses": 399400000,
        "interestIncome": 0,
        "interestExpense": 100000,
        "depreciationAndAmortization": 25200000,
        "ebitda": 129400000,
        "ebitdaratio": 0.2569499603,
        "operatingIncome": 104200000,
        "operatingIncomeRatio": 0.2069102462,
        "totalOtherIncomeExpensesNet": 900000,
        "incomeBeforeTax": 105100000,
        "incomeBeforeTaxRatio": 0.2086973789,
        "incomeTaxExpense": 39900000,
        "netIncome": 65200000,
        "netIncomeRatio": 0.1294678316,
        "eps": 5.94,
        "epsdiluted": 5.94,
        "weightedAverageShsOut": 10887175,
        "weightedAverageShsOutDil": 11000000,
        "link": "https://www.sec.gov/Archives/edgar/data/104889/000095013397000932/0000950133-97-000932-index.htm",
        "finalLink": "https://www.sec.gov/Archives/edgar/data/104889/0000950133-97-000932.txt"
    },
    {
        "date": "1996-09-29",
        "symbol": "GHC",
        "reportedCurrency": "USD",
        "cik": "0000104889",
        "fillingDate": "1996-11-13",
        "acceptedDate": "1996-11-13 00:00:00",
        "calendarYear": "1996",
        "period": "Q3",
        "revenue": 460300000,
        "costOfRevenue": 245800000,
        "grossProfit": 214500000,
        "grossProfitRatio": 0.4660004345,
        "researchAndDevelopmentExpenses": 0,
        "generalAndAdministrativeExpenses": 0,
        "sellingAndMarketingExpenses": 0,
        "sellingGeneralAndAdministrativeExpenses": 103900000,
        "otherExpenses": 23400000,
        "operatingExpenses": 127300000,
        "costAndExpenses": 373100000,
        "interestIncome": 0,
        "interestExpense": 200000,
        "depreciationAndAmortization": 23400000,
        "ebitda": 110600000,
        "ebitdaratio": 0.2402780795,
        "operatingIncome": 87200000,
        "operatingIncomeRatio": 0.1894416685,
        "totalOtherIncomeExpensesNet": 3700000,
        "incomeBeforeTax": 90900000,
        "incomeBeforeTaxRatio": 0.1974799044,
        "incomeTaxExpense": 35500000,
        "netIncome": 54900000,
        "netIncomeRatio": 0.1192700413,
        "eps": 5,
        "epsdiluted": 5,
        "weightedAverageShsOut": 10980000,
        "weightedAverageShsOutDil": 10980000,
        "link": "https://www.sec.gov/Archives/edgar/data/104889/000095013396002492/0000950133-96-002492-index.htm",
        "finalLink": "https://www.sec.gov/Archives/edgar/data/104889/"
    },
    {
        "date": "1996-06-30",
        "symbol": "GHC",
        "reportedCurrency": "USD",
        "cik": "0000104889",
        "fillingDate": "1996-08-14",
        "acceptedDate": "1996-08-14 00:00:00",
        "calendarYear": "1996",
        "period": "Q2",
        "revenue": 472900000,
        "costOfRevenue": 253600000,
        "grossProfit": 219300000,
        "grossProfitRatio": 0.4637344047,
        "researchAndDevelopmentExpenses": 0,
        "generalAndAdministrativeExpenses": 0,
        "sellingAndMarketingExpenses": 0,
        "sellingGeneralAndAdministrativeExpenses": 100600000,
        "otherExpenses": 23200000,
        "operatingExpenses": 123800000,
        "costAndExpenses": 377400000,
        "interestIncome": 0,
        "interestExpense": 100000,
        "depreciationAndAmortization": 23200000,
        "ebitda": 118700000,
        "ebitdaratio": 0.2510044407,
        "operatingIncome": 95500000,
        "operatingIncomeRatio": 0.201945443,
        "totalOtherIncomeExpensesNet": 8100000,
        "incomeBeforeTax": 103600000,
        "incomeBeforeTaxRatio": 0.2190738,
        "incomeTaxExpense": 40400000,
        "netIncome": 63200000,
        "netIncomeRatio": 0.1336434764,
        "eps": 5.76,
        "epsdiluted": 5.76,
        "weightedAverageShsOut": 10972222,
        "weightedAverageShsOutDil": 10972222,
        "link": "https://www.sec.gov/Archives/edgar/data/104889/000095013396001588/0000950133-96-001588-index.htm",
        "finalLink": "https://www.sec.gov/Archives/edgar/data/104889/"
    },
    {
        "date": "1996-03-31",
        "symbol": "GHC",
        "reportedCurrency": "USD",
        "cik": "0000104889",
        "fillingDate": "1996-05-15",
        "acceptedDate": "1996-05-15 00:00:00",
        "calendarYear": "1996",
        "period": "Q1",
        "revenue": 416600000,
        "costOfRevenue": 242500000,
        "grossProfit": 174100000,
        "grossProfitRatio": 0.4179068651,
        "researchAndDevelopmentExpenses": 0,
        "generalAndAdministrativeExpenses": 0,
        "sellingAndMarketingExpenses": 0,
        "sellingGeneralAndAdministrativeExpenses": 100800000,
        "otherExpenses": 23100000,
        "operatingExpenses": 123900000,
        "costAndExpenses": 366400000,
        "interestIncome": 0,
        "interestExpense": 1100000,
        "depreciationAndAmortization": 23100000,
        "ebitda": 73300000,
        "ebitdaratio": 0.1759481517,
        "operatingIncome": 50200000,
        "operatingIncomeRatio": 0.1204992799,
        "totalOtherIncomeExpensesNet": 10300000,
        "incomeBeforeTax": 60500000,
        "incomeBeforeTaxRatio": 0.1452232357,
        "incomeTaxExpense": 23600000,
        "netIncome": 36900000,
        "netIncomeRatio": 0.0885741719,
        "eps": 3.34,
        "epsdiluted": 3.34,
        "weightedAverageShsOut": 11047904,
        "weightedAverageShsOutDil": 11047904,
        "link": "https://www.sec.gov/Archives/edgar/data/104889/000095013396000642/0000950133-96-000642-index.htm",
        "finalLink": "https://www.sec.gov/Archives/edgar/data/104889/"
    },
    {
        "date": "1995-12-31",
        "symbol": "GHC",
        "reportedCurrency": "USD",
        "cik": "0000104889",
        "fillingDate": "1996-03-27",
        "acceptedDate": "1996-03-27 00:00:00",
        "calendarYear": "1995",
        "period": "Q4",
        "revenue": 596300000,
        "costOfRevenue": 277200000,
        "grossProfit": 319100000,
        "grossProfitRatio": 0.5351333222,
        "researchAndDevelopmentExpenses": 0,
        "generalAndAdministrativeExpenses": 0,
        "sellingAndMarketingExpenses": 0,
        "sellingGeneralAndAdministrativeExpenses": 102400000,
        "otherExpenses": 5300000,
        "operatingExpenses": 107700000,
        "costAndExpenses": 384900000,
        "interestIncome": 0,
        "interestExpense": 1400000,
        "depreciationAndAmortization": 5300000,
        "ebitda": 216700000,
        "ebitdaratio": 0.3634076807,
        "operatingIncome": 211400000,
        "operatingIncomeRatio": 0.3545195371,
        "totalOtherIncomeExpensesNet": -125000000,
        "incomeBeforeTax": 86400000,
        "incomeBeforeTaxRatio": 0.14489351,
        "incomeTaxExpense": 33500000,
        "netIncome": 52900000,
        "netIncomeRatio": 0.0887137347,
        "eps": 4.81,
        "epsdiluted": 4.81,
        "weightedAverageShsOut": 11000000,
        "weightedAverageShsOutDil": 11000000,
        "link": "https://www.sec.gov/Archives/edgar/data/104889/000095013396000265/0000950133-96-000265-index.htm",
        "finalLink": "https://www.sec.gov/Archives/edgar/data/104889/0000950133-96-000265.txt"
    },
    {
        "date": "1995-10-01",
        "symbol": "GHC",
        "reportedCurrency": "USD",
        "cik": "0000104889",
        "fillingDate": "1995-11-15",
        "acceptedDate": "1995-11-15 00:00:00",
        "calendarYear": "1995",
        "period": "Q3",
        "revenue": 363400000,
        "costOfRevenue": 234600000,
        "grossProfit": 128800000,
        "grossProfitRatio": 0.3544303797,
        "researchAndDevelopmentExpenses": 0,
        "generalAndAdministrativeExpenses": 0,
        "sellingAndMarketingExpenses": 0,
        "sellingGeneralAndAdministrativeExpenses": 96600000,
        "otherExpenses": 31000000,
        "operatingExpenses": 127600000,
        "costAndExpenses": 362200000,
        "interestIncome": 0,
        "interestExpense": 1400000,
        "depreciationAndAmortization": 31000000,
        "ebitda": 32200000,
        "ebitdaratio": 0.0886075949,
        "operatingIncome": 1200000,
        "operatingIncomeRatio": 0.0033021464,
        "totalOtherIncomeExpensesNet": 62000000,
        "incomeBeforeTax": 63200000,
        "incomeBeforeTaxRatio": 0.1739130435,
        "incomeTaxExpense": 21400000,
        "netIncome": 41800000,
        "netIncomeRatio": 0.1150247661,
        "eps": 3.79,
        "epsdiluted": 3.79,
        "weightedAverageShsOut": 11029024,
        "weightedAverageShsOutDil": 11029024,
        "link": "https://www.sec.gov/Archives/edgar/data/104889/000095013395000672/0000950133-95-000672-index.htm",
        "finalLink": "https://www.sec.gov/Archives/edgar/data/104889/"
    },
    {
        "date": "1995-07-02",
        "symbol": "GHC",
        "reportedCurrency": "USD",
        "cik": "0000104889",
        "fillingDate": "1995-08-16",
        "acceptedDate": "1995-08-16 00:00:00",
        "calendarYear": "1995",
        "period": "Q2",
        "revenue": 399000000,
        "costOfRevenue": 221200000,
        "grossProfit": 177800000,
        "grossProfitRatio": 0.4456140351,
        "researchAndDevelopmentExpenses": 0,
        "generalAndAdministrativeExpenses": 0,
        "sellingAndMarketingExpenses": 0,
        "sellingGeneralAndAdministrativeExpenses": 106100000,
        "otherExpenses": 31100000,
        "operatingExpenses": 137200000,
        "costAndExpenses": 358400000,
        "interestIncome": 0,
        "interestExpense": 1400000,
        "depreciationAndAmortization": 31100000,
        "ebitda": 71700000,
        "ebitdaratio": 0.1796992481,
        "operatingIncome": 40600000,
        "operatingIncomeRatio": 0.101754386,
        "totalOtherIncomeExpensesNet": 46800000,
        "incomeBeforeTax": 87400000,
        "incomeBeforeTaxRatio": 0.219047619,
        "incomeTaxExpense": 35900000,
        "netIncome": 51500000,
        "netIncomeRatio": 0.1290726817,
        "eps": 4.65,
        "epsdiluted": 4.65,
        "weightedAverageShsOut": 11075269,
        "weightedAverageShsOutDil": 11075269,
        "link": "https://www.sec.gov/Archives/edgar/data/104889/000095013395000461/0000950133-95-000461-index.htm",
        "finalLink": "https://www.sec.gov/Archives/edgar/data/104889/0000950133-95-000461.txt"
    },
    {
        "date": "1995-04-02",
        "symbol": "GHC",
        "reportedCurrency": "USD",
        "cik": "0000104889",
        "fillingDate": "1995-05-17",
        "acceptedDate": "1995-05-17 00:00:00",
        "calendarYear": "1995",
        "period": "Q1",
        "revenue": 360700000,
        "costOfRevenue": 215400000,
        "grossProfit": 145300000,
        "grossProfitRatio": 0.4028278348,
        "researchAndDevelopmentExpenses": 0,
        "generalAndAdministrativeExpenses": 0,
        "sellingAndMarketingExpenses": 0,
        "sellingGeneralAndAdministrativeExpenses": 98000000,
        "otherExpenses": 29900000,
        "operatingExpenses": 127900000,
        "costAndExpenses": 343300000,
        "interestIncome": 0,
        "interestExpense": 1400000,
        "depreciationAndAmortization": 29900000,
        "ebitda": 47300000,
        "ebitdaratio": 0.1311339063,
        "operatingIncome": 17400000,
        "operatingIncomeRatio": 0.0482395342,
        "totalOtherIncomeExpensesNet": 57000000,
        "incomeBeforeTax": 74400000,
        "incomeBeforeTaxRatio": 0.2062655947,
        "incomeTaxExpense": 30500000,
        "netIncome": 43900000,
        "netIncomeRatio": 0.1217077904,
        "eps": 3.91,
        "epsdiluted": 3.91,
        "weightedAverageShsOut": 11227621,
        "weightedAverageShsOutDil": 11227621,
        "link": "https://www.sec.gov/Archives/edgar/data/104889/000095013395000292/0000950133-95-000292-index.htm",
        "finalLink": "https://www.sec.gov/Archives/edgar/data/104889/0000950133-95-000292.txt"
    },
    {
        "date": "1994-12-31",
        "symbol": "GHC",
        "reportedCurrency": "USD",
        "cik": "0000104889",
        "fillingDate": "1995-03-24",
        "acceptedDate": "1995-03-24 00:00:00",
        "calendarYear": "1994",
        "period": "Q4",
        "revenue": 450900000,
        "costOfRevenue": 224200000,
        "grossProfit": 226700000,
        "grossProfitRatio": 0.5027722333,
        "researchAndDevelopmentExpenses": 0,
        "generalAndAdministrativeExpenses": 0,
        "sellingAndMarketingExpenses": 0,
        "sellingGeneralAndAdministrativeExpenses": 109100000,
        "otherExpenses": 29500000,
        "operatingExpenses": 138600000,
        "costAndExpenses": 362800000,
        "interestIncome": 0,
        "interestExpense": 1400000,
        "depreciationAndAmortization": 29500000,
        "ebitda": 117600000,
        "ebitdaratio": 0.2608117099,
        "operatingIncome": 88100000,
        "operatingIncomeRatio": 0.1953870038,
        "totalOtherIncomeExpensesNet": -2000000,
        "incomeBeforeTax": 86100000,
        "incomeBeforeTaxRatio": 0.1909514305,
        "incomeTaxExpense": 33900000,
        "netIncome": 52200000,
        "netIncomeRatio": 0.1157684631,
        "eps": 4.58,
        "epsdiluted": 4.58,
        "weightedAverageShsOut": 11400000,
        "weightedAverageShsOutDil": 11400000,
        "link": "https://www.sec.gov/Archives/edgar/data/104889/000095013395000147/0000950133-95-000147-index.html",
        "finalLink": "https://www.sec.gov/Archives/edgar/data/104889/"
    },
    {
        "date": "1994-10-02",
        "symbol": "GHC",
        "reportedCurrency": "USD",
        "cik": "0000104889",
        "fillingDate": "1994-11-15",
        "acceptedDate": "1994-11-15 00:00:00",
        "calendarYear": "1994",
        "period": "Q3",
        "revenue": 399800000,
        "costOfRevenue": 209700000,
        "grossProfit": 190100000,
        "grossProfitRatio": 0.4754877439,
        "researchAndDevelopmentExpenses": 0,
        "generalAndAdministrativeExpenses": 0,
        "sellingAndMarketingExpenses": 0,
        "sellingGeneralAndAdministrativeExpenses": 95000000,
        "otherExpenses": 28900000,
        "operatingExpenses": 123900000,
        "costAndExpenses": 333600000,
        "interestIncome": 0,
        "interestExpense": 1300000,
        "depreciationAndAmortization": 28900000,
        "ebitda": 95100000,
        "ebitdaratio": 0.2378689345,
        "operatingIncome": 66200000,
        "operatingIncomeRatio": 0.1655827914,
        "totalOtherIncomeExpensesNet": 11800000,
        "incomeBeforeTax": 78000000,
        "incomeBeforeTaxRatio": 0.1950975488,
        "incomeTaxExpense": 30500000,
        "netIncome": 47500000,
        "netIncomeRatio": 0.1188094047,
        "eps": 4.13,
        "epsdiluted": 4.13,
        "weightedAverageShsOut": 11501211,
        "weightedAverageShsOutDil": 11501211,
        "link": "https://www.sec.gov/Archives/edgar/data/104889/000095013394000266/0000950133-94-000266-index.htm",
        "finalLink": "https://www.sec.gov/Archives/edgar/data/104889/0000950133-94-000266.txt"
    },
    {
        "date": "1994-07-03",
        "symbol": "GHC",
        "reportedCurrency": "USD",
        "cik": "0000104889",
        "fillingDate": "1994-08-16",
        "acceptedDate": "1994-08-16 00:00:00",
        "calendarYear": "1994",
        "period": "Q2",
        "revenue": 404800000,
        "costOfRevenue": 210700000,
        "grossProfit": 194100000,
        "grossProfitRatio": 0.4794960474,
        "researchAndDevelopmentExpenses": 0,
        "generalAndAdministrativeExpenses": 0,
        "sellingAndMarketingExpenses": 0,
        "sellingGeneralAndAdministrativeExpenses": 97200000,
        "otherExpenses": 27400000,
        "operatingExpenses": 124600000,
        "costAndExpenses": 335300000,
        "interestIncome": 0,
        "interestExpense": 1400000,
        "depreciationAndAmortization": 27400000,
        "ebitda": 96900000,
        "ebitdaratio": 0.2393774704,
        "operatingIncome": 69500000,
        "operatingIncomeRatio": 0.1716897233,
        "totalOtherIncomeExpensesNet": 2900000,
        "incomeBeforeTax": 72400000,
        "incomeBeforeTaxRatio": 0.1788537549,
        "incomeTaxExpense": 31100000,
        "netIncome": 41300000,
        "netIncomeRatio": 0.1020256917,
        "eps": 3.54,
        "epsdiluted": 3.54,
        "weightedAverageShsOut": 11666667,
        "weightedAverageShsOutDil": 11666667,
        "link": "https://www.sec.gov/Archives/edgar/data/104889/000095013394000178/0000950133-94-000178-index.htm",
        "finalLink": "https://www.sec.gov/Archives/edgar/data/104889/0000950133-94-000178.txt"
    },
    {
        "date": "1994-04-03",
        "symbol": "GHC",
        "reportedCurrency": "USD",
        "cik": "0000104889",
        "fillingDate": "1994-05-18",
        "acceptedDate": "1994-05-18 00:00:00",
        "calendarYear": "1994",
        "period": "Q1",
        "revenue": 358500000,
        "costOfRevenue": 194900000,
        "grossProfit": 163600000,
        "grossProfitRatio": 0.4563458856,
        "researchAndDevelopmentExpenses": 0,
        "generalAndAdministrativeExpenses": 0,
        "sellingAndMarketingExpenses": 0,
        "sellingGeneralAndAdministrativeExpenses": 89000000,
        "otherExpenses": 23400000,
        "operatingExpenses": 112400000,
        "costAndExpenses": 307300000,
        "interestIncome": 0,
        "interestExpense": 1400000,
        "depreciationAndAmortization": 23400000,
        "ebitda": 74600000,
        "ebitdaratio": 0.2080892608,
        "operatingIncome": 51200000,
        "operatingIncomeRatio": 0.1428172943,
        "totalOtherIncomeExpensesNet": -700000,
        "incomeBeforeTax": 50500000,
        "incomeBeforeTaxRatio": 0.1408647141,
        "incomeTaxExpense": 21700000,
        "netIncome": 28800000,
        "netIncomeRatio": 0.080334728,
        "eps": 2.46,
        "epsdiluted": 2.46,
        "weightedAverageShsOut": 11707317,
        "weightedAverageShsOutDil": 11707317,
        "link": "https://www.sec.gov/Archives/edgar/data/104889/000095013394000117/0000950133-94-000117-index.htm",
        "finalLink": "https://www.sec.gov/Archives/edgar/data/104889/0000950133-94-000117.txt"
    },
    {
        "date": "1993-12-31",
        "symbol": "GHC",
        "reportedCurrency": "USD",
        "cik": "0000104889",
        "fillingDate": "1994-03-29",
        "acceptedDate": "1994-03-29 00:00:00",
        "calendarYear": "1993",
        "period": "Q4",
        "revenue": 395700000,
        "costOfRevenue": 181400000,
        "grossProfit": 214300000,
        "grossProfitRatio": 0.5415718979,
        "researchAndDevelopmentExpenses": 0,
        "generalAndAdministrativeExpenses": 0,
        "sellingAndMarketingExpenses": 0,
        "sellingGeneralAndAdministrativeExpenses": 104500000,
        "otherExpenses": 23400000,
        "operatingExpenses": 127900000,
        "costAndExpenses": 309300000,
        "interestIncome": 0,
        "interestExpense": 1500000,
        "depreciationAndAmortization": 23400000,
        "ebitda": 109800000,
        "ebitdaratio": 0.2774829416,
        "operatingIncome": 86400000,
        "operatingIncomeRatio": 0.2183472328,
        "totalOtherIncomeExpensesNet": -13400000,
        "incomeBeforeTax": 73000000,
        "incomeBeforeTaxRatio": 0.1844831943,
        "incomeTaxExpense": 30500000,
        "netIncome": 42500000,
        "netIncomeRatio": 0.1074045994,
        "eps": 3.62,
        "epsdiluted": 3.62,
        "weightedAverageShsOut": 11706340,
        "weightedAverageShsOutDil": 11727749,
        "link": "https://www.sec.gov/Archives/edgar/data/104889/000095013394000047/0000950133-94-000047-index.htm",
        "finalLink": "https://www.sec.gov/Archives/edgar/data/104889/0000950133-94-000047.txt"
    },
    {
        "date": "1993-09-30",
        "symbol": "GHC",
        "reportedCurrency": "USD",
        "cik": "0000104889",
        "fillingDate": "1993-09-30",
        "acceptedDate": "1993-09-30 00:00:00",
        "calendarYear": "1993",
        "period": "Q3",
        "revenue": 364100000,
        "costOfRevenue": 194400000,
        "grossProfit": 169700000,
        "grossProfitRatio": 0.466080747,
        "researchAndDevelopmentExpenses": 0,
        "generalAndAdministrativeExpenses": 0,
        "sellingAndMarketingExpenses": 0,
        "sellingGeneralAndAdministrativeExpenses": 91000000,
        "otherExpenses": 23800000,
        "operatingExpenses": 114800000,
        "costAndExpenses": 309200000,
        "interestIncome": 0,
        "interestExpense": 1000000,
        "depreciationAndAmortization": 23600000,
        "ebitda": 78700000,
        "ebitdaratio": 0.2161494095,
        "operatingIncome": 54900000,
        "operatingIncomeRatio": 0.150782752,
        "totalOtherIncomeExpensesNet": 21000000,
        "incomeBeforeTax": 75900000,
        "incomeBeforeTaxRatio": 0.2084592145,
        "incomeTaxExpense": 31100000,
        "netIncome": 44800000,
        "netIncomeRatio": 0.12304312,
        "eps": 3.82,
        "epsdiluted": 3.82,
        "weightedAverageShsOut": 11727749,
        "weightedAverageShsOutDil": 11727749,
        "link": null,
        "finalLink": null
    },
    {
        "date": "1993-06-30",
        "symbol": "GHC",
        "reportedCurrency": "USD",
        "cik": "0000104889",
        "fillingDate": "1993-06-30",
        "acceptedDate": "1993-06-30 00:00:00",
        "calendarYear": "1993",
        "period": "Q2",
        "revenue": 376700000,
        "costOfRevenue": 188900000,
        "grossProfit": 187800000,
        "grossProfitRatio": 0.4985399522,
        "researchAndDevelopmentExpenses": 0,
        "generalAndAdministrativeExpenses": 0,
        "sellingAndMarketingExpenses": 0,
        "sellingGeneralAndAdministrativeExpenses": 99900000,
        "otherExpenses": 23900000,
        "operatingExpenses": 123800000,
        "costAndExpenses": 312700000,
        "interestIncome": 0,
        "interestExpense": 1000000,
        "depreciationAndAmortization": 23900000,
        "ebitda": 87900000,
        "ebitdaratio": 0.2333421821,
        "operatingIncome": 64000000,
        "operatingIncomeRatio": 0.1698964693,
        "totalOtherIncomeExpensesNet": 1600000,
        "incomeBeforeTax": 65600000,
        "incomeBeforeTaxRatio": 0.1741438811,
        "incomeTaxExpense": 27600000,
        "netIncome": 38000000,
        "netIncomeRatio": 0.1008760287,
        "eps": 3.23,
        "epsdiluted": 3.23,
        "weightedAverageShsOut": 11764706,
        "weightedAverageShsOutDil": 11764706,
        "link": null,
        "finalLink": null
    },
    {
        "date": "1993-03-31",
        "symbol": "GHC",
        "reportedCurrency": "USD",
        "cik": "0000104889",
        "fillingDate": "1993-03-31",
        "acceptedDate": "1993-03-31 00:00:00",
        "calendarYear": "1993",
        "period": "Q1",
        "revenue": 361700000,
        "costOfRevenue": 190300000,
        "grossProfit": 171400000,
        "grossProfitRatio": 0.4738733757,
        "researchAndDevelopmentExpenses": 0,
        "generalAndAdministrativeExpenses": 0,
        "sellingAndMarketingExpenses": 0,
        "sellingGeneralAndAdministrativeExpenses": 97800000,
        "otherExpenses": 23800000,
        "operatingExpenses": 121600000,
        "costAndExpenses": 311900000,
        "interestIncome": 0,
        "interestExpense": 1400000,
        "depreciationAndAmortization": 23800000,
        "ebitda": 73600000,
        "ebitdaratio": 0.2034835499,
        "operatingIncome": 49800000,
        "operatingIncomeRatio": 0.1376831628,
        "totalOtherIncomeExpensesNet": -700000,
        "incomeBeforeTax": 49100000,
        "incomeBeforeTaxRatio": 0.1357478573,
        "incomeTaxExpense": 20600000,
        "netIncome": 40100000,
        "netIncomeRatio": 0.110865358,
        "eps": 3.4,
        "epsdiluted": 3.4,
        "weightedAverageShsOut": 11794118,
        "weightedAverageShsOutDil": 11794118,
        "link": null,
        "finalLink": null
    },
    {
        "date": "1992-12-31",
        "symbol": "GHC",
        "reportedCurrency": "USD",
        "cik": "0000104889",
        "fillingDate": "1992-12-31",
        "acceptedDate": "1992-12-31 00:00:00",
        "calendarYear": "1992",
        "period": "Q4",
        "revenue": 393900000,
        "costOfRevenue": 195600000,
        "grossProfit": 198300000,
        "grossProfitRatio": 0.5034272658,
        "researchAndDevelopmentExpenses": 0,
        "generalAndAdministrativeExpenses": 0,
        "sellingAndMarketingExpenses": 0,
        "sellingGeneralAndAdministrativeExpenses": 96100000,
        "otherExpenses": 50700000,
        "operatingExpenses": 146800000,
        "costAndExpenses": 342400000,
        "interestIncome": 0,
        "interestExpense": 1400000,
        "depreciationAndAmortization": 50700000,
        "ebitda": 102200000,
        "ebitdaratio": 0.2594567149,
        "operatingIncome": 51500000,
        "operatingIncomeRatio": 0.1307438436,
        "totalOtherIncomeExpensesNet": 8700000,
        "incomeBeforeTax": 60200000,
        "incomeBeforeTaxRatio": 0.1528306677,
        "incomeTaxExpense": 25400000,
        "netIncome": 34800000,
        "netIncomeRatio": 0.0883472963,
        "eps": 2.95,
        "epsdiluted": 2.95,
        "weightedAverageShsOut": 11802575,
        "weightedAverageShsOutDil": 11802575,
        "link": null,
        "finalLink": null
    },
    {
        "date": "1992-09-30",
        "symbol": "GHC",
        "reportedCurrency": "USD",
        "cik": "0000104889",
        "fillingDate": "1992-09-30",
        "acceptedDate": "1992-09-30 00:00:00",
        "calendarYear": "1992",
        "period": "Q3",
        "revenue": 351000000,
        "costOfRevenue": 205400000,
        "grossProfit": 145600000,
        "grossProfitRatio": 0.4148148148,
        "researchAndDevelopmentExpenses": 0,
        "generalAndAdministrativeExpenses": 0,
        "sellingAndMarketingExpenses": 0,
        "sellingGeneralAndAdministrativeExpenses": 84300000,
        "otherExpenses": 7100000,
        "operatingExpenses": 91400000,
        "costAndExpenses": 296800000,
        "interestIncome": 0,
        "interestExpense": 1700000,
        "depreciationAndAmortization": 7100000,
        "ebitda": 61300000,
        "ebitdaratio": 0.1746438746,
        "operatingIncome": 54200000,
        "operatingIncomeRatio": 0.1544159544,
        "totalOtherIncomeExpensesNet": -5000000,
        "incomeBeforeTax": 49200000,
        "incomeBeforeTaxRatio": 0.1401709402,
        "incomeTaxExpense": 21700000,
        "netIncome": 27500000,
        "netIncomeRatio": 0.0783475783,
        "eps": 2.33,
        "epsdiluted": 2.33,
        "weightedAverageShsOut": 11802575,
        "weightedAverageShsOutDil": 11802575,
        "link": null,
        "finalLink": null
    },
    {
        "date": "1992-06-30",
        "symbol": "GHC",
        "reportedCurrency": "USD",
        "cik": "0000104889",
        "fillingDate": "1992-06-30",
        "acceptedDate": "1992-06-30 00:00:00",
        "calendarYear": "1992",
        "period": "Q2",
        "revenue": 376900000,
        "costOfRevenue": 182700000,
        "grossProfit": 194200000,
        "grossProfitRatio": 0.5152560361,
        "researchAndDevelopmentExpenses": 0,
        "generalAndAdministrativeExpenses": 0,
        "sellingAndMarketingExpenses": 0,
        "sellingGeneralAndAdministrativeExpenses": 90700000,
        "otherExpenses": 22500000,
        "operatingExpenses": 113200000,
        "costAndExpenses": 295900000,
        "interestIncome": 0,
        "interestExpense": 1800000,
        "depreciationAndAmortization": 22500000,
        "ebitda": 103500000,
        "ebitdaratio": 0.2746086495,
        "operatingIncome": 81000000,
        "operatingIncomeRatio": 0.214911117,
        "totalOtherIncomeExpensesNet": -700000,
        "incomeBeforeTax": 80300000,
        "incomeBeforeTaxRatio": 0.2130538604,
        "incomeTaxExpense": 34500000,
        "netIncome": 45800000,
        "netIncomeRatio": 0.1215176439,
        "eps": 3.87,
        "epsdiluted": 3.87,
        "weightedAverageShsOut": 11834625,
        "weightedAverageShsOutDil": 11834625,
        "link": null,
        "finalLink": null
    },
    {
        "date": "1992-03-31",
        "symbol": "GHC",
        "reportedCurrency": "USD",
        "cik": "0000104889",
        "fillingDate": "1992-03-31",
        "acceptedDate": "1992-03-31 00:00:00",
        "calendarYear": "1992",
        "period": "Q1",
        "revenue": 329100000,
        "costOfRevenue": 187100000,
        "grossProfit": 142000000,
        "grossProfitRatio": 0.4314797934,
        "researchAndDevelopmentExpenses": 0,
        "generalAndAdministrativeExpenses": 0,
        "sellingAndMarketingExpenses": 0,
        "sellingGeneralAndAdministrativeExpenses": 85700000,
        "otherExpenses": 14700000,
        "operatingExpenses": 100400000,
        "costAndExpenses": 287500000,
        "interestIncome": 0,
        "interestExpense": 0,
        "depreciationAndAmortization": 14700000,
        "ebitda": 56300000,
        "ebitdaratio": 0.1710726223,
        "operatingIncome": 41600000,
        "operatingIncomeRatio": 0.1264053479,
        "totalOtherIncomeExpensesNet": -7000000,
        "incomeBeforeTax": 34600000,
        "incomeBeforeTaxRatio": 0.1051352173,
        "incomeTaxExpense": 14900000,
        "netIncome": 19700000,
        "netIncomeRatio": 0.0598602249,
        "eps": 1.66,
        "epsdiluted": 1.66,
        "weightedAverageShsOut": 11867470,
        "weightedAverageShsOutDil": 11867470,
        "link": null,
        "finalLink": null
    },
    {
        "date": "1991-12-31",
        "symbol": "GHC",
        "reportedCurrency": "USD",
        "cik": "0000104889",
        "fillingDate": "1991-12-31",
        "acceptedDate": "1991-12-31 00:00:00",
        "calendarYear": "1991",
        "period": "Q4",
        "revenue": 366600000,
        "costOfRevenue": 199800000,
        "grossProfit": 166800000,
        "grossProfitRatio": 0.4549918167,
        "researchAndDevelopmentExpenses": 0,
        "generalAndAdministrativeExpenses": 0,
        "sellingAndMarketingExpenses": 0,
        "sellingGeneralAndAdministrativeExpenses": 85200000,
        "otherExpenses": 19700000,
        "operatingExpenses": 104900000,
        "costAndExpenses": 304700000,
        "interestIncome": 0,
        "interestExpense": 7300000,
        "depreciationAndAmortization": 19700000,
        "ebitda": 81600000,
        "ebitdaratio": 0.2225859247,
        "operatingIncome": 61900000,
        "operatingIncomeRatio": 0.1688488816,
        "totalOtherIncomeExpensesNet": -4100000,
        "incomeBeforeTax": 57800000,
        "incomeBeforeTaxRatio": 0.15766503,
        "incomeTaxExpense": 13900000,
        "netIncome": 43900000,
        "netIncomeRatio": 0.1197490453,
        "eps": 3.7,
        "epsdiluted": 3.7,
        "weightedAverageShsOut": 11860952,
        "weightedAverageShsOutDil": 11863636,
        "link": null,
        "finalLink": null
    },
    {
        "date": "1991-09-30",
        "symbol": "GHC",
        "reportedCurrency": "USD",
        "cik": "0000104889",
        "fillingDate": "1991-09-30",
        "acceptedDate": "1991-09-30 00:00:00",
        "calendarYear": "1991",
        "period": "Q3",
        "revenue": 340000000,
        "costOfRevenue": 187300000,
        "grossProfit": 152700000,
        "grossProfitRatio": 0.4491176471,
        "researchAndDevelopmentExpenses": 0,
        "generalAndAdministrativeExpenses": 0,
        "sellingAndMarketingExpenses": 0,
        "sellingGeneralAndAdministrativeExpenses": 84100000,
        "otherExpenses": 18000000,
        "operatingExpenses": 102100000,
        "costAndExpenses": 289400000,
        "interestIncome": 0,
        "interestExpense": 3400000,
        "depreciationAndAmortization": 18100000,
        "ebitda": 68700000,
        "ebitdaratio": 0.2020588235,
        "operatingIncome": 50600000,
        "operatingIncomeRatio": 0.1488235294,
        "totalOtherIncomeExpensesNet": -1000000,
        "incomeBeforeTax": 49600000,
        "incomeBeforeTaxRatio": 0.1458823529,
        "incomeTaxExpense": 23500000,
        "netIncome": 26100000,
        "netIncomeRatio": 0.0767647059,
        "eps": 2.2,
        "epsdiluted": 2.2,
        "weightedAverageShsOut": 11863636,
        "weightedAverageShsOutDil": 11863636,
        "link": null,
        "finalLink": null
    },
    {
        "date": "1991-06-30",
        "symbol": "GHC",
        "reportedCurrency": "USD",
        "cik": "0000104889",
        "fillingDate": "1991-06-30",
        "acceptedDate": "1991-06-30 00:00:00",
        "calendarYear": "1991",
        "period": "Q2",
        "revenue": 356600000,
        "costOfRevenue": 192800000,
        "grossProfit": 163800000,
        "grossProfitRatio": 0.4593381941,
        "researchAndDevelopmentExpenses": 0,
        "generalAndAdministrativeExpenses": 0,
        "sellingAndMarketingExpenses": 0,
        "sellingGeneralAndAdministrativeExpenses": 86600000,
        "otherExpenses": 18200000,
        "operatingExpenses": 104800000,
        "costAndExpenses": 297600000,
        "interestIncome": 0,
        "interestExpense": 3500000,
        "depreciationAndAmortization": 18200000,
        "ebitda": 77200000,
        "ebitdaratio": 0.2164890634,
        "operatingIncome": 59000000,
        "operatingIncomeRatio": 0.1654514863,
        "totalOtherIncomeExpensesNet": 900000,
        "incomeBeforeTax": 59900000,
        "incomeBeforeTaxRatio": 0.1679753225,
        "incomeTaxExpense": 24800000,
        "netIncome": 35100000,
        "netIncomeRatio": 0.098429613,
        "eps": 2.95,
        "epsdiluted": 2.95,
        "weightedAverageShsOut": 11898305,
        "weightedAverageShsOutDil": 11898305,
        "link": null,
        "finalLink": null
    },
    {
        "date": "1991-03-31",
        "symbol": "GHC",
        "reportedCurrency": "USD",
        "cik": "0000104889",
        "fillingDate": "1991-03-31",
        "acceptedDate": "1991-03-31 00:00:00",
        "calendarYear": "1991",
        "period": "Q1",
        "revenue": 317100000,
        "costOfRevenue": 195900000,
        "grossProfit": 121200000,
        "grossProfitRatio": 0.3822138127,
        "researchAndDevelopmentExpenses": 0,
        "generalAndAdministrativeExpenses": 0,
        "sellingAndMarketingExpenses": 0,
        "sellingGeneralAndAdministrativeExpenses": 81500000,
        "otherExpenses": 18000000,
        "operatingExpenses": 99500000,
        "costAndExpenses": 295400000,
        "interestIncome": 0,
        "interestExpense": 3600000,
        "depreciationAndAmortization": 18000000,
        "ebitda": 39700000,
        "ebitdaratio": 0.1251970987,
        "operatingIncome": 21700000,
        "operatingIncomeRatio": 0.0684326711,
        "totalOtherIncomeExpensesNet": 1200000,
        "incomeBeforeTax": 22900000,
        "incomeBeforeTaxRatio": 0.0722169663,
        "incomeTaxExpense": 9300000,
        "netIncome": 13600000,
        "netIncomeRatio": 0.0428886787,
        "eps": 1.15,
        "epsdiluted": 1.15,
        "weightedAverageShsOut": 11826087,
        "weightedAverageShsOutDil": 11826087,
        "link": null,
        "finalLink": null
    },
    {
        "date": "1990-12-31",
        "symbol": "GHC",
        "reportedCurrency": "USD",
        "cik": "0000104889",
        "fillingDate": "1990-12-31",
        "acceptedDate": "1990-12-31 00:00:00",
        "calendarYear": "1990",
        "period": "Q4",
        "revenue": 369400000,
        "costOfRevenue": 207400000,
        "grossProfit": 162000000,
        "grossProfitRatio": 0.4385489984,
        "researchAndDevelopmentExpenses": 0,
        "generalAndAdministrativeExpenses": 0,
        "sellingAndMarketingExpenses": 0,
        "sellingGeneralAndAdministrativeExpenses": 75500000,
        "otherExpenses": 17400000,
        "operatingExpenses": 92900000,
        "costAndExpenses": 300300000,
        "interestIncome": 0,
        "interestExpense": 3500000,
        "depreciationAndAmortization": 17400000,
        "ebitda": 86500000,
        "ebitdaratio": 0.2341635084,
        "operatingIncome": 69100000,
        "operatingIncomeRatio": 0.1870600975,
        "totalOtherIncomeExpensesNet": 1500000,
        "incomeBeforeTax": 70600000,
        "incomeBeforeTaxRatio": 0.1911207363,
        "incomeTaxExpense": 28500000,
        "netIncome": 42100000,
        "netIncomeRatio": 0.1139685977,
        "eps": 3.53,
        "epsdiluted": 3.53,
        "weightedAverageShsOut": 11864290,
        "weightedAverageShsOutDil": 11942675,
        "link": null,
        "finalLink": null
    },
    {
        "date": "1990-09-30",
        "symbol": "GHC",
        "reportedCurrency": "USD",
        "cik": "0000104889",
        "fillingDate": "1990-09-30",
        "acceptedDate": "1990-09-30 00:00:00",
        "calendarYear": "1990",
        "period": "Q3",
        "revenue": 348700000,
        "costOfRevenue": 192600000,
        "grossProfit": 156100000,
        "grossProfitRatio": 0.4476627473,
        "researchAndDevelopmentExpenses": 0,
        "generalAndAdministrativeExpenses": 0,
        "sellingAndMarketingExpenses": 0,
        "sellingGeneralAndAdministrativeExpenses": 76500000,
        "otherExpenses": 17000000,
        "operatingExpenses": 93500000,
        "costAndExpenses": 286100000,
        "interestIncome": 0,
        "interestExpense": 4600000,
        "depreciationAndAmortization": 17000000,
        "ebitda": 79600000,
        "ebitdaratio": 0.2282764554,
        "operatingIncome": 62600000,
        "operatingIncomeRatio": 0.1795239461,
        "totalOtherIncomeExpensesNet": 0,
        "incomeBeforeTax": 62600000,
        "incomeBeforeTaxRatio": 0.1795239461,
        "incomeTaxExpense": 25100000,
        "netIncome": 37500000,
        "netIncomeRatio": 0.1075423,
        "eps": 3.14,
        "epsdiluted": 3.14,
        "weightedAverageShsOut": 11942675,
        "weightedAverageShsOutDil": 11942675,
        "link": null,
        "finalLink": null
    },
    {
        "date": "1990-06-30",
        "symbol": "GHC",
        "reportedCurrency": "USD",
        "cik": "0000104889",
        "fillingDate": "1990-06-30",
        "acceptedDate": "1990-06-30 00:00:00",
        "calendarYear": "1990",
        "period": "Q2",
        "revenue": 379600000,
        "costOfRevenue": 191100000,
        "grossProfit": 188500000,
        "grossProfitRatio": 0.4965753425,
        "researchAndDevelopmentExpenses": 0,
        "generalAndAdministrativeExpenses": 0,
        "sellingAndMarketingExpenses": 0,
        "sellingGeneralAndAdministrativeExpenses": 79700000,
        "otherExpenses": 17300000,
        "operatingExpenses": 97000000,
        "costAndExpenses": 288100000,
        "interestIncome": 0,
        "interestExpense": 4500000,
        "depreciationAndAmortization": 17400000,
        "ebitda": 108900000,
        "ebitdaratio": 0.2868809273,
        "operatingIncome": 91500000,
        "operatingIncomeRatio": 0.2410432034,
        "totalOtherIncomeExpensesNet": 1700000,
        "incomeBeforeTax": 93200000,
        "incomeBeforeTaxRatio": 0.2455216017,
        "incomeTaxExpense": 37300000,
        "netIncome": 55900000,
        "netIncomeRatio": 0.147260274,
        "eps": 4.6,
        "epsdiluted": 4.6,
        "weightedAverageShsOut": 12152174,
        "weightedAverageShsOutDil": 12152174,
        "link": null,
        "finalLink": null
    },
    {
        "date": "1990-03-31",
        "symbol": "GHC",
        "reportedCurrency": "USD",
        "cik": "0000104889",
        "fillingDate": "1990-03-31",
        "acceptedDate": "1990-03-31 00:00:00",
        "calendarYear": "1990",
        "period": "Q1",
        "revenue": 341000000,
        "costOfRevenue": 187600000,
        "grossProfit": 153400000,
        "grossProfitRatio": 0.4498533724,
        "researchAndDevelopmentExpenses": 0,
        "generalAndAdministrativeExpenses": 0,
        "sellingAndMarketingExpenses": 0,
        "sellingGeneralAndAdministrativeExpenses": 78000000,
        "otherExpenses": 16700000,
        "operatingExpenses": 94700000,
        "costAndExpenses": 282300000,
        "interestIncome": 0,
        "interestExpense": 4100000,
        "depreciationAndAmortization": 16700000,
        "ebitda": 75400000,
        "ebitdaratio": 0.2211143695,
        "operatingIncome": 58700000,
        "operatingIncomeRatio": 0.1721407625,
        "totalOtherIncomeExpensesNet": 6300000,
        "incomeBeforeTax": 65000000,
        "incomeBeforeTaxRatio": 0.1906158358,
        "incomeTaxExpense": 26000000,
        "netIncome": 39000000,
        "netIncomeRatio": 0.1143695015,
        "eps": 3.16,
        "epsdiluted": 3.16,
        "weightedAverageShsOut": 12341772,
        "weightedAverageShsOutDil": 12341772,
        "link": null,
        "finalLink": null
    },
    {
        "date": "1989-12-31",
        "symbol": "GHC",
        "reportedCurrency": "USD",
        "cik": "0000104889",
        "fillingDate": "1989-12-31",
        "acceptedDate": "1989-12-31 00:00:00",
        "calendarYear": "1989",
        "period": "Q4",
        "revenue": 381400000,
        "costOfRevenue": 204600000,
        "grossProfit": 176800000,
        "grossProfitRatio": 0.4635553225,
        "researchAndDevelopmentExpenses": 0,
        "generalAndAdministrativeExpenses": 0,
        "sellingAndMarketingExpenses": 0,
        "sellingGeneralAndAdministrativeExpenses": 81500000,
        "otherExpenses": 15000000,
        "operatingExpenses": 96500000,
        "costAndExpenses": 301100000,
        "interestIncome": 0,
        "interestExpense": 4300000,
        "depreciationAndAmortization": 15000000,
        "ebitda": 95300000,
        "ebitdaratio": 0.249868904,
        "operatingIncome": 80300000,
        "operatingIncomeRatio": 0.2105401154,
        "totalOtherIncomeExpensesNet": 5300000,
        "incomeBeforeTax": 85600000,
        "incomeBeforeTaxRatio": 0.2244362874,
        "incomeTaxExpense": 34500000,
        "netIncome": 51100000,
        "netIncomeRatio": 0.1339800734,
        "eps": 3.99,
        "epsdiluted": 3.99,
        "weightedAverageShsOut": 12574464,
        "weightedAverageShsOutDil": 12800000,
        "link": null,
        "finalLink": null
    },
    {
        "date": "1989-09-30",
        "symbol": "GHC",
        "reportedCurrency": "USD",
        "cik": "0000104889",
        "fillingDate": "1989-09-30",
        "acceptedDate": "1989-09-29 20:00:00",
        "calendarYear": "1989",
        "period": "Q3",
        "revenue": 346300000,
        "costOfRevenue": 184000000,
        "grossProfit": 162300000,
        "grossProfitRatio": 0.4686687843,
        "researchAndDevelopmentExpenses": 0,
        "generalAndAdministrativeExpenses": 0,
        "sellingAndMarketingExpenses": 0,
        "sellingGeneralAndAdministrativeExpenses": 75100000,
        "otherExpenses": 15600000,
        "operatingExpenses": 90700000,
        "costAndExpenses": 274700000,
        "interestIncome": 0,
        "interestExpense": 4200000,
        "depreciationAndAmortization": 15600000,
        "ebitda": 87200000,
        "ebitdaratio": 0.2518047935,
        "operatingIncome": 71600000,
        "operatingIncomeRatio": 0.206757147,
        "totalOtherIncomeExpensesNet": 5400000,
        "incomeBeforeTax": 77000000,
        "incomeBeforeTaxRatio": 0.2223505631,
        "incomeTaxExpense": 32200000,
        "netIncome": 44800000,
        "netIncomeRatio": 0.1293676003,
        "eps": 3.5,
        "epsdiluted": 3.5,
        "weightedAverageShsOut": 12800000,
        "weightedAverageShsOutDil": 12800000,
        "link": "",
        "finalLink": ""
    },
    {
        "date": "1989-06-30",
        "symbol": "GHC",
        "reportedCurrency": "USD",
        "cik": "0000104889",
        "fillingDate": "1989-06-30",
        "acceptedDate": "1989-06-29 20:00:00",
        "calendarYear": "1989",
        "period": "Q2",
        "revenue": 374500000,
        "costOfRevenue": 0,
        "grossProfit": 374500000,
        "grossProfitRatio": 1,
        "researchAndDevelopmentExpenses": 0,
        "generalAndAdministrativeExpenses": 0,
        "sellingAndMarketingExpenses": 0,
        "sellingGeneralAndAdministrativeExpenses": 0,
        "otherExpenses": 0,
        "operatingExpenses": 0,
        "costAndExpenses": 0,
        "interestIncome": 0,
        "interestExpense": 0,
        "depreciationAndAmortization": 0,
        "ebitda": 374500000,
        "ebitdaratio": 1,
        "operatingIncome": 374500000,
        "operatingIncomeRatio": 1,
        "totalOtherIncomeExpensesNet": -374500000,
        "incomeBeforeTax": 0,
        "incomeBeforeTaxRatio": 0,
        "incomeTaxExpense": 0,
        "netIncome": 60500000,
        "netIncomeRatio": 0.1615487316,
        "eps": 4.72,
        "epsdiluted": 4.72582409,
        "weightedAverageShsOut": 12802000,
        "weightedAverageShsOutDil": 12802000,
        "link": "",
        "finalLink": ""
    },
    {
        "date": "1989-03-31",
        "symbol": "GHC",
        "reportedCurrency": "USD",
        "cik": "0000104889",
        "fillingDate": "1989-03-31",
        "acceptedDate": "1989-03-30 19:00:00",
        "calendarYear": "1989",
        "period": "Q1",
        "revenue": 341900000,
        "costOfRevenue": 0,
        "grossProfit": 341900000,
        "grossProfitRatio": 1,
        "researchAndDevelopmentExpenses": 0,
        "generalAndAdministrativeExpenses": 0,
        "sellingAndMarketingExpenses": 0,
        "sellingGeneralAndAdministrativeExpenses": 0,
        "otherExpenses": 0,
        "operatingExpenses": 0,
        "costAndExpenses": 0,
        "interestIncome": 0,
        "interestExpense": 0,
        "depreciationAndAmortization": 0,
        "ebitda": 341900000,
        "ebitdaratio": 1,
        "operatingIncome": 341900000,
        "operatingIncomeRatio": 1,
        "totalOtherIncomeExpensesNet": -341900000,
        "incomeBeforeTax": 0,
        "incomeBeforeTaxRatio": 0,
        "incomeTaxExpense": 0,
        "netIncome": 41500000,
        "netIncomeRatio": 0.1213805206,
        "eps": 3.22,
        "epsdiluted": 3.2258064516,
        "weightedAverageShsOut": 12865000,
        "weightedAverageShsOutDil": 12865000,
        "link": "",
        "finalLink": ""
    },
    {
        "date": "1988-12-31",
        "symbol": "GHC",
        "reportedCurrency": "USD",
        "cik": "0000104889",
        "fillingDate": "1988-12-31",
        "acceptedDate": "1988-12-30 19:00:00",
        "calendarYear": "1988",
        "period": "Q4",
        "revenue": 370900000,
        "costOfRevenue": 0,
        "grossProfit": 370900000,
        "grossProfitRatio": 1,
        "researchAndDevelopmentExpenses": 0,
        "generalAndAdministrativeExpenses": 0,
        "sellingAndMarketingExpenses": 0,
        "sellingGeneralAndAdministrativeExpenses": 0,
        "otherExpenses": -1099600000,
        "operatingExpenses": -1099600000,
        "costAndExpenses": -1099600000,
        "interestIncome": 0,
        "interestExpense": 0,
        "depreciationAndAmortization": 0,
        "ebitda": -728700000,
        "ebitdaratio": -1.9646805069,
        "operatingIncome": -728700000,
        "operatingIncomeRatio": -1.9646805069,
        "totalOtherIncomeExpensesNet": 728700000,
        "incomeBeforeTax": 0,
        "incomeBeforeTaxRatio": 0,
        "incomeTaxExpense": 0,
        "netIncome": 36900000,
        "netIncomeRatio": 0.0994877325,
        "eps": 2.87,
        "epsdiluted": 2.8727131179,
        "weightedAverageShsOut": 12845000,
        "weightedAverageShsOutDil": 12845000,
        "link": "",
        "finalLink": ""
    },
    {
        "date": "1988-09-30",
        "symbol": "GHC",
        "reportedCurrency": "USD",
        "cik": "0000104889",
        "fillingDate": "1988-09-30",
        "acceptedDate": "1988-09-29 20:00:00",
        "calendarYear": "1988",
        "period": "Q3",
        "revenue": 329400000,
        "costOfRevenue": 0,
        "grossProfit": 329400000,
        "grossProfitRatio": 1,
        "researchAndDevelopmentExpenses": 0,
        "generalAndAdministrativeExpenses": 0,
        "sellingAndMarketingExpenses": 0,
        "sellingGeneralAndAdministrativeExpenses": 0,
        "otherExpenses": 0,
        "operatingExpenses": 0,
        "costAndExpenses": 0,
        "interestIncome": 0,
        "interestExpense": 0,
        "depreciationAndAmortization": 0,
        "ebitda": 329400000,
        "ebitdaratio": 1,
        "operatingIncome": 329400000,
        "operatingIncomeRatio": 1,
        "totalOtherIncomeExpensesNet": -329400000,
        "incomeBeforeTax": 0,
        "incomeBeforeTaxRatio": 0,
        "incomeTaxExpense": 0,
        "netIncome": 38100000,
        "netIncomeRatio": 0.1156648452,
        "eps": 2.96,
        "epsdiluted": 2.9661346828,
        "weightedAverageShsOut": 12845000,
        "weightedAverageShsOutDil": 12845000,
        "link": "",
        "finalLink": ""
    },
    {
        "date": "1988-06-30",
        "symbol": "GHC",
        "reportedCurrency": "USD",
        "cik": "0000104889",
        "fillingDate": "1988-06-30",
        "acceptedDate": "1988-06-29 20:00:00",
        "calendarYear": "1988",
        "period": "Q2",
        "revenue": 346200000,
        "costOfRevenue": 0,
        "grossProfit": 346200000,
        "grossProfitRatio": 1,
        "researchAndDevelopmentExpenses": 0,
        "generalAndAdministrativeExpenses": 0,
        "sellingAndMarketingExpenses": 0,
        "sellingGeneralAndAdministrativeExpenses": 0,
        "otherExpenses": 0,
        "operatingExpenses": 0,
        "costAndExpenses": 0,
        "interestIncome": 0,
        "interestExpense": 0,
        "depreciationAndAmortization": 0,
        "ebitda": 346200000,
        "ebitdaratio": 1,
        "operatingIncome": 346200000,
        "operatingIncomeRatio": 1,
        "totalOtherIncomeExpensesNet": -346200000,
        "incomeBeforeTax": 0,
        "incomeBeforeTaxRatio": 0,
        "incomeTaxExpense": 0,
        "netIncome": 49300000,
        "netIncomeRatio": 0.1424032351,
        "eps": 3.83,
        "epsdiluted": 3.8380692877,
        "weightedAverageShsOut": 12845000,
        "weightedAverageShsOutDil": 12845000,
        "link": "",
        "finalLink": ""
    },
    {
        "date": "1988-03-31",
        "symbol": "GHC",
        "reportedCurrency": "USD",
        "cik": "0000104889",
        "fillingDate": "1988-03-31",
        "acceptedDate": "1988-03-30 19:00:00",
        "calendarYear": "1988",
        "period": "Q1",
        "revenue": 321200000,
        "costOfRevenue": 0,
        "grossProfit": 321200000,
        "grossProfitRatio": 1,
        "researchAndDevelopmentExpenses": 0,
        "generalAndAdministrativeExpenses": 0,
        "sellingAndMarketingExpenses": 0,
        "sellingGeneralAndAdministrativeExpenses": 0,
        "otherExpenses": 0,
        "operatingExpenses": 0,
        "costAndExpenses": 0,
        "interestIncome": 0,
        "interestExpense": 0,
        "depreciationAndAmortization": 0,
        "ebitda": 321200000,
        "ebitdaratio": 1,
        "operatingIncome": 321200000,
        "operatingIncomeRatio": 1,
        "totalOtherIncomeExpensesNet": -321200000,
        "incomeBeforeTax": 0,
        "incomeBeforeTaxRatio": 0,
        "incomeTaxExpense": 0,
        "netIncome": 144800000,
        "netIncomeRatio": 0.4508094645,
        "eps": 11.25,
        "epsdiluted": 11.2728688206,
        "weightedAverageShsOut": 12845000,
        "weightedAverageShsOutDil": 12845000,
        "link": "",
        "finalLink": ""
    },
    {
        "date": "1987-12-31",
        "symbol": "GHC",
        "reportedCurrency": "USD",
        "cik": "0000104889",
        "fillingDate": "1987-12-31",
        "acceptedDate": "1987-12-30 19:00:00",
        "calendarYear": "1987",
        "period": "Q4",
        "revenue": 365000000,
        "costOfRevenue": 0,
        "grossProfit": 365000000,
        "grossProfitRatio": 1,
        "researchAndDevelopmentExpenses": 0,
        "generalAndAdministrativeExpenses": 0,
        "sellingAndMarketingExpenses": 0,
        "sellingGeneralAndAdministrativeExpenses": 0,
        "otherExpenses": -1058400000,
        "operatingExpenses": -1058400000,
        "costAndExpenses": -1058400000,
        "interestIncome": 0,
        "interestExpense": 0,
        "depreciationAndAmortization": 0,
        "ebitda": -693400000,
        "ebitdaratio": -1.8997260274,
        "operatingIncome": -693400000,
        "operatingIncomeRatio": -1.8997260274,
        "totalOtherIncomeExpensesNet": 693400000,
        "incomeBeforeTax": 0,
        "incomeBeforeTaxRatio": 0,
        "incomeTaxExpense": 0,
        "netIncome": 64400000,
        "netIncomeRatio": 0.1764383562,
        "eps": 5.01,
        "epsdiluted": 5.0136239782,
        "weightedAverageShsOut": 12845000,
        "weightedAverageShsOutDil": 12845000,
        "link": "",
        "finalLink": ""
    },
    {
        "date": "1987-09-30",
        "symbol": "GHC",
        "reportedCurrency": "USD",
        "cik": "0000104889",
        "fillingDate": "1987-09-30",
        "acceptedDate": "1987-09-29 20:00:00",
        "calendarYear": "1987",
        "period": "Q3",
        "revenue": 312900000,
        "costOfRevenue": 0,
        "grossProfit": 312900000,
        "grossProfitRatio": 1,
        "researchAndDevelopmentExpenses": 0,
        "generalAndAdministrativeExpenses": 0,
        "sellingAndMarketingExpenses": 0,
        "sellingGeneralAndAdministrativeExpenses": 0,
        "otherExpenses": 0,
        "operatingExpenses": 0,
        "costAndExpenses": 0,
        "interestIncome": 0,
        "interestExpense": 0,
        "depreciationAndAmortization": 0,
        "ebitda": 312900000,
        "ebitdaratio": 1,
        "operatingIncome": 312900000,
        "operatingIncomeRatio": 1,
        "totalOtherIncomeExpensesNet": -312900000,
        "incomeBeforeTax": 0,
        "incomeBeforeTaxRatio": 0,
        "incomeTaxExpense": 0,
        "netIncome": 61300000,
        "netIncomeRatio": 0.1959092362,
        "eps": 4.77,
        "epsdiluted": 4.7722849358,
        "weightedAverageShsOut": 12845000,
        "weightedAverageShsOutDil": 12845000,
        "link": "",
        "finalLink": ""
    },
    {
        "date": "1987-06-30",
        "symbol": "GHC",
        "reportedCurrency": "USD",
        "cik": "0000104889",
        "fillingDate": "1987-06-30",
        "acceptedDate": "1987-06-29 20:00:00",
        "calendarYear": "1987",
        "period": "Q2",
        "revenue": 339100000,
        "costOfRevenue": 0,
        "grossProfit": 339100000,
        "grossProfitRatio": 1,
        "researchAndDevelopmentExpenses": 0,
        "generalAndAdministrativeExpenses": 0,
        "sellingAndMarketingExpenses": 0,
        "sellingGeneralAndAdministrativeExpenses": 0,
        "otherExpenses": 0,
        "operatingExpenses": 0,
        "costAndExpenses": 0,
        "interestIncome": 0,
        "interestExpense": 0,
        "depreciationAndAmortization": 0,
        "ebitda": 339100000,
        "ebitdaratio": 1,
        "operatingIncome": 339100000,
        "operatingIncomeRatio": 1,
        "totalOtherIncomeExpensesNet": -339100000,
        "incomeBeforeTax": 0,
        "incomeBeforeTaxRatio": 0,
        "incomeTaxExpense": 0,
        "netIncome": 42400000,
        "netIncomeRatio": 0.1250368623,
        "eps": 3.29,
        "epsdiluted": 3.30089529,
        "weightedAverageShsOut": 12845000,
        "weightedAverageShsOutDil": 12845000,
        "link": "",
        "finalLink": ""
    },
    {
        "date": "1987-03-31",
        "symbol": "GHC",
        "reportedCurrency": "USD",
        "cik": "0000104889",
        "fillingDate": "1987-03-31",
        "acceptedDate": "1987-03-30 19:00:00",
        "calendarYear": "1987",
        "period": "Q1",
        "revenue": 298400000,
        "costOfRevenue": 0,
        "grossProfit": 298400000,
        "grossProfitRatio": 1,
        "researchAndDevelopmentExpenses": 0,
        "generalAndAdministrativeExpenses": 0,
        "sellingAndMarketingExpenses": 0,
        "sellingGeneralAndAdministrativeExpenses": 0,
        "otherExpenses": 0,
        "operatingExpenses": 0,
        "costAndExpenses": 0,
        "interestIncome": 0,
        "interestExpense": 0,
        "depreciationAndAmortization": 0,
        "ebitda": 298400000,
        "ebitdaratio": 1,
        "operatingIncome": 298400000,
        "operatingIncomeRatio": 1,
        "totalOtherIncomeExpensesNet": -298400000,
        "incomeBeforeTax": 0,
        "incomeBeforeTaxRatio": 0,
        "incomeTaxExpense": 0,
        "netIncome": 18600000,
        "netIncomeRatio": 0.0623324397,
        "eps": 1.45,
        "epsdiluted": 1.4502923977,
        "weightedAverageShsOut": 12825000,
        "weightedAverageShsOutDil": 12825000,
        "link": "",
        "finalLink": ""
    },
    {
        "date": "1986-12-31",
        "symbol": "GHC",
        "reportedCurrency": "USD",
        "cik": "0000104889",
        "fillingDate": "1986-12-31",
        "acceptedDate": "1986-12-30 19:00:00",
        "calendarYear": "1986",
        "period": "Q4",
        "revenue": 333500000,
        "costOfRevenue": 0,
        "grossProfit": 333500000,
        "grossProfitRatio": 1,
        "researchAndDevelopmentExpenses": 0,
        "generalAndAdministrativeExpenses": 0,
        "sellingAndMarketingExpenses": 0,
        "sellingGeneralAndAdministrativeExpenses": 0,
        "otherExpenses": -986100000,
        "operatingExpenses": -986100000,
        "costAndExpenses": -986100000,
        "interestIncome": 0,
        "interestExpense": 0,
        "depreciationAndAmortization": 0,
        "ebitda": -652600000,
        "ebitdaratio": -1.9568215892,
        "operatingIncome": -652600000,
        "operatingIncomeRatio": -1.9568215892,
        "totalOtherIncomeExpensesNet": 652600000,
        "incomeBeforeTax": 0,
        "incomeBeforeTaxRatio": 0,
        "incomeTaxExpense": 0,
        "netIncome": 36300000,
        "netIncomeRatio": 0.1088455772,
        "eps": 2.82,
        "epsdiluted": 2.7929522197,
        "weightedAverageShsOut": 12826000,
        "weightedAverageShsOutDil": 12997000,
        "link": "",
        "finalLink": ""
    },
    {
        "date": "1986-09-30",
        "symbol": "GHC",
        "reportedCurrency": "USD",
        "cik": "0000104889",
        "fillingDate": "1986-09-30",
        "acceptedDate": "1986-09-29 20:00:00",
        "calendarYear": "1986",
        "period": "Q3",
        "revenue": 291500000,
        "costOfRevenue": 0,
        "grossProfit": 291500000,
        "grossProfitRatio": 1,
        "researchAndDevelopmentExpenses": 0,
        "generalAndAdministrativeExpenses": 0,
        "sellingAndMarketingExpenses": 0,
        "sellingGeneralAndAdministrativeExpenses": 0,
        "otherExpenses": 0,
        "operatingExpenses": 0,
        "costAndExpenses": 0,
        "interestIncome": 0,
        "interestExpense": 0,
        "depreciationAndAmortization": 0,
        "ebitda": 291500000,
        "ebitdaratio": 1,
        "operatingIncome": 291500000,
        "operatingIncomeRatio": 1,
        "totalOtherIncomeExpensesNet": -291500000,
        "incomeBeforeTax": 0,
        "incomeBeforeTaxRatio": 0,
        "incomeTaxExpense": 0,
        "netIncome": 21100000,
        "netIncomeRatio": 0.0723842196,
        "eps": 1.65,
        "epsdiluted": 1.6234515657,
        "weightedAverageShsOut": 12997000,
        "weightedAverageShsOutDil": 12997000,
        "link": "",
        "finalLink": ""
    },
    {
        "date": "1986-06-30",
        "symbol": "GHC",
        "reportedCurrency": "USD",
        "cik": "0000104889",
        "fillingDate": "1986-06-30",
        "acceptedDate": "1986-06-29 20:00:00",
        "calendarYear": "1986",
        "period": "Q2",
        "revenue": 313300000,
        "costOfRevenue": 0,
        "grossProfit": 313300000,
        "grossProfitRatio": 1,
        "researchAndDevelopmentExpenses": 0,
        "generalAndAdministrativeExpenses": 0,
        "sellingAndMarketingExpenses": 0,
        "sellingGeneralAndAdministrativeExpenses": 0,
        "otherExpenses": 0,
        "operatingExpenses": 0,
        "costAndExpenses": 0,
        "interestIncome": 0,
        "interestExpense": 0,
        "depreciationAndAmortization": 0,
        "ebitda": 313300000,
        "ebitdaratio": 1,
        "operatingIncome": 313300000,
        "operatingIncomeRatio": 1,
        "totalOtherIncomeExpensesNet": -313300000,
        "incomeBeforeTax": 0,
        "incomeBeforeTaxRatio": 0,
        "incomeTaxExpense": 0,
        "netIncome": 30400000,
        "netIncomeRatio": 0.0970315991,
        "eps": 2.37,
        "epsdiluted": 2.339001308,
        "weightedAverageShsOut": 12997000,
        "weightedAverageShsOutDil": 12997000,
        "link": "",
        "finalLink": ""
    },
    {
        "date": "1986-03-31",
        "symbol": "GHC",
        "reportedCurrency": "USD",
        "cik": "0000104889",
        "fillingDate": "1986-03-31",
        "acceptedDate": "1986-03-30 19:00:00",
        "calendarYear": "1986",
        "period": "Q1",
        "revenue": 276800000,
        "costOfRevenue": 0,
        "grossProfit": 276800000,
        "grossProfitRatio": 1,
        "researchAndDevelopmentExpenses": 0,
        "generalAndAdministrativeExpenses": 0,
        "sellingAndMarketingExpenses": 0,
        "sellingGeneralAndAdministrativeExpenses": 0,
        "otherExpenses": 0,
        "operatingExpenses": 0,
        "costAndExpenses": 0,
        "interestIncome": 0,
        "interestExpense": 0,
        "depreciationAndAmortization": 0,
        "ebitda": 276800000,
        "ebitdaratio": 1,
        "operatingIncome": 276800000,
        "operatingIncomeRatio": 1,
        "totalOtherIncomeExpensesNet": -276800000,
        "incomeBeforeTax": 0,
        "incomeBeforeTaxRatio": 0,
        "incomeTaxExpense": 0,
        "netIncome": 12400000,
        "netIncomeRatio": 0.0447976879,
        "eps": 0.96,
        "epsdiluted": 0.9672386895,
        "weightedAverageShsOut": 12820000,
        "weightedAverageShsOutDil": 12820000,
        "link": "",
        "finalLink": ""
    },
    {
        "date": "1985-12-31",
        "symbol": "GHC",
        "reportedCurrency": "USD",
        "cik": "0000104889",
        "fillingDate": "1985-12-31",
        "acceptedDate": "1985-12-30 19:00:00",
        "calendarYear": "1985",
        "period": "Q4",
        "revenue": 291400000,
        "costOfRevenue": 0,
        "grossProfit": 291400000,
        "grossProfitRatio": 1,
        "researchAndDevelopmentExpenses": 0,
        "generalAndAdministrativeExpenses": 0,
        "sellingAndMarketingExpenses": 0,
        "sellingGeneralAndAdministrativeExpenses": 0,
        "otherExpenses": -874500000,
        "operatingExpenses": -874500000,
        "costAndExpenses": -874500000,
        "interestIncome": 0,
        "interestExpense": 0,
        "depreciationAndAmortization": 0,
        "ebitda": -583100000,
        "ebitdaratio": -2.0010295127,
        "operatingIncome": -583100000,
        "operatingIncomeRatio": -2.0010295127,
        "totalOtherIncomeExpensesNet": 583100000,
        "incomeBeforeTax": 0,
        "incomeBeforeTaxRatio": 0,
        "incomeTaxExpense": 0,
        "netIncome": 32600000,
        "netIncomeRatio": 0.1118737131,
        "eps": 2.6,
        "epsdiluted": 2.5429017161,
        "weightedAverageShsOut": 12820000,
        "weightedAverageShsOutDil": 12820000,
        "link": "",
        "finalLink": ""
    },
    {
        "date": "1985-09-30",
        "symbol": "GHC",
        "reportedCurrency": "USD",
        "cik": "0000104889",
        "fillingDate": "1985-09-30",
        "acceptedDate": "1985-09-29 20:00:00",
        "calendarYear": "1985",
        "period": "Q3",
        "revenue": 259400000,
        "costOfRevenue": 0,
        "grossProfit": 259400000,
        "grossProfitRatio": 1,
        "researchAndDevelopmentExpenses": 0,
        "generalAndAdministrativeExpenses": 0,
        "sellingAndMarketingExpenses": 0,
        "sellingGeneralAndAdministrativeExpenses": 0,
        "otherExpenses": 0,
        "operatingExpenses": 0,
        "costAndExpenses": 0,
        "interestIncome": 0,
        "interestExpense": 0,
        "depreciationAndAmortization": 0,
        "ebitda": 259400000,
        "ebitdaratio": 1,
        "operatingIncome": 259400000,
        "operatingIncomeRatio": 1,
        "totalOtherIncomeExpensesNet": -259400000,
        "incomeBeforeTax": 0,
        "incomeBeforeTaxRatio": 0,
        "incomeTaxExpense": 0,
        "netIncome": 22000000,
        "netIncomeRatio": 0.0848111025,
        "eps": 1.69,
        "epsdiluted": 1.7160686427,
        "weightedAverageShsOut": 12820000,
        "weightedAverageShsOutDil": 12820000,
        "link": "",
        "finalLink": ""
    }
]