[
    {
        "date": "2015-12-26",
        "symbol": "GMCR",
        "reportedCurrency": "USD",
        "cik": "0000909954",
        "fillingDate": "2016-02-01",
        "acceptedDate": "2016-02-01 08:01:34",
        "calendarYear": "2016",
        "period": "Q1",
        "revenue": 1258421000,
        "costOfRevenue": 898424000,
        "grossProfit": 359997000,
        "grossProfitRatio": 0.2860704009,
        "researchAndDevelopmentExpenses": 0,
        "generalAndAdministrativeExpenses": -76643000,
        "sellingAndMarketingExpenses": 137573000,
        "sellingGeneralAndAdministrativeExpenses": 60930000,
        "otherExpenses": 137573000,
        "operatingExpenses": 198503000,
        "costAndExpenses": 1096927000,
        "interestIncome": 0,
        "interestExpense": 2244000,
        "depreciationAndAmortization": 73085000,
        "ebitda": 234261000,
        "ebitdaratio": 0.1861547129,
        "operatingIncome": 160813000,
        "operatingIncomeRatio": 0.1277895076,
        "totalOtherIncomeExpensesNet": -1881000,
        "incomeBeforeTax": 158932000,
        "incomeBeforeTaxRatio": 0.1262947773,
        "incomeTaxExpense": 54435000,
        "netIncome": 104497000,
        "netIncomeRatio": 0.0830381883,
        "eps": 0.7,
        "epsdiluted": 0.69,
        "weightedAverageShsOut": 150236842,
        "weightedAverageShsOutDil": 150959148,
        "link": "https://www.sec.gov/Archives/edgar/data/909954/000110465916092652/0001104659-16-092652-index.html",
        "finalLink": "https://www.sec.gov/Archives/edgar/data/909954/000110465916092652/a15-24731_110q.htm"
    },
    {
        "date": "2015-09-26",
        "symbol": "GMCR",
        "reportedCurrency": "USD",
        "cik": "0000909954",
        "fillingDate": "2015-11-19",
        "acceptedDate": "2015-11-19 06:07:25",
        "calendarYear": "2015",
        "period": "Q4",
        "revenue": 1036964000,
        "costOfRevenue": 701630000,
        "grossProfit": 335334000,
        "grossProfitRatio": 0.3233805609,
        "researchAndDevelopmentExpenses": 84700000,
        "generalAndAdministrativeExpenses": -46791000,
        "sellingAndMarketingExpenses": 111357000,
        "sellingGeneralAndAdministrativeExpenses": 64566000,
        "otherExpenses": 111357000,
        "operatingExpenses": 260623000,
        "costAndExpenses": 962253000,
        "interestIncome": 0,
        "interestExpense": 128000,
        "depreciationAndAmortization": 75925000,
        "ebitda": 215775000,
        "ebitdaratio": 0.208083405,
        "operatingIncome": 144161000,
        "operatingIncomeRatio": 0.139022184,
        "totalOtherIncomeExpensesNet": -4373000,
        "incomeBeforeTax": 139788000,
        "incomeBeforeTaxRatio": 0.1348050656,
        "incomeTaxExpense": 45126000,
        "netIncome": 94596000,
        "netIncomeRatio": 0.0912239962,
        "eps": 0.6,
        "epsdiluted": 0.6,
        "weightedAverageShsOut": 157286303,
        "weightedAverageShsOutDil": 158898678,
        "link": "https://www.sec.gov/Archives/edgar/data/909954/000104746915008799/0001047469-15-008799-index.html",
        "finalLink": "https://www.sec.gov/Archives/edgar/data/909954/000104746915008799/a2226546z10-k.htm"
    },
    {
        "date": "2015-06-27",
        "symbol": "GMCR",
        "reportedCurrency": "USD",
        "cik": "0000909954",
        "fillingDate": "2015-08-05",
        "acceptedDate": "2015-08-05 16:16:08",
        "calendarYear": "2015",
        "period": "Q3",
        "revenue": 969525000,
        "costOfRevenue": 620265000,
        "grossProfit": 349260000,
        "grossProfitRatio": 0.360238261,
        "researchAndDevelopmentExpenses": 0,
        "generalAndAdministrativeExpenses": -42179000,
        "sellingAndMarketingExpenses": 115040000,
        "sellingGeneralAndAdministrativeExpenses": 72861000,
        "otherExpenses": 115040000,
        "operatingExpenses": 187901000,
        "costAndExpenses": 808166000,
        "interestIncome": 0,
        "interestExpense": 386000,
        "depreciationAndAmortization": 66629000,
        "ebitda": 229792000,
        "ebitdaratio": 0.2370150331,
        "operatingIncome": 161359000,
        "operatingIncomeRatio": 0.1664309842,
        "totalOtherIncomeExpensesNet": 1503000,
        "incomeBeforeTax": 162862000,
        "incomeBeforeTaxRatio": 0.1679812279,
        "incomeTaxExpense": 49156000,
        "netIncome": 113621000,
        "netIncomeRatio": 0.1171924396,
        "eps": 0.72,
        "epsdiluted": 0.71,
        "weightedAverageShsOut": 158402095,
        "weightedAverageShsOutDil": 160106729,
        "link": "https://www.sec.gov/Archives/edgar/data/909954/000110465915056509/0001104659-15-056509-index.html",
        "finalLink": "https://www.sec.gov/Archives/edgar/data/909954/000110465915056509/a15-12032_110q.htm"
    },
    {
        "date": "2015-03-28",
        "symbol": "GMCR",
        "reportedCurrency": "USD",
        "cik": "0000909954",
        "fillingDate": "2015-05-06",
        "acceptedDate": "2015-05-06 16:16:26",
        "calendarYear": "2015",
        "period": "Q2",
        "revenue": 1127184000,
        "costOfRevenue": 668376000,
        "grossProfit": 458808000,
        "grossProfitRatio": 0.4070391347,
        "researchAndDevelopmentExpenses": 0,
        "generalAndAdministrativeExpenses": -57849000,
        "sellingAndMarketingExpenses": 136340000,
        "sellingGeneralAndAdministrativeExpenses": 78491000,
        "otherExpenses": 136340000,
        "operatingExpenses": 214831000,
        "costAndExpenses": 883207000,
        "interestIncome": 0,
        "interestExpense": 281000,
        "depreciationAndAmortization": 65143000,
        "ebitda": 303953000,
        "ebitdaratio": 0.2696569504,
        "operatingIncome": 243977000,
        "operatingIncomeRatio": 0.2164482462,
        "totalOtherIncomeExpensesNet": -5346000,
        "incomeBeforeTax": 238631000,
        "incomeBeforeTaxRatio": 0.2117054536,
        "incomeTaxExpense": 83050000,
        "netIncome": 155479000,
        "netIncomeRatio": 0.1379357762,
        "eps": 0.97,
        "epsdiluted": 0.96,
        "weightedAverageShsOut": 160575947,
        "weightedAverageShsOutDil": 162362574,
        "link": "https://www.sec.gov/Archives/edgar/data/909954/000110465915034882/0001104659-15-034882-index.html",
        "finalLink": "https://www.sec.gov/Archives/edgar/data/909954/000110465915034882/a15-7731_110q.htm"
    },
    {
        "date": "2014-12-27",
        "symbol": "GMCR",
        "reportedCurrency": "USD",
        "cik": "0000909954",
        "fillingDate": "2015-02-04",
        "acceptedDate": "2015-02-04 16:15:49",
        "calendarYear": "2015",
        "period": "Q1",
        "revenue": 1386358000,
        "costOfRevenue": 922236000,
        "grossProfit": 464122000,
        "grossProfitRatio": 0.3347778857,
        "researchAndDevelopmentExpenses": 0,
        "generalAndAdministrativeExpenses": -104849000,
        "sellingAndMarketingExpenses": 176522000,
        "sellingGeneralAndAdministrativeExpenses": 71673000,
        "otherExpenses": 176522000,
        "operatingExpenses": 248195000,
        "costAndExpenses": 1170431000,
        "interestIncome": 0,
        "interestExpense": 1087000,
        "depreciationAndAmortization": 62572000,
        "ebitda": 272854000,
        "ebitdaratio": 0.1968135215,
        "operatingIncome": 215927000,
        "operatingIncomeRatio": 0.1557512562,
        "totalOtherIncomeExpensesNet": -6632000,
        "incomeBeforeTax": 209295000,
        "incomeBeforeTaxRatio": 0.150967499,
        "incomeTaxExpense": 74616000,
        "netIncome": 134579000,
        "netIncomeRatio": 0.0970737717,
        "eps": 0.83,
        "epsdiluted": 0.82,
        "weightedAverageShsOut": 162181332,
        "weightedAverageShsOutDil": 164075038,
        "link": "https://www.sec.gov/Archives/edgar/data/909954/000110465915006664/0001104659-15-006664-index.htm",
        "finalLink": "https://www.sec.gov/Archives/edgar/data/909954/000110465915006664/a14-26503_110q.htm"
    },
    {
        "date": "2014-09-27",
        "symbol": "GMCR",
        "reportedCurrency": "USD",
        "cik": "0000909954",
        "fillingDate": "2014-11-19",
        "acceptedDate": "2014-11-19 16:16:24",
        "calendarYear": "2014",
        "period": "Q4",
        "revenue": 1195567000,
        "costOfRevenue": 745778000,
        "grossProfit": 449789000,
        "grossProfitRatio": 0.3762139638,
        "researchAndDevelopmentExpenses": 76500000,
        "generalAndAdministrativeExpenses": -59989000,
        "sellingAndMarketingExpenses": 140498000,
        "sellingGeneralAndAdministrativeExpenses": 80509000,
        "otherExpenses": 140498000,
        "operatingExpenses": 297507000,
        "costAndExpenses": 1043285000,
        "interestIncome": 0,
        "interestExpense": 3635000,
        "depreciationAndAmortization": 67235000,
        "ebitda": 288516000,
        "ebitdaratio": 0.2413214818,
        "operatingIncome": 228782000,
        "operatingIncomeRatio": 0.1913585771,
        "totalOtherIncomeExpensesNet": -10942000,
        "incomeBeforeTax": 217840000,
        "incomeBeforeTaxRatio": 0.1822064343,
        "incomeTaxExpense": 76590000,
        "netIncome": 141056000,
        "netIncomeRatio": 0.1179825137,
        "eps": 0.9,
        "epsdiluted": 0.88,
        "weightedAverageShsOut": 157085574,
        "weightedAverageShsOutDil": 159568342,
        "link": "https://www.sec.gov/Archives/edgar/data/909954/000104746914009384/0001047469-14-009384-index.html",
        "finalLink": "https://www.sec.gov/Archives/edgar/data/909954/000104746914009384/a2222198z10-k.htm"
    },
    {
        "date": "2014-06-28",
        "symbol": "GMCR",
        "reportedCurrency": "USD",
        "cik": "0000909954",
        "fillingDate": "2014-08-06",
        "acceptedDate": "2014-08-06 16:16:14",
        "calendarYear": "2014",
        "period": "Q3",
        "revenue": 1022371000,
        "costOfRevenue": 577779000,
        "grossProfit": 444592000,
        "grossProfitRatio": 0.434863665,
        "researchAndDevelopmentExpenses": 0,
        "generalAndAdministrativeExpenses": -42465000,
        "sellingAndMarketingExpenses": 127855000,
        "sellingGeneralAndAdministrativeExpenses": 85390000,
        "otherExpenses": 127855000,
        "operatingExpenses": 213245000,
        "costAndExpenses": 791024000,
        "interestIncome": 0,
        "interestExpense": 2441000,
        "depreciationAndAmortization": 67065000,
        "ebitda": 304446000,
        "ebitdaratio": 0.2977842681,
        "operatingIncome": 231347000,
        "operatingIncomeRatio": 0.2262847831,
        "totalOtherIncomeExpensesNet": 208858000,
        "incomeBeforeTax": 440205000,
        "incomeBeforeTaxRatio": 0.430572659,
        "incomeTaxExpense": 79789000,
        "netIncome": 155151000,
        "netIncomeRatio": 0.1517560651,
        "eps": 1,
        "epsdiluted": 0.98,
        "weightedAverageShsOut": 155267136,
        "weightedAverageShsOutDil": 157922095,
        "link": "https://www.sec.gov/Archives/edgar/data/909954/000110465914057594/0001104659-14-057594-index.html",
        "finalLink": "https://www.sec.gov/Archives/edgar/data/909954/000110465914057594/a14-14008_110q.htm"
    },
    {
        "date": "2014-03-29",
        "symbol": "GMCR",
        "reportedCurrency": "USD",
        "cik": "0000909954",
        "fillingDate": "2014-05-07",
        "acceptedDate": "2014-05-07 16:15:58",
        "calendarYear": "2014",
        "period": "Q2",
        "revenue": 1103072000,
        "costOfRevenue": 645640000,
        "grossProfit": 457432000,
        "grossProfitRatio": 0.414689159,
        "researchAndDevelopmentExpenses": 0,
        "generalAndAdministrativeExpenses": -53064000,
        "sellingAndMarketingExpenses": 125005000,
        "sellingGeneralAndAdministrativeExpenses": 71941000,
        "otherExpenses": 125005000,
        "operatingExpenses": 196946000,
        "costAndExpenses": 842586000,
        "interestIncome": 0,
        "interestExpense": 2995000,
        "depreciationAndAmortization": 68429000,
        "ebitda": 324117000,
        "ebitdaratio": 0.2938312277,
        "operatingIncome": 260486000,
        "operatingIncomeRatio": 0.2361459633,
        "totalOtherIncomeExpensesNet": -106959000,
        "incomeBeforeTax": 153527000,
        "incomeBeforeTaxRatio": 0.1391813046,
        "incomeTaxExpense": 90609000,
        "netIncome": 162084000,
        "netIncomeRatio": 0.1469387311,
        "eps": 1.07,
        "epsdiluted": 1.05,
        "weightedAverageShsOut": 151552422,
        "weightedAverageShsOutDil": 154525749,
        "link": "https://www.sec.gov/Archives/edgar/data/909954/000110465914035792/0001104659-14-035792-index.html",
        "finalLink": "https://www.sec.gov/Archives/edgar/data/909954/000110465914035792/a14-9518_110q.htm"
    },
    {
        "date": "2013-12-28",
        "symbol": "GMCR",
        "reportedCurrency": "USD",
        "cik": "0000909954",
        "fillingDate": "2014-02-05",
        "acceptedDate": "2014-02-05 17:28:06",
        "calendarYear": "2014",
        "period": "Q1",
        "revenue": 1386670000,
        "costOfRevenue": 922623000,
        "grossProfit": 464047000,
        "grossProfitRatio": 0.3346484744,
        "researchAndDevelopmentExpenses": 0,
        "generalAndAdministrativeExpenses": -99009000,
        "sellingAndMarketingExpenses": 168215000,
        "sellingGeneralAndAdministrativeExpenses": 69206000,
        "otherExpenses": 168215000,
        "operatingExpenses": 237421000,
        "costAndExpenses": 1160044000,
        "interestIncome": 0,
        "interestExpense": 2620000,
        "depreciationAndAmortization": 60561000,
        "ebitda": 281379000,
        "ebitdaratio": 0.2029170603,
        "operatingIncome": 226626000,
        "operatingIncomeRatio": 0.1634318187,
        "totalOtherIncomeExpensesNet": -113825000,
        "incomeBeforeTax": 112801000,
        "incomeBeforeTaxRatio": 0.0813466795,
        "incomeTaxExpense": 79971000,
        "netIncome": 138227000,
        "netIncomeRatio": 0.0996826931,
        "eps": 0.93,
        "epsdiluted": 0.91,
        "weightedAverageShsOut": 149162600,
        "weightedAverageShsOutDil": 151581897,
        "link": "https://www.sec.gov/Archives/edgar/data/909954/000110465914006821/0001104659-14-006821-index.htm",
        "finalLink": "https://www.sec.gov/Archives/edgar/data/909954/000110465914006821/a13-26524_110q.htm"
    },
    {
        "date": "2013-09-28",
        "symbol": "GMCR",
        "reportedCurrency": "USD",
        "cik": "0000909954",
        "fillingDate": "2013-11-20",
        "acceptedDate": "2013-11-20 16:17:23",
        "calendarYear": "2013",
        "period": "Q4",
        "revenue": 1047177000,
        "costOfRevenue": 669718000,
        "grossProfit": 377459000,
        "grossProfitRatio": 0.3604538679,
        "researchAndDevelopmentExpenses": 57700000,
        "generalAndAdministrativeExpenses": -54003000,
        "sellingAndMarketingExpenses": 127062000,
        "sellingGeneralAndAdministrativeExpenses": 73059000,
        "otherExpenses": 127062000,
        "operatingExpenses": 257821000,
        "costAndExpenses": 927539000,
        "interestIncome": 0,
        "interestExpense": 4696000,
        "depreciationAndAmortization": 59812000,
        "ebitda": 240328000,
        "ebitdaratio": 0.2295008389,
        "operatingIncome": 177338000,
        "operatingIncomeRatio": 0.1693486392,
        "totalOtherIncomeExpensesNet": -38343000,
        "incomeBeforeTax": 138995000,
        "incomeBeforeTaxRatio": 0.1327330528,
        "incomeTaxExpense": 48864000,
        "netIncome": 126956000,
        "netIncomeRatio": 0.121236429,
        "eps": 0.85,
        "epsdiluted": 0.83,
        "weightedAverageShsOut": 149638636,
        "weightedAverageShsOutDil": 152801493,
        "link": "https://www.sec.gov/Archives/edgar/data/909954/000104746913010696/0001047469-13-010696-index.html",
        "finalLink": "https://www.sec.gov/Archives/edgar/data/909954/000104746913010696/a2217408z10-k.htm"
    },
    {
        "date": "2013-06-29",
        "symbol": "GMCR",
        "reportedCurrency": "USD",
        "cik": "0000909954",
        "fillingDate": "2013-08-07",
        "acceptedDate": "2013-08-07 16:17:01",
        "calendarYear": "2013",
        "period": "Q3",
        "revenue": 967072000,
        "costOfRevenue": 559454000,
        "grossProfit": 407618000,
        "grossProfitRatio": 0.421497055,
        "researchAndDevelopmentExpenses": 0,
        "generalAndAdministrativeExpenses": -59210000,
        "sellingAndMarketingExpenses": 136742000,
        "sellingGeneralAndAdministrativeExpenses": 77532000,
        "otherExpenses": 136742000,
        "operatingExpenses": 214274000,
        "costAndExpenses": 773728000,
        "interestIncome": 0,
        "interestExpense": 3937000,
        "depreciationAndAmortization": 62722000,
        "ebitda": 250157000,
        "ebitdaratio": 0.2586746385,
        "operatingIncome": 193344000,
        "operatingIncomeRatio": 0.1999272029,
        "totalOtherIncomeExpensesNet": -98362000,
        "incomeBeforeTax": 94982000,
        "incomeBeforeTaxRatio": 0.0982160584,
        "incomeTaxExpense": 67226000,
        "netIncome": 116272000,
        "netIncomeRatio": 0.1202309652,
        "eps": 0.78,
        "epsdiluted": 0.76,
        "weightedAverageShsOut": 149307144,
        "weightedAverageShsOutDil": 152647767,
        "link": "https://www.sec.gov/Archives/edgar/data/909954/000110465913061042/0001104659-13-061042-index.html",
        "finalLink": "https://www.sec.gov/Archives/edgar/data/909954/000110465913061042/a13-13591_110q.htm"
    },
    {
        "date": "2013-03-30",
        "symbol": "GMCR",
        "reportedCurrency": "USD",
        "cik": "0000909954",
        "fillingDate": "2013-05-08",
        "acceptedDate": "2013-05-08 16:18:08",
        "calendarYear": "2013",
        "period": "Q2",
        "revenue": 1004792000,
        "costOfRevenue": 589646000,
        "grossProfit": 415146000,
        "grossProfitRatio": 0.413166108,
        "researchAndDevelopmentExpenses": 0,
        "generalAndAdministrativeExpenses": -46520000,
        "sellingAndMarketingExpenses": 124781000,
        "sellingGeneralAndAdministrativeExpenses": 78261000,
        "otherExpenses": 124781000,
        "operatingExpenses": 203042000,
        "costAndExpenses": 792688000,
        "interestIncome": 0,
        "interestExpense": 3814000,
        "depreciationAndAmortization": 56926000,
        "ebitda": 266463000,
        "ebitdaratio": 0.265192199,
        "operatingIncome": 212104000,
        "operatingIncomeRatio": 0.211092445,
        "totalOtherIncomeExpensesNet": -91994000,
        "incomeBeforeTax": 120110000,
        "incomeBeforeTaxRatio": 0.1195371778,
        "incomeTaxExpense": 73302000,
        "netIncome": 132421000,
        "netIncomeRatio": 0.1317894649,
        "eps": 0.89,
        "epsdiluted": 0.87,
        "weightedAverageShsOut": 149044980,
        "weightedAverageShsOutDil": 152550160,
        "link": "https://www.sec.gov/Archives/edgar/data/909954/000110465913038865/0001104659-13-038865-index.html",
        "finalLink": "https://www.sec.gov/Archives/edgar/data/909954/000110465913038865/a13-6685_110q.htm"
    },
    {
        "date": "2012-12-29",
        "symbol": "GMCR",
        "reportedCurrency": "USD",
        "cik": "0000909954",
        "fillingDate": "2013-02-06",
        "acceptedDate": "2013-02-06 16:11:13",
        "calendarYear": "2013",
        "period": "Q1",
        "revenue": 1339059000,
        "costOfRevenue": 919896000,
        "grossProfit": 419163000,
        "grossProfitRatio": 0.3130280294,
        "researchAndDevelopmentExpenses": 0,
        "generalAndAdministrativeExpenses": -106968000,
        "sellingAndMarketingExpenses": 171845000,
        "sellingGeneralAndAdministrativeExpenses": 64877000,
        "otherExpenses": 171845000,
        "operatingExpenses": 236722000,
        "costAndExpenses": 1156618000,
        "interestIncome": 0,
        "interestExpense": 5730000,
        "depreciationAndAmortization": 56858000,
        "ebitda": 237550000,
        "ebitdaratio": 0.1774006971,
        "operatingIncome": 182441000,
        "operatingIncomeRatio": 0.136245677,
        "totalOtherIncomeExpensesNet": -82525000,
        "incomeBeforeTax": 99916000,
        "incomeBeforeTaxRatio": 0.0746165778,
        "incomeTaxExpense": 67379000,
        "netIncome": 107583000,
        "netIncomeRatio": 0.0803422403,
        "eps": 0.72,
        "epsdiluted": 0.7,
        "weightedAverageShsOut": 149317597,
        "weightedAverageShsOutDil": 152708807,
        "link": "https://www.sec.gov/Archives/edgar/data/909954/000110465913008018/0001104659-13-008018-index.html",
        "finalLink": "https://www.sec.gov/Archives/edgar/data/909954/000110465913008018/a12-28716_110q.htm"
    },
    {
        "date": "2012-09-29",
        "symbol": "GMCR",
        "reportedCurrency": "USD",
        "cik": "0000909954",
        "fillingDate": "2012-11-28",
        "acceptedDate": "2012-11-27 18:31:07",
        "calendarYear": "2012",
        "period": "Q4",
        "revenue": 946736000,
        "costOfRevenue": 630290000,
        "grossProfit": 316446000,
        "grossProfitRatio": 0.3342494634,
        "researchAndDevelopmentExpenses": 41700000,
        "generalAndAdministrativeExpenses": -49387000,
        "sellingAndMarketingExpenses": 111048000,
        "sellingGeneralAndAdministrativeExpenses": 61661000,
        "otherExpenses": 111048000,
        "operatingExpenses": 214409000,
        "costAndExpenses": 844699000,
        "interestIncome": 0,
        "interestExpense": 4321000,
        "depreciationAndAmortization": 59442000,
        "ebitda": 204342000,
        "ebitdaratio": 0.2158384175,
        "operatingIncome": 143737000,
        "operatingIncomeRatio": 0.1518237397,
        "totalOtherIncomeExpensesNet": -3010000,
        "incomeBeforeTax": 140727000,
        "incomeBeforeTaxRatio": 0.1486443951,
        "incomeTaxExpense": 48692000,
        "netIncome": 91887000,
        "netIncomeRatio": 0.097056624,
        "eps": 0.59,
        "epsdiluted": 0.58,
        "weightedAverageShsOut": 154933948,
        "weightedAverageShsOutDil": 159075646,
        "link": "https://www.sec.gov/Archives/edgar/data/909954/000110465912080228/0001104659-12-080228-index.html",
        "finalLink": "https://www.sec.gov/Archives/edgar/data/909954/000110465912080228/a12-21067_110k.htm"
    },
    {
        "date": "2012-06-23",
        "symbol": "GMCR",
        "reportedCurrency": "USD",
        "cik": "0000909954",
        "fillingDate": "2012-08-01",
        "acceptedDate": "2012-08-01 16:22:57",
        "calendarYear": "2012",
        "period": "Q3",
        "revenue": 869194000,
        "costOfRevenue": 565883000,
        "grossProfit": 303311000,
        "grossProfitRatio": 0.3489566196,
        "researchAndDevelopmentExpenses": 0,
        "generalAndAdministrativeExpenses": -62381000,
        "sellingAndMarketingExpenses": 117982000,
        "sellingGeneralAndAdministrativeExpenses": 55601000,
        "otherExpenses": 117982000,
        "operatingExpenses": 173583000,
        "costAndExpenses": 739466000,
        "interestIncome": 0,
        "interestExpense": 6157000,
        "depreciationAndAmortization": 46387000,
        "ebitda": 174084000,
        "ebitdaratio": 0.2002821004,
        "operatingIncome": 129728000,
        "operatingIncomeRatio": 0.1492509152,
        "totalOtherIncomeExpensesNet": -7964000,
        "incomeBeforeTax": 121764000,
        "incomeBeforeTaxRatio": 0.1400884037,
        "incomeTaxExpense": 48244000,
        "netIncome": 73296000,
        "netIncomeRatio": 0.0843263989,
        "eps": 0.47,
        "epsdiluted": 0.46,
        "weightedAverageShsOut": 155071117,
        "weightedAverageShsOutDil": 159364440,
        "link": "https://www.sec.gov/Archives/edgar/data/909954/000110465912053229/0001104659-12-053229-index.html",
        "finalLink": "https://www.sec.gov/Archives/edgar/data/909954/000110465912053229/a12-12679_110q.htm"
    },
    {
        "date": "2012-03-24",
        "symbol": "GMCR",
        "reportedCurrency": "USD",
        "cik": "0000909954",
        "fillingDate": "2012-05-02",
        "acceptedDate": "2012-05-02 16:30:51",
        "calendarYear": "2012",
        "period": "Q2",
        "revenue": 885052000,
        "costOfRevenue": 572014000,
        "grossProfit": 313038000,
        "grossProfitRatio": 0.3536944722,
        "researchAndDevelopmentExpenses": 0,
        "generalAndAdministrativeExpenses": -58765000,
        "sellingAndMarketingExpenses": 111105000,
        "sellingGeneralAndAdministrativeExpenses": 52340000,
        "otherExpenses": 111105000,
        "operatingExpenses": 163445000,
        "costAndExpenses": 735459000,
        "interestIncome": 0,
        "interestExpense": 6042000,
        "depreciationAndAmortization": 43291000,
        "ebitda": 194822000,
        "ebitdaratio": 0.2201249192,
        "operatingIncome": 149593000,
        "operatingIncomeRatio": 0.1690217072,
        "totalOtherIncomeExpensesNet": -3872000,
        "incomeBeforeTax": 145721000,
        "incomeBeforeTaxRatio": 0.164646823,
        "incomeTaxExpense": 52458000,
        "netIncome": 93031000,
        "netIncomeRatio": 0.1051135978,
        "eps": 0.6,
        "epsdiluted": 0.58,
        "weightedAverageShsOut": 154876465,
        "weightedAverageShsOutDil": 159368142,
        "link": "https://www.sec.gov/Archives/edgar/data/909954/000110465912032044/0001104659-12-032044-index.html",
        "finalLink": "https://www.sec.gov/Archives/edgar/data/909954/000110465912032044/a12-4648_110q.htm"
    },
    {
        "date": "2011-12-24",
        "symbol": "GMCR",
        "reportedCurrency": "USD",
        "cik": "0000909954",
        "fillingDate": "2012-02-01",
        "acceptedDate": "2012-02-01 16:32:34",
        "calendarYear": "2012",
        "period": "Q1",
        "revenue": 1158216000,
        "costOfRevenue": 821612000,
        "grossProfit": 336604000,
        "grossProfitRatio": 0.2906228199,
        "researchAndDevelopmentExpenses": 0,
        "generalAndAdministrativeExpenses": -91950000,
        "sellingAndMarketingExpenses": 141358000,
        "sellingGeneralAndAdministrativeExpenses": 49408000,
        "otherExpenses": 141358000,
        "operatingExpenses": 190766000,
        "costAndExpenses": 1012378000,
        "interestIncome": 0,
        "interestExpense": 6463000,
        "depreciationAndAmortization": 38577000,
        "ebitda": 212701000,
        "ebitdaratio": 0.1836453649,
        "operatingIncome": 145838000,
        "operatingIncomeRatio": 0.125916064,
        "totalOtherIncomeExpensesNet": 22091000,
        "incomeBeforeTax": 167929000,
        "incomeBeforeTaxRatio": 0.144989363,
        "incomeTaxExpense": 63247000,
        "netIncome": 104414000,
        "netIncomeRatio": 0.0901507145,
        "eps": 0.67,
        "epsdiluted": 0.66,
        "weightedAverageShsOut": 154704471,
        "weightedAverageShsOutDil": 159367829,
        "link": "https://www.sec.gov/Archives/edgar/data/909954/000110465912005883/0001104659-12-005883-index.html",
        "finalLink": "https://www.sec.gov/Archives/edgar/data/909954/000110465912005883/a11-31801_110q.htm"
    },
    {
        "date": "2011-09-24",
        "symbol": "GMCR",
        "reportedCurrency": "USD",
        "cik": "0000909954",
        "fillingDate": "2011-11-14",
        "acceptedDate": "2011-11-14 06:54:31",
        "calendarYear": "2011",
        "period": "Q4",
        "revenue": 711883000,
        "costOfRevenue": 457793000,
        "grossProfit": 254090000,
        "grossProfitRatio": 0.3569266298,
        "researchAndDevelopmentExpenses": 17700000,
        "generalAndAdministrativeExpenses": -42922000,
        "sellingAndMarketingExpenses": 95150000,
        "sellingGeneralAndAdministrativeExpenses": 52228000,
        "otherExpenses": 95150000,
        "operatingExpenses": 165078000,
        "costAndExpenses": 622871000,
        "interestIncome": 0,
        "interestExpense": 5097000,
        "depreciationAndAmortization": 35388000,
        "ebitda": 139382000,
        "ebitdaratio": 0.1957934099,
        "operatingIncome": 106712000,
        "operatingIncomeRatio": 0.1499010371,
        "totalOtherIncomeExpensesNet": -7363000,
        "incomeBeforeTax": 99349000,
        "incomeBeforeTaxRatio": 0.1395580454,
        "incomeTaxExpense": 23528000,
        "netIncome": 75369000,
        "netIncomeRatio": 0.1058727347,
        "eps": 0.52,
        "epsdiluted": 0.5,
        "weightedAverageShsOut": 146214860,
        "weightedAverageShsOutDil": 152142434,
        "link": "https://www.sec.gov/Archives/edgar/data/909954/000119312511308748/0001193125-11-308748-index.html",
        "finalLink": "https://www.sec.gov/Archives/edgar/data/909954/000119312511308748/d232301d10k.htm"
    },
    {
        "date": "2011-06-25",
        "symbol": "GMCR",
        "reportedCurrency": "USD",
        "cik": "0000909954",
        "fillingDate": "2011-08-03",
        "acceptedDate": "2011-08-03 16:03:03",
        "calendarYear": "2011",
        "period": "Q3",
        "revenue": 717210000,
        "costOfRevenue": 453130000,
        "grossProfit": 264080000,
        "grossProfitRatio": 0.3682045705,
        "researchAndDevelopmentExpenses": 0,
        "generalAndAdministrativeExpenses": -46254000,
        "sellingAndMarketingExpenses": 95512000,
        "sellingGeneralAndAdministrativeExpenses": 49258000,
        "otherExpenses": 95512000,
        "operatingExpenses": 144770000,
        "costAndExpenses": 597900000,
        "interestIncome": 0,
        "interestExpense": 29830000,
        "depreciationAndAmortization": 30447000,
        "ebitda": 148403000,
        "ebitdaratio": 0.2069170815,
        "operatingIncome": 119310000,
        "operatingIncomeRatio": 0.166352951,
        "totalOtherIncomeExpensesNet": -30562000,
        "incomeBeforeTax": 88748000,
        "incomeBeforeTaxRatio": 0.123740606,
        "incomeTaxExpense": 31778000,
        "netIncome": 56348000,
        "netIncomeRatio": 0.0785655526,
        "eps": 0.39,
        "epsdiluted": 0.38,
        "weightedAverageShsOut": 143606691,
        "weightedAverageShsOutDil": 149357480,
        "link": "https://www.sec.gov/Archives/edgar/data/909954/000119312511208130/0001193125-11-208130-index.html",
        "finalLink": "https://www.sec.gov/Archives/edgar/data/909954/000119312511208130/d10q.htm"
    },
    {
        "date": "2011-03-26",
        "symbol": "GMCR",
        "reportedCurrency": "USD",
        "cik": "0000909954",
        "fillingDate": "2011-05-03",
        "acceptedDate": "2011-05-03 16:15:38",
        "calendarYear": "2011",
        "period": "Q2",
        "revenue": 646779000,
        "costOfRevenue": 404738000,
        "grossProfit": 242041000,
        "grossProfitRatio": 0.374225199,
        "researchAndDevelopmentExpenses": 0,
        "generalAndAdministrativeExpenses": -36943000,
        "sellingAndMarketingExpenses": 79586000,
        "sellingGeneralAndAdministrativeExpenses": 42643000,
        "otherExpenses": 79586000,
        "operatingExpenses": 122229000,
        "costAndExpenses": 526967000,
        "interestIncome": 0,
        "interestExpense": 16707000,
        "depreciationAndAmortization": 53959000,
        "ebitda": 172447000,
        "ebitdaratio": 0.2666243029,
        "operatingIncome": 119812000,
        "operatingIncomeRatio": 0.1852441097,
        "totalOtherIncomeExpensesNet": -17583000,
        "incomeBeforeTax": 102229000,
        "incomeBeforeTaxRatio": 0.1580586259,
        "incomeTaxExpense": 36226000,
        "netIncome": 65555000,
        "netIncomeRatio": 0.1013561046,
        "eps": 0.46,
        "epsdiluted": 0.45,
        "weightedAverageShsOut": 141579543,
        "weightedAverageShsOutDil": 147310364,
        "link": "https://www.sec.gov/Archives/edgar/data/909954/000119312511123957/0001193125-11-123957-index.html",
        "finalLink": "https://www.sec.gov/Archives/edgar/data/909954/000119312511123957/d10q.htm"
    },
    {
        "date": "2010-12-25",
        "symbol": "GMCR",
        "reportedCurrency": "USD",
        "cik": "0000909954",
        "fillingDate": "2011-02-03",
        "acceptedDate": "2011-02-03 16:02:31",
        "calendarYear": "2011",
        "period": "Q1",
        "revenue": 575027000,
        "costOfRevenue": 430613000,
        "grossProfit": 144414000,
        "grossProfitRatio": 0.2511429898,
        "researchAndDevelopmentExpenses": 0,
        "generalAndAdministrativeExpenses": -35561000,
        "sellingAndMarketingExpenses": 78448000,
        "sellingGeneralAndAdministrativeExpenses": 42887000,
        "otherExpenses": 78448000,
        "operatingExpenses": 121335000,
        "costAndExpenses": 551948000,
        "interestIncome": 0,
        "interestExpense": 6023000,
        "depreciationAndAmortization": 12164000,
        "ebitda": 30583000,
        "ebitdaratio": 0.0531853287,
        "operatingIncome": 23079000,
        "operatingIncomeRatio": 0.0401355067,
        "totalOtherIncomeExpensesNet": -10658000,
        "incomeBeforeTax": 12421000,
        "incomeBeforeTaxRatio": 0.0216007248,
        "incomeTaxExpense": 10167000,
        "netIncome": 2229000,
        "netIncomeRatio": 0.0038763397,
        "eps": 0.0157,
        "epsdiluted": 0.0151,
        "weightedAverageShsOut": 141579543,
        "weightedAverageShsOutDil": 147310364,
        "link": "https://www.sec.gov/Archives/edgar/data/909954/000119312511023163/0001193125-11-023163-index.htm",
        "finalLink": "https://www.sec.gov/Archives/edgar/data/909954/000119312511023163/d10q.htm"
    },
    {
        "date": "2010-09-25",
        "symbol": "GMCR",
        "reportedCurrency": "USD",
        "cik": "0000909954",
        "fillingDate": "2010-12-09",
        "acceptedDate": "2010-12-09 16:01:26",
        "calendarYear": "2010",
        "period": "Q4",
        "revenue": 1356775000,
        "costOfRevenue": 931017000,
        "grossProfit": 425758000,
        "grossProfitRatio": 0.3138014778,
        "researchAndDevelopmentExpenses": 0,
        "generalAndAdministrativeExpenses": -85850000,
        "sellingAndMarketingExpenses": 186418000,
        "sellingGeneralAndAdministrativeExpenses": 100568000,
        "otherExpenses": 186418000,
        "operatingExpenses": 286986000,
        "costAndExpenses": 1218003000,
        "interestIncome": 0,
        "interestExpense": 5294000,
        "depreciationAndAmortization": -10882000,
        "ebitda": 127572000,
        "ebitdaratio": 0.094025907,
        "operatingIncome": 138772000,
        "operatingIncomeRatio": 0.1022807761,
        "totalOtherIncomeExpensesNet": -5612000,
        "incomeBeforeTax": 133160000,
        "incomeBeforeTaxRatio": 0.0981444971,
        "incomeTaxExpense": 53654000,
        "netIncome": 79506000,
        "netIncomeRatio": 0.0585992519,
        "eps": 0.56,
        "epsdiluted": 0.54,
        "weightedAverageShsOut": 141579543,
        "weightedAverageShsOutDil": 147310364,
        "link": "https://www.sec.gov/Archives/edgar/data/909954/000119312510277481/0001193125-10-277481-index.html",
        "finalLink": "https://www.sec.gov/Archives/edgar/data/909954/000119312510277481/d10k.htm"
    },
    {
        "date": "2010-06-26",
        "symbol": "GMCR",
        "reportedCurrency": "USD",
        "cik": "0000909954",
        "fillingDate": "2010-08-05",
        "acceptedDate": "2010-08-05 16:02:07",
        "calendarYear": "2010",
        "period": "Q3",
        "revenue": 311514000,
        "costOfRevenue": 73217000,
        "grossProfit": 238297000,
        "grossProfitRatio": 0.7649640145,
        "researchAndDevelopmentExpenses": 0,
        "generalAndAdministrativeExpenses": -21010000,
        "sellingAndMarketingExpenses": 46277000,
        "sellingGeneralAndAdministrativeExpenses": 25267000,
        "otherExpenses": 21010000,
        "operatingExpenses": 46277000,
        "costAndExpenses": 273327000,
        "interestIncome": 0,
        "interestExpense": -84306000,
        "depreciationAndAmortization": -540844000,
        "ebitda": -624761000,
        "ebitdaratio": -2.0055631529,
        "operatingIncome": 38187000,
        "operatingIncomeRatio": 0.1225851808,
        "totalOtherIncomeExpensesNet": -1468000,
        "incomeBeforeTax": 36719000,
        "incomeBeforeTaxRatio": 0.117872712,
        "incomeTaxExpense": -18165000,
        "netIncome": 18554000,
        "netIncomeRatio": 0.059560726,
        "eps": 0.13,
        "epsdiluted": 0.13,
        "weightedAverageShsOut": 141579543,
        "weightedAverageShsOutDil": 147310364,
        "link": "https://www.sec.gov/Archives/edgar/data/909954/000119312510179293/0001193125-10-179293-index.html",
        "finalLink": "https://www.sec.gov/Archives/edgar/data/909954/000119312510179293/d10q.htm"
    },
    {
        "date": "2010-03-27",
        "symbol": "GMCR",
        "reportedCurrency": "USD",
        "cik": "0000909954",
        "fillingDate": "2010-05-06",
        "acceptedDate": "2010-05-06 16:11:35",
        "calendarYear": "2010",
        "period": "Q2",
        "revenue": 324915000,
        "costOfRevenue": 491263000,
        "grossProfit": -166348000,
        "grossProfitRatio": -0.5119739009,
        "researchAndDevelopmentExpenses": 0,
        "generalAndAdministrativeExpenses": -18515000,
        "sellingAndMarketingExpenses": 42979000,
        "sellingGeneralAndAdministrativeExpenses": 24464000,
        "otherExpenses": 18515000,
        "operatingExpenses": 42979000,
        "costAndExpenses": 534242000,
        "interestIncome": 0,
        "interestExpense": 833000,
        "depreciationAndAmortization": 6814000,
        "ebitda": 16808000,
        "ebitdaratio": 0.0517304526,
        "operatingIncome": 41209000,
        "operatingIncomeRatio": 0.126830094,
        "totalOtherIncomeExpensesNet": -966000,
        "incomeBeforeTax": 40243000,
        "incomeBeforeTaxRatio": 0.1238570088,
        "incomeTaxExpense": -15541000,
        "netIncome": 24702000,
        "netIncomeRatio": 0.0760260376,
        "eps": 0.57,
        "epsdiluted": 0.57,
        "weightedAverageShsOut": 43705417,
        "weightedAverageShsOutDil": 43705417,
        "link": "https://www.sec.gov/Archives/edgar/data/909954/000119312510110880/0001193125-10-110880-index.html",
        "finalLink": "https://www.sec.gov/Archives/edgar/data/909954/000119312510110880/d10q.htm"
    },
    {
        "date": "2009-12-26",
        "symbol": "GMCR",
        "reportedCurrency": "USD",
        "cik": "0000909954",
        "fillingDate": "2010-02-04",
        "acceptedDate": "2010-02-04 16:02:50",
        "calendarYear": "2010",
        "period": "Q1",
        "revenue": 349363000,
        "costOfRevenue": 247538000,
        "grossProfit": 101825000,
        "grossProfitRatio": 0.2914590269,
        "researchAndDevelopmentExpenses": 0,
        "generalAndAdministrativeExpenses": -32407000,
        "sellingAndMarketingExpenses": 55579000,
        "sellingGeneralAndAdministrativeExpenses": 23172000,
        "otherExpenses": 32407000,
        "operatingExpenses": 55579000,
        "costAndExpenses": 303117000,
        "interestIncome": 0,
        "interestExpense": 1048000,
        "depreciationAndAmortization": -12134000,
        "ebitda": -8013000,
        "ebitdaratio": -0.0229360293,
        "operatingIncome": 23074000,
        "operatingIncomeRatio": 0.0660459179,
        "totalOtherIncomeExpensesNet": -1159000,
        "incomeBeforeTax": 21915000,
        "incomeBeforeTaxRatio": 0.0627284515,
        "incomeTaxExpense": -9421000,
        "netIncome": 12494000,
        "netIncomeRatio": 0.0357622301,
        "eps": 0.29,
        "epsdiluted": 0.29,
        "weightedAverageShsOut": 43656431,
        "weightedAverageShsOutDil": 43656431,
        "link": "https://www.sec.gov/Archives/edgar/data/909954/000119312510022132/0001193125-10-022132-index.html",
        "finalLink": "https://www.sec.gov/Archives/edgar/data/909954/000119312510022132/d10q.htm"
    },
    {
        "date": "2009-09-26",
        "symbol": "GMCR",
        "reportedCurrency": "USD",
        "cik": "0000909954",
        "fillingDate": "2009-11-25",
        "acceptedDate": "2009-11-25 16:05:34",
        "calendarYear": "2009",
        "period": "Q4",
        "revenue": 500277000,
        "costOfRevenue": 533902000,
        "grossProfit": -33625000,
        "grossProfitRatio": -0.0672127641,
        "researchAndDevelopmentExpenses": 0,
        "generalAndAdministrativeExpenses": -53150000,
        "sellingAndMarketingExpenses": 92182000,
        "sellingGeneralAndAdministrativeExpenses": 39032000,
        "otherExpenses": 53150000,
        "operatingExpenses": 92182000,
        "costAndExpenses": 626084000,
        "interestIncome": 0,
        "interestExpense": 5705000,
        "depreciationAndAmortization": 4933000,
        "ebitda": 18764000,
        "ebitdaratio": 0.037507221,
        "operatingIncome": 42412000,
        "operatingIncomeRatio": 0.0847770335,
        "totalOtherIncomeExpensesNet": -5940000,
        "incomeBeforeTax": 36472000,
        "incomeBeforeTaxRatio": 0.0729036114,
        "incomeTaxExpense": -14173000,
        "netIncome": 22299000,
        "netIncomeRatio": 0.0445733064,
        "eps": 0.62,
        "epsdiluted": 0.62,
        "weightedAverageShsOut": 35924697,
        "weightedAverageShsOutDil": 35924697,
        "link": "https://www.sec.gov/Archives/edgar/data/909954/000119312509242474/0001193125-09-242474-index.html",
        "finalLink": "https://www.sec.gov/Archives/edgar/data/909954/000119312509242474/d10k.htm"
    },
    {
        "date": "2009-06-27",
        "symbol": "GMCR",
        "reportedCurrency": "USD",
        "cik": "0000909954",
        "fillingDate": "2009-08-03",
        "acceptedDate": "2009-08-03 06:22:04",
        "calendarYear": "2009",
        "period": "Q3",
        "revenue": 190510000,
        "costOfRevenue": 126428000,
        "grossProfit": 64082000,
        "grossProfitRatio": 0.3363707942,
        "researchAndDevelopmentExpenses": 0,
        "generalAndAdministrativeExpenses": -15889000,
        "sellingAndMarketingExpenses": 28598000,
        "sellingGeneralAndAdministrativeExpenses": 12709000,
        "otherExpenses": 15889000,
        "operatingExpenses": 28598000,
        "costAndExpenses": 155026000,
        "interestIncome": 0,
        "interestExpense": 1080000,
        "depreciationAndAmortization": 4577000,
        "ebitda": 12280000,
        "ebitdaratio": 0.0644585586,
        "operatingIncome": 22775000,
        "operatingIncomeRatio": 0.1195475303,
        "totalOtherIncomeExpensesNet": -1118000,
        "incomeBeforeTax": 21657000,
        "incomeBeforeTaxRatio": 0.113679072,
        "incomeTaxExpense": -7517000,
        "netIncome": 14140000,
        "netIncomeRatio": 0.0742218256,
        "eps": 0.38,
        "epsdiluted": 0.38,
        "weightedAverageShsOut": 37132434,
        "weightedAverageShsOutDil": 37132434,
        "link": "https://www.sec.gov/Archives/edgar/data/909954/000119312509161495/0001193125-09-161495-index.html",
        "finalLink": "https://www.sec.gov/Archives/edgar/data/909954/000119312509161495/d10q.htm"
    },
    {
        "date": "2009-03-28",
        "symbol": "GMCR",
        "reportedCurrency": "USD",
        "cik": "0000909954",
        "fillingDate": "2009-05-07",
        "acceptedDate": "2009-05-07 16:13:25",
        "calendarYear": "2009",
        "period": "Q2",
        "revenue": 193351000,
        "costOfRevenue": 131370000,
        "grossProfit": 61981000,
        "grossProfitRatio": 0.3205620866,
        "researchAndDevelopmentExpenses": 0,
        "generalAndAdministrativeExpenses": -16849000,
        "sellingAndMarketingExpenses": 28094000,
        "sellingGeneralAndAdministrativeExpenses": 11245000,
        "otherExpenses": 16849000,
        "operatingExpenses": 28094000,
        "costAndExpenses": 159464000,
        "interestIncome": 0,
        "interestExpense": 1032000,
        "depreciationAndAmortization": 4319000,
        "ebitda": 9949000,
        "ebitdaratio": 0.0514556428,
        "operatingIncome": 22642000,
        "operatingIncomeRatio": 0.1171030923,
        "totalOtherIncomeExpensesNet": -1274000,
        "incomeBeforeTax": 21368000,
        "incomeBeforeTaxRatio": 0.1105140392,
        "incomeTaxExpense": -8385000,
        "netIncome": 12983000,
        "netIncomeRatio": 0.0671473124,
        "eps": 0.53,
        "epsdiluted": 0.53,
        "weightedAverageShsOut": 24601756,
        "weightedAverageShsOutDil": 24601756,
        "link": "https://www.sec.gov/Archives/edgar/data/909954/000119312509103365/0001193125-09-103365-index.html",
        "finalLink": "https://www.sec.gov/Archives/edgar/data/909954/000119312509103365/d10q.htm"
    },
    {
        "date": "2008-12-27",
        "symbol": "GMCR",
        "reportedCurrency": "USD",
        "cik": "0000909954",
        "fillingDate": "2009-02-05",
        "acceptedDate": "2009-02-05 12:07:59",
        "calendarYear": "2009",
        "period": "Q1",
        "revenue": 196980000,
        "costOfRevenue": 143630000,
        "grossProfit": 53350000,
        "grossProfitRatio": 0.2708396792,
        "researchAndDevelopmentExpenses": 0,
        "generalAndAdministrativeExpenses": -26970000,
        "sellingAndMarketingExpenses": 36181000,
        "sellingGeneralAndAdministrativeExpenses": 9211000,
        "otherExpenses": 26970000,
        "operatingExpenses": 36181000,
        "costAndExpenses": 179811000,
        "interestIncome": 0,
        "interestExpense": 1382000,
        "depreciationAndAmortization": 4158000,
        "ebitda": 10775000,
        "ebitdaratio": 0.0547009849,
        "operatingIncome": 24958000,
        "operatingIncomeRatio": 0.1267032186,
        "totalOtherIncomeExpensesNet": -1425000,
        "incomeBeforeTax": 23533000,
        "incomeBeforeTaxRatio": 0.1194689816,
        "incomeTaxExpense": -9149000,
        "netIncome": 14384000,
        "netIncomeRatio": 0.0730226419,
        "eps": 0.59,
        "epsdiluted": 0.59,
        "weightedAverageShsOut": 24452905,
        "weightedAverageShsOutDil": 24452905,
        "link": "https://www.sec.gov/Archives/edgar/data/909954/000119312509019694/0001193125-09-019694-index.html",
        "finalLink": "https://www.sec.gov/Archives/edgar/data/909954/000119312509019694/d10q.htm"
    },
    {
        "date": "2008-09-27",
        "symbol": "GMCR",
        "reportedCurrency": "USD",
        "cik": "0000909954",
        "fillingDate": "2008-12-11",
        "acceptedDate": "2008-12-11 14:14:53",
        "calendarYear": "2008",
        "period": "Q4",
        "revenue": 134835000,
        "costOfRevenue": 88426000,
        "grossProfit": 46409000,
        "grossProfitRatio": 0.3441910483,
        "researchAndDevelopmentExpenses": 0,
        "generalAndAdministrativeExpenses": -11921000,
        "sellingAndMarketingExpenses": 22687000,
        "sellingGeneralAndAdministrativeExpenses": 10766000,
        "otherExpenses": 11921000,
        "operatingExpenses": 22687000,
        "costAndExpenses": 111113000,
        "interestIncome": 0,
        "interestExpense": 1290000,
        "depreciationAndAmortization": 40000,
        "ebitda": 3847000,
        "ebitdaratio": 0.0285311677,
        "operatingIncome": 12956000,
        "operatingIncomeRatio": 0.096087811,
        "totalOtherIncomeExpensesNet": -1297000,
        "incomeBeforeTax": 11659000,
        "incomeBeforeTaxRatio": 0.0864686469,
        "incomeTaxExpense": -4571000,
        "netIncome": 7088000,
        "netIncomeRatio": 0.0525679534,
        "eps": 0.3,
        "epsdiluted": 0.3,
        "weightedAverageShsOut": 23949798,
        "weightedAverageShsOutDil": 23949798,
        "link": "https://www.sec.gov/Archives/edgar/data/909954/000119312508251907/0001193125-08-251907-index.html",
        "finalLink": "https://www.sec.gov/Archives/edgar/data/909954/000119312508251907/d10k.htm"
    },
    {
        "date": "2008-06-28",
        "symbol": "GMCR",
        "reportedCurrency": "USD",
        "cik": "0000909954",
        "fillingDate": "2008-08-07",
        "acceptedDate": "2008-08-07 15:11:05",
        "calendarYear": "2008",
        "period": "Q3",
        "revenue": 118120000,
        "costOfRevenue": 75626000,
        "grossProfit": 42494000,
        "grossProfitRatio": 0.3597527938,
        "researchAndDevelopmentExpenses": 0,
        "generalAndAdministrativeExpenses": -10075000,
        "sellingAndMarketingExpenses": 20620000,
        "sellingGeneralAndAdministrativeExpenses": 10545000,
        "otherExpenses": 10075000,
        "operatingExpenses": 20620000,
        "costAndExpenses": 96246000,
        "interestIncome": 0,
        "interestExpense": 1376000,
        "depreciationAndAmortization": 4631000,
        "ebitda": 8737000,
        "ebitdaratio": 0.073967152,
        "operatingIncome": 11329000,
        "operatingIncomeRatio": 0.095910938,
        "totalOtherIncomeExpensesNet": -1401000,
        "incomeBeforeTax": 9928000,
        "incomeBeforeTaxRatio": 0.0840501185,
        "incomeTaxExpense": -3599000,
        "netIncome": 6329000,
        "netIncomeRatio": 0.053581104,
        "eps": 0.27,
        "epsdiluted": 0.27,
        "weightedAverageShsOut": 23869320,
        "weightedAverageShsOutDil": 23869320,
        "link": "https://www.sec.gov/Archives/edgar/data/909954/000119312508169975/0001193125-08-169975-index.html",
        "finalLink": "https://www.sec.gov/Archives/edgar/data/909954/000119312508169975/d10q.htm"
    },
    {
        "date": "2008-03-29",
        "symbol": "GMCR",
        "reportedCurrency": "USD",
        "cik": "0000909954",
        "fillingDate": "2008-05-08",
        "acceptedDate": "2008-05-08 13:11:00",
        "calendarYear": "2008",
        "period": "Q2",
        "revenue": 120877000,
        "costOfRevenue": 76164000,
        "grossProfit": 44713000,
        "grossProfitRatio": 0.3699049447,
        "researchAndDevelopmentExpenses": 0,
        "generalAndAdministrativeExpenses": -10565000,
        "sellingAndMarketingExpenses": 21841000,
        "sellingGeneralAndAdministrativeExpenses": 11276000,
        "otherExpenses": 10565000,
        "operatingExpenses": 21841000,
        "costAndExpenses": 98005000,
        "interestIncome": 0,
        "interestExpense": 1495000,
        "depreciationAndAmortization": 4490000,
        "ebitda": 7887000,
        "ebitdaratio": 0.0652481448,
        "operatingIncome": 11596000,
        "operatingIncomeRatio": 0.0959322286,
        "totalOtherIncomeExpensesNet": -1584000,
        "incomeBeforeTax": 10012000,
        "incomeBeforeTaxRatio": 0.0828279987,
        "incomeTaxExpense": -4055000,
        "netIncome": 5957000,
        "netIncomeRatio": 0.049281501,
        "eps": 0.25,
        "epsdiluted": 0.25,
        "weightedAverageShsOut": 23737160,
        "weightedAverageShsOutDil": 23737160,
        "link": "https://www.sec.gov/Archives/edgar/data/909954/000119312508107432/0001193125-08-107432-index.html",
        "finalLink": "https://www.sec.gov/Archives/edgar/data/909954/000119312508107432/d10q.htm"
    },
    {
        "date": "2007-12-29",
        "symbol": "GMCR",
        "reportedCurrency": "USD",
        "cik": "0000909954",
        "fillingDate": "2008-02-07",
        "acceptedDate": "2008-02-07 11:34:29",
        "calendarYear": "2008",
        "period": "Q1",
        "revenue": 126445000,
        "costOfRevenue": 83156000,
        "grossProfit": 43289000,
        "grossProfitRatio": 0.3423543833,
        "researchAndDevelopmentExpenses": 0,
        "generalAndAdministrativeExpenses": -17310000,
        "sellingAndMarketingExpenses": 27034000,
        "sellingGeneralAndAdministrativeExpenses": 9724000,
        "otherExpenses": 17310000,
        "operatingExpenses": 27034000,
        "costAndExpenses": 110190000,
        "interestIncome": 0,
        "interestExpense": 1544000,
        "depreciationAndAmortization": 4339000,
        "ebitda": 6860000,
        "ebitdaratio": 0.0542528372,
        "operatingIncome": 6531000,
        "operatingIncomeRatio": 0.0516509154,
        "totalOtherIncomeExpensesNet": -1658000,
        "incomeBeforeTax": 4873000,
        "incomeBeforeTaxRatio": 0.038538495,
        "incomeTaxExpense": -1948000,
        "netIncome": 2925000,
        "netIncomeRatio": 0.0231325873,
        "eps": 0.12,
        "epsdiluted": 0.12,
        "weightedAverageShsOut": 23617625,
        "weightedAverageShsOutDil": 23617625,
        "link": "https://www.sec.gov/Archives/edgar/data/909954/000119312508022630/0001193125-08-022630-index.htm",
        "finalLink": "https://www.sec.gov/Archives/edgar/data/909954/000119312508022630/d10q.htm"
    },
    {
        "date": "2007-09-29",
        "symbol": "GMCR",
        "reportedCurrency": "USD",
        "cik": "0000909954",
        "fillingDate": "2007-12-13",
        "acceptedDate": "2007-12-13 11:12:18",
        "calendarYear": "2007",
        "period": "Q4",
        "revenue": 93015000,
        "costOfRevenue": 203488000,
        "grossProfit": -110473000,
        "grossProfitRatio": -1.1876901575,
        "researchAndDevelopmentExpenses": 0,
        "generalAndAdministrativeExpenses": -9021000,
        "sellingAndMarketingExpenses": 17186000,
        "sellingGeneralAndAdministrativeExpenses": 8165000,
        "otherExpenses": 9021000,
        "operatingExpenses": 17186000,
        "costAndExpenses": 220674000,
        "interestIncome": 0,
        "interestExpense": 1301000,
        "depreciationAndAmortization": -744000,
        "ebitda": 1618000,
        "ebitdaratio": 0.0173950438,
        "operatingIncome": 7465000,
        "operatingIncomeRatio": 0.0802558727,
        "totalOtherIncomeExpensesNet": -1384000,
        "incomeBeforeTax": 6081000,
        "incomeBeforeTaxRatio": 0.0653765522,
        "incomeTaxExpense": -2510000,
        "netIncome": 3571000,
        "netIncomeRatio": 0.0383916573,
        "eps": 0.15,
        "epsdiluted": 0.15,
        "weightedAverageShsOut": 23250431,
        "weightedAverageShsOutDil": 23250431,
        "link": "https://www.sec.gov/Archives/edgar/data/909954/000119312507264462/0001193125-07-264462-index.html",
        "finalLink": "https://www.sec.gov/Archives/edgar/data/909954/000119312507264462/d10k.htm"
    },
    {
        "date": "2007-06-30",
        "symbol": "GMCR",
        "reportedCurrency": "USD",
        "cik": "0000909954",
        "fillingDate": "2007-08-09",
        "acceptedDate": "2007-08-09 12:05:47",
        "calendarYear": "2007",
        "period": "Q3",
        "revenue": 82418000,
        "costOfRevenue": 48282000,
        "grossProfit": 34136000,
        "grossProfitRatio": 0.4141813681,
        "researchAndDevelopmentExpenses": 0,
        "generalAndAdministrativeExpenses": -9714000,
        "sellingAndMarketingExpenses": 18248000,
        "sellingGeneralAndAdministrativeExpenses": 8534000,
        "otherExpenses": 9714000,
        "operatingExpenses": 18248000,
        "costAndExpenses": 66530000,
        "interestIncome": 0,
        "interestExpense": 1451000,
        "depreciationAndAmortization": 3821000,
        "ebitda": 6677000,
        "ebitdaratio": 0.0810138562,
        "operatingIncome": 7354000,
        "operatingIncomeRatio": 0.0892280812,
        "totalOtherIncomeExpensesNet": -1389000,
        "incomeBeforeTax": 5965000,
        "incomeBeforeTaxRatio": 0.0723749666,
        "incomeTaxExpense": -2280000,
        "netIncome": 3685000,
        "netIncomeRatio": 0.0447111068,
        "eps": 0.16,
        "epsdiluted": 0.16,
        "weightedAverageShsOut": 23141929,
        "weightedAverageShsOutDil": 23141929,
        "link": "https://www.sec.gov/Archives/edgar/data/909954/000119312507176983/0001193125-07-176983-index.html",
        "finalLink": "https://www.sec.gov/Archives/edgar/data/909954/000119312507176983/d10q.htm"
    },
    {
        "date": "2007-03-31",
        "symbol": "GMCR",
        "reportedCurrency": "USD",
        "cik": "0000909954",
        "fillingDate": "2007-05-10",
        "acceptedDate": "2007-05-10 09:30:27",
        "calendarYear": "2007",
        "period": "Q2",
        "revenue": 102351000,
        "costOfRevenue": 60476000,
        "grossProfit": 41875000,
        "grossProfitRatio": 0.4091313226,
        "researchAndDevelopmentExpenses": 0,
        "generalAndAdministrativeExpenses": -13600000,
        "sellingAndMarketingExpenses": 23879000,
        "sellingGeneralAndAdministrativeExpenses": 10279000,
        "otherExpenses": 13600000,
        "operatingExpenses": 23879000,
        "costAndExpenses": 84355000,
        "interestIncome": 0,
        "interestExpense": 3340000,
        "depreciationAndAmortization": 5107000,
        "ebitda": 9282000,
        "ebitdaratio": 0.0906879268,
        "operatingIncome": 7717000,
        "operatingIncomeRatio": 0.075397407,
        "totalOtherIncomeExpensesNet": -3336000,
        "incomeBeforeTax": 4381000,
        "incomeBeforeTaxRatio": 0.0428036854,
        "incomeTaxExpense": -1772000,
        "netIncome": 2607000,
        "netIncomeRatio": 0.0254711727,
        "eps": 0.34,
        "epsdiluted": 0.34,
        "weightedAverageShsOut": 7689502,
        "weightedAverageShsOutDil": 7689502,
        "link": "https://www.sec.gov/Archives/edgar/data/909954/000119312507109390/0001193125-07-109390-index.html",
        "finalLink": "https://www.sec.gov/Archives/edgar/data/909954/000119312507109390/d10q.htm"
    },
    {
        "date": "2006-12-30",
        "symbol": "GMCR",
        "reportedCurrency": "USD",
        "cik": "0000909954",
        "fillingDate": "2007-02-08",
        "acceptedDate": "2007-02-08 11:44:50",
        "calendarYear": "2007",
        "period": "Q1",
        "revenue": 63867000,
        "costOfRevenue": 41573000,
        "grossProfit": 22294000,
        "grossProfitRatio": 0.3490691593,
        "researchAndDevelopmentExpenses": 0,
        "generalAndAdministrativeExpenses": -9525000,
        "sellingAndMarketingExpenses": 13328000,
        "sellingGeneralAndAdministrativeExpenses": 3803000,
        "otherExpenses": 9525000,
        "operatingExpenses": 13328000,
        "costAndExpenses": 54901000,
        "interestIncome": 0,
        "interestExpense": 84000,
        "depreciationAndAmortization": -5762000,
        "ebitda": -4870000,
        "ebitdaratio": -0.0762522116,
        "operatingIncome": 5163000,
        "operatingIncomeRatio": 0.0808398704,
        "totalOtherIncomeExpensesNet": -13000,
        "incomeBeforeTax": 5150000,
        "incomeBeforeTaxRatio": 0.0806363224,
        "incomeTaxExpense": -2172000,
        "netIncome": 2980000,
        "netIncomeRatio": 0.0466594642,
        "eps": 0.4,
        "epsdiluted": 0.4,
        "weightedAverageShsOut": 7475844,
        "weightedAverageShsOutDil": 7475844,
        "link": "https://www.sec.gov/Archives/edgar/data/909954/000119312507023737/0001193125-07-023737-index.htm",
        "finalLink": "https://www.sec.gov/Archives/edgar/data/909954/000119312507023737/d10q.htm"
    },
    {
        "date": "2006-09-30",
        "symbol": "GMCR",
        "reportedCurrency": "USD",
        "cik": "0000909954",
        "fillingDate": "2006-12-14",
        "acceptedDate": "2006-12-14 13:37:10",
        "calendarYear": "2006",
        "period": "Q4",
        "revenue": 177521000,
        "costOfRevenue": 113230000,
        "grossProfit": 64291000,
        "grossProfitRatio": 0.3621599698,
        "researchAndDevelopmentExpenses": 0,
        "generalAndAdministrativeExpenses": -24420000,
        "sellingAndMarketingExpenses": 37590000,
        "sellingGeneralAndAdministrativeExpenses": 13170000,
        "otherExpenses": 24420000,
        "operatingExpenses": 37590000,
        "costAndExpenses": 150820000,
        "interestIncome": 0,
        "interestExpense": 1939000,
        "depreciationAndAmortization": 1971000,
        "ebitda": -2962000,
        "ebitdaratio": -0.0166853499,
        "operatingIncome": 13531000,
        "operatingIncomeRatio": 0.0762219681,
        "totalOtherIncomeExpensesNet": -1791000,
        "incomeBeforeTax": 11740000,
        "incomeBeforeTaxRatio": 0.0661330209,
        "incomeTaxExpense": -4918000,
        "netIncome": -1954000,
        "netIncomeRatio": -0.0110071485,
        "eps": -0.26,
        "epsdiluted": -0.26,
        "weightedAverageShsOut": 7505567,
        "weightedAverageShsOutDil": 7505567,
        "link": "https://www.sec.gov/Archives/edgar/data/909954/000119312506253184/0001193125-06-253184-index.htm",
        "finalLink": "https://www.sec.gov/Archives/edgar/data/909954/000119312506253184/d10k.htm"
    },
    {
        "date": "2006-07-01",
        "symbol": "GMCR",
        "reportedCurrency": "USD",
        "cik": "0000909954",
        "fillingDate": "2006-08-10",
        "acceptedDate": "2006-08-10 13:56:28",
        "calendarYear": "2006",
        "period": "Q3",
        "revenue": 1023000,
        "costOfRevenue": 126000,
        "grossProfit": 897000,
        "grossProfitRatio": 0.8768328446,
        "researchAndDevelopmentExpenses": 0,
        "generalAndAdministrativeExpenses": 1649000,
        "sellingAndMarketingExpenses": -694000,
        "sellingGeneralAndAdministrativeExpenses": 955000,
        "otherExpenses": -1649000,
        "operatingExpenses": -694000,
        "costAndExpenses": 387000,
        "interestIncome": 0,
        "interestExpense": 283000,
        "depreciationAndAmortization": 2042000,
        "ebitda": 2274000,
        "ebitdaratio": 2.2228739003,
        "operatingIncome": 636000,
        "operatingIncomeRatio": 0.6217008798,
        "totalOtherIncomeExpensesNet": -330000,
        "incomeBeforeTax": 306000,
        "incomeBeforeTaxRatio": 0.2991202346,
        "incomeTaxExpense": -32000,
        "netIncome": -19000,
        "netIncomeRatio": -0.018572825,
        "eps": -0.0025,
        "epsdiluted": -0.0025,
        "weightedAverageShsOut": 7517337,
        "weightedAverageShsOutDil": 7517337,
        "link": "https://www.sec.gov/Archives/edgar/data/909954/000090995406000035/0000909954-06-000035-index.htm",
        "finalLink": "https://www.sec.gov/Archives/edgar/data/909954/000090995406000035/q3fy06_10q.htm"
    },
    {
        "date": "2006-04-08",
        "symbol": "GMCR",
        "reportedCurrency": "USD",
        "cik": "0000909954",
        "fillingDate": "2006-05-18",
        "acceptedDate": "2006-05-18 14:56:53",
        "calendarYear": "2006",
        "period": "Q2",
        "revenue": 46779000,
        "costOfRevenue": 29933000,
        "grossProfit": 16846000,
        "grossProfitRatio": 0.3601188568,
        "researchAndDevelopmentExpenses": 0,
        "generalAndAdministrativeExpenses": -6925000,
        "sellingAndMarketingExpenses": 9912000,
        "sellingGeneralAndAdministrativeExpenses": 2987000,
        "otherExpenses": 6925000,
        "operatingExpenses": 9912000,
        "costAndExpenses": 39845000,
        "interestIncome": 0,
        "interestExpense": 39000,
        "depreciationAndAmortization": 1749000,
        "ebitda": 2063000,
        "ebitdaratio": 0.0441009855,
        "operatingIncome": 3947000,
        "operatingIncomeRatio": 0.0843754676,
        "totalOtherIncomeExpensesNet": 62000,
        "incomeBeforeTax": 4009000,
        "incomeBeforeTaxRatio": 0.0857008487,
        "incomeTaxExpense": -1699000,
        "netIncome": 1974000,
        "netIncomeRatio": 0.0421984224,
        "eps": 0.26,
        "epsdiluted": 0.26,
        "weightedAverageShsOut": 7492301,
        "weightedAverageShsOutDil": 7492301,
        "link": "https://www.sec.gov/Archives/edgar/data/909954/000090995406000023/0000909954-06-000023-index.htm",
        "finalLink": "https://www.sec.gov/Archives/edgar/data/909954/000090995406000023/secondquarterfy200610q.htm"
    },
    {
        "date": "2006-01-14",
        "symbol": "GMCR",
        "reportedCurrency": "USD",
        "cik": "0000909954",
        "fillingDate": "2006-02-23",
        "acceptedDate": "2006-02-23 14:18:47",
        "calendarYear": "2006",
        "period": "Q1",
        "revenue": 63867000,
        "costOfRevenue": 41573000,
        "grossProfit": 22294000,
        "grossProfitRatio": 0.3490691593,
        "researchAndDevelopmentExpenses": 0,
        "generalAndAdministrativeExpenses": -9525000,
        "sellingAndMarketingExpenses": 13328000,
        "sellingGeneralAndAdministrativeExpenses": 3803000,
        "otherExpenses": 9525000,
        "operatingExpenses": 13328000,
        "costAndExpenses": 54901000,
        "interestIncome": 0,
        "interestExpense": 84000,
        "depreciationAndAmortization": -3904000,
        "ebitda": -3012000,
        "ebitdaratio": -0.0471605054,
        "operatingIncome": 5163000,
        "operatingIncomeRatio": 0.0808398704,
        "totalOtherIncomeExpensesNet": -13000,
        "incomeBeforeTax": 5150000,
        "incomeBeforeTaxRatio": 0.0806363224,
        "incomeTaxExpense": -2172000,
        "netIncome": 2980000,
        "netIncomeRatio": 0.0466594642,
        "eps": 0.4,
        "epsdiluted": 0.4,
        "weightedAverageShsOut": 7475844,
        "weightedAverageShsOutDil": 7475844,
        "link": "https://www.sec.gov/Archives/edgar/data/909954/000090995406000006/0000909954-06-000006-index.htm",
        "finalLink": "https://www.sec.gov/Archives/edgar/data/909954/000090995406000006/firstquarter2006_10q.htm"
    },
    {
        "date": "2005-09-24",
        "symbol": "GMCR",
        "reportedCurrency": "USD",
        "cik": "0000909954",
        "fillingDate": "2005-12-08",
        "acceptedDate": "2005-12-08 16:20:21",
        "calendarYear": "2005",
        "period": "Q4",
        "revenue": 161436000,
        "costOfRevenue": 104498000,
        "grossProfit": 56938000,
        "grossProfitRatio": 0.352697044,
        "researchAndDevelopmentExpenses": 0,
        "generalAndAdministrativeExpenses": -21950000,
        "sellingAndMarketingExpenses": 31498000,
        "sellingGeneralAndAdministrativeExpenses": 9548000,
        "otherExpenses": 21950000,
        "operatingExpenses": 31498000,
        "costAndExpenses": 135996000,
        "interestIncome": 0,
        "interestExpense": 498000,
        "depreciationAndAmortization": 6048000,
        "ebitda": 9380000,
        "ebitdaratio": 0.0581035209,
        "operatingIncome": 15894000,
        "operatingIncomeRatio": 0.0984538765,
        "totalOtherIncomeExpensesNet": -335000,
        "incomeBeforeTax": 15559000,
        "incomeBeforeTaxRatio": 0.0963787507,
        "incomeTaxExpense": -6117000,
        "netIncome": 8951000,
        "netIncomeRatio": 0.0554461211,
        "eps": 1.24,
        "epsdiluted": 1.24,
        "weightedAverageShsOut": 7192431,
        "weightedAverageShsOutDil": 7192431,
        "link": "https://www.sec.gov/Archives/edgar/data/909954/000090995405000060/0000909954-05-000060-index.htm",
        "finalLink": "https://www.sec.gov/Archives/edgar/data/909954/000090995405000060/form10k.htm"
    },
    {
        "date": "2005-07-02",
        "symbol": "GMCR",
        "reportedCurrency": "USD",
        "cik": "0000909954",
        "fillingDate": "2005-08-10",
        "acceptedDate": "2005-08-10 09:28:08",
        "calendarYear": "2005",
        "period": "Q3",
        "revenue": 100000,
        "costOfRevenue": 63000,
        "grossProfit": 37000,
        "grossProfitRatio": 0.37,
        "researchAndDevelopmentExpenses": 0,
        "generalAndAdministrativeExpenses": -13000,
        "sellingAndMarketingExpenses": 19000,
        "sellingGeneralAndAdministrativeExpenses": 6000,
        "otherExpenses": 13000,
        "operatingExpenses": 19000,
        "costAndExpenses": 82000,
        "interestIncome": 0,
        "interestExpense": 0,
        "depreciationAndAmortization": -3142000,
        "ebitda": -3141000,
        "ebitdaratio": -31.41,
        "operatingIncome": 10000,
        "operatingIncomeRatio": 0.1,
        "totalOtherIncomeExpensesNet": 0,
        "incomeBeforeTax": 10000,
        "incomeBeforeTaxRatio": 0.1,
        "incomeTaxExpense": -4000,
        "netIncome": 5000,
        "netIncomeRatio": 0.05,
        "eps": 0.0007,
        "epsdiluted": 0.0007,
        "weightedAverageShsOut": 7129608,
        "weightedAverageShsOutDil": 7129608,
        "link": "https://www.sec.gov/Archives/edgar/data/909954/000090995405000036/0000909954-05-000036-index.htm",
        "finalLink": "https://www.sec.gov/Archives/edgar/data/909954/000090995405000036/thirdq2005_10q.htm"
    },
    {
        "date": "2005-04-09",
        "symbol": "GMCR",
        "reportedCurrency": "USD",
        "cik": "0000909954",
        "fillingDate": "2005-05-19",
        "acceptedDate": "2005-05-19 09:47:36",
        "calendarYear": "2005",
        "period": "Q2",
        "revenue": 36993000,
        "costOfRevenue": 24050000,
        "grossProfit": 12943000,
        "grossProfitRatio": 0.3498770038,
        "researchAndDevelopmentExpenses": 0,
        "generalAndAdministrativeExpenses": -4869000,
        "sellingAndMarketingExpenses": 7212000,
        "sellingGeneralAndAdministrativeExpenses": 2343000,
        "otherExpenses": 4869000,
        "operatingExpenses": 7212000,
        "costAndExpenses": 31262000,
        "interestIncome": 0,
        "interestExpense": 147000,
        "depreciationAndAmortization": 1364000,
        "ebitda": 2227000,
        "ebitdaratio": 0.0602005785,
        "operatingIncome": 3388000,
        "operatingIncomeRatio": 0.0915848944,
        "totalOtherIncomeExpensesNet": -261000,
        "incomeBeforeTax": 3127000,
        "incomeBeforeTaxRatio": 0.0845295056,
        "incomeTaxExpense": -1244000,
        "netIncome": 1960000,
        "netIncomeRatio": 0.0529829968,
        "eps": 0.27,
        "epsdiluted": 0.27,
        "weightedAverageShsOut": 7129608,
        "weightedAverageShsOutDil": 7129608,
        "link": "https://www.sec.gov/Archives/edgar/data/909954/000090995405000026/0000909954-05-000026-index.htm",
        "finalLink": "https://www.sec.gov/Archives/edgar/data/909954/000090995405000026/secondq_10q.htm"
    },
    {
        "date": "2005-01-15",
        "symbol": "GMCR",
        "reportedCurrency": "USD",
        "cik": "0000909954",
        "fillingDate": "2005-02-24",
        "acceptedDate": "2005-02-24 15:38:24",
        "calendarYear": "2005",
        "period": "Q1",
        "revenue": 50357000,
        "costOfRevenue": 32534000,
        "grossProfit": 17823000,
        "grossProfitRatio": 0.353932919,
        "researchAndDevelopmentExpenses": 0,
        "generalAndAdministrativeExpenses": -7256000,
        "sellingAndMarketingExpenses": 10101000,
        "sellingGeneralAndAdministrativeExpenses": 2845000,
        "otherExpenses": 7256000,
        "operatingExpenses": 10101000,
        "costAndExpenses": 42635000,
        "interestIncome": 0,
        "interestExpense": 231000,
        "depreciationAndAmortization": -2896000,
        "ebitda": -2194000,
        "ebitdaratio": -0.0435689179,
        "operatingIncome": 4877000,
        "operatingIncomeRatio": 0.0968485017,
        "totalOtherIncomeExpensesNet": -67000,
        "incomeBeforeTax": 4810000,
        "incomeBeforeTaxRatio": 0.0955180015,
        "incomeTaxExpense": -1935000,
        "netIncome": 2406000,
        "netIncomeRatio": 0.0477788589,
        "eps": 0.34,
        "epsdiluted": 0.34,
        "weightedAverageShsOut": 7101989,
        "weightedAverageShsOutDil": 7101989,
        "link": "https://www.sec.gov/Archives/edgar/data/909954/000090995405000010/0000909954-05-000010-index.htm",
        "finalLink": "https://www.sec.gov/Archives/edgar/data/909954/000090995405000010/firstquarter2005_10q.htm"
    },
    {
        "date": "2004-09-25",
        "symbol": "GMCR",
        "reportedCurrency": "USD",
        "cik": "0000909954",
        "fillingDate": "2004-12-09",
        "acceptedDate": "2004-12-09 09:36:25",
        "calendarYear": "2004",
        "period": "Q4",
        "revenue": 106097000,
        "costOfRevenue": 64680000,
        "grossProfit": 41417000,
        "grossProfitRatio": 0.3903691905,
        "researchAndDevelopmentExpenses": 0,
        "generalAndAdministrativeExpenses": -15589000,
        "sellingAndMarketingExpenses": 22763000,
        "sellingGeneralAndAdministrativeExpenses": 7174000,
        "otherExpenses": 15589000,
        "operatingExpenses": 22763000,
        "costAndExpenses": 87443000,
        "interestIncome": 0,
        "interestExpense": 237000,
        "depreciationAndAmortization": 1154000,
        "ebitda": 2825000,
        "ebitdaratio": 0.0266265776,
        "operatingIncome": 11480000,
        "operatingIncomeRatio": 0.108202871,
        "totalOtherIncomeExpensesNet": -193000,
        "incomeBeforeTax": 11287000,
        "incomeBeforeTaxRatio": 0.1063837809,
        "incomeTaxExpense": -4485000,
        "netIncome": 5919000,
        "netIncomeRatio": 0.0557885708,
        "eps": 0.85,
        "epsdiluted": 0.85,
        "weightedAverageShsOut": 7004605,
        "weightedAverageShsOutDil": 7004605,
        "link": "https://www.sec.gov/Archives/edgar/data/909954/000090995404000064/0000909954-04-000064-index.htm",
        "finalLink": "https://www.sec.gov/Archives/edgar/data/909954/000090995404000064/form10k.htm"
    },
    {
        "date": "2004-07-03",
        "symbol": "GMCR",
        "reportedCurrency": "USD",
        "cik": "0000909954",
        "fillingDate": "2004-08-12",
        "acceptedDate": "2004-08-12 15:21:50",
        "calendarYear": "2004",
        "period": "Q3",
        "revenue": 289000,
        "costOfRevenue": 432000,
        "grossProfit": -143000,
        "grossProfitRatio": -0.4948096886,
        "researchAndDevelopmentExpenses": 0,
        "generalAndAdministrativeExpenses": 35000,
        "sellingAndMarketingExpenses": -92000,
        "sellingGeneralAndAdministrativeExpenses": -57000,
        "otherExpenses": -35000,
        "operatingExpenses": -92000,
        "costAndExpenses": -581000,
        "interestIncome": 0,
        "interestExpense": 7000,
        "depreciationAndAmortization": 1089000,
        "ebitda": 1363000,
        "ebitdaratio": 4.7162629758,
        "operatingIncome": 870000,
        "operatingIncomeRatio": 3.0103806228,
        "totalOtherIncomeExpensesNet": 11000,
        "incomeBeforeTax": 881000,
        "incomeBeforeTaxRatio": 3.0484429066,
        "incomeTaxExpense": -324000,
        "netIncome": 591000,
        "netIncomeRatio": 2.044982699,
        "eps": 0.0842,
        "epsdiluted": 0.0842,
        "weightedAverageShsOut": 7018956,
        "weightedAverageShsOutDil": 7018956,
        "link": "https://www.sec.gov/Archives/edgar/data/909954/000090995404000049/0000909954-04-000049-index.htm",
        "finalLink": "https://www.sec.gov/Archives/edgar/data/909954/000090995404000049/thirdquarter2004q.htm"
    },
    {
        "date": "2004-04-10",
        "symbol": "GMCR",
        "reportedCurrency": "USD",
        "cik": "0000909954",
        "fillingDate": "2004-05-25",
        "acceptedDate": "2004-05-25 11:19:21",
        "calendarYear": "2004",
        "period": "Q2",
        "revenue": 31058000,
        "costOfRevenue": 19112000,
        "grossProfit": 11946000,
        "grossProfitRatio": 0.3846351987,
        "researchAndDevelopmentExpenses": 0,
        "generalAndAdministrativeExpenses": -4691000,
        "sellingAndMarketingExpenses": 7067000,
        "sellingGeneralAndAdministrativeExpenses": 2376000,
        "otherExpenses": 4691000,
        "operatingExpenses": 7067000,
        "costAndExpenses": 26179000,
        "interestIncome": 0,
        "interestExpense": 38000,
        "depreciationAndAmortization": 1063000,
        "ebitda": 1494000,
        "ebitdaratio": 0.0481035482,
        "operatingIncome": 2503000,
        "operatingIncomeRatio": 0.080591152,
        "totalOtherIncomeExpensesNet": -39000,
        "incomeBeforeTax": 2464000,
        "incomeBeforeTaxRatio": 0.0793354369,
        "incomeTaxExpense": -922000,
        "netIncome": 1315000,
        "netIncomeRatio": 0.0423401378,
        "eps": 0.19,
        "epsdiluted": 0.19,
        "weightedAverageShsOut": 6998968,
        "weightedAverageShsOutDil": 6998968,
        "link": "https://www.sec.gov/Archives/edgar/data/909954/000090995404000029/0000909954-04-000029-index.htm",
        "finalLink": "https://www.sec.gov/Archives/edgar/data/909954/000090995404000029/secondq2004.htm"
    },
    {
        "date": "2004-01-17",
        "symbol": "GMCR",
        "reportedCurrency": "USD",
        "cik": "0000909954",
        "fillingDate": "2004-03-02",
        "acceptedDate": "2004-03-02 14:13:25",
        "calendarYear": "2004",
        "period": "Q1",
        "revenue": 43285000,
        "costOfRevenue": 26008000,
        "grossProfit": 17277000,
        "grossProfitRatio": 0.3991452004,
        "researchAndDevelopmentExpenses": 0,
        "generalAndAdministrativeExpenses": -6720000,
        "sellingAndMarketingExpenses": 9430000,
        "sellingGeneralAndAdministrativeExpenses": 2710000,
        "otherExpenses": 6720000,
        "operatingExpenses": 9430000,
        "costAndExpenses": 35438000,
        "interestIncome": 0,
        "interestExpense": 107000,
        "depreciationAndAmortization": -3480000,
        "ebitda": -2895000,
        "ebitdaratio": -0.0668822918,
        "operatingIncome": 5137000,
        "operatingIncomeRatio": 0.118678526,
        "totalOtherIncomeExpensesNet": -86000,
        "incomeBeforeTax": 5051000,
        "incomeBeforeTaxRatio": 0.1166916946,
        "incomeTaxExpense": -2121000,
        "netIncome": 2599000,
        "netIncomeRatio": 0.0600438951,
        "eps": 0.37,
        "epsdiluted": 0.37,
        "weightedAverageShsOut": 6978601,
        "weightedAverageShsOutDil": 6978601,
        "link": "https://www.sec.gov/Archives/edgar/data/909954/000090995404000008/0000909954-04-000008-index.htm",
        "finalLink": "https://www.sec.gov/Archives/edgar/data/909954/000090995404000008/firstquarter_2004q.htm"
    },
    {
        "date": "2003-09-27",
        "symbol": "GMCR",
        "reportedCurrency": "USD",
        "cik": "0000909954",
        "fillingDate": "2003-12-22",
        "acceptedDate": "2003-12-19 18:42:25",
        "calendarYear": "2003",
        "period": "Q4",
        "revenue": 27505000,
        "costOfRevenue": 17123000,
        "grossProfit": 10382000,
        "grossProfitRatio": 0.3774586439,
        "researchAndDevelopmentExpenses": 0,
        "generalAndAdministrativeExpenses": -4012000,
        "sellingAndMarketingExpenses": 5555000,
        "sellingGeneralAndAdministrativeExpenses": 1543000,
        "otherExpenses": 4012000,
        "operatingExpenses": 5555000,
        "costAndExpenses": 22678000,
        "interestIncome": 0,
        "interestExpense": 93000,
        "depreciationAndAmortization": 1372000,
        "ebitda": 1561000,
        "ebitdaratio": 0.0567533176,
        "operatingIncome": 3284000,
        "operatingIncomeRatio": 0.1193964734,
        "totalOtherIncomeExpensesNet": -151000,
        "incomeBeforeTax": 3133000,
        "incomeBeforeTaxRatio": 0.1139065624,
        "incomeTaxExpense": -1300000,
        "netIncome": 1396000,
        "netIncomeRatio": 0.0507544083,
        "eps": 0.2,
        "epsdiluted": 0.2,
        "weightedAverageShsOut": 6859709,
        "weightedAverageShsOutDil": 6859709,
        "link": "https://www.sec.gov/Archives/edgar/data/909954/000090995403000045/0000909954-03-000045-index.htm",
        "finalLink": "https://www.sec.gov/Archives/edgar/data/909954/000090995403000045/html_10k.htm"
    },
    {
        "date": "2003-07-05",
        "symbol": "GMCR",
        "reportedCurrency": "USD",
        "cik": "0000909954",
        "fillingDate": "2003-08-19",
        "acceptedDate": "2003-08-19 12:28:54",
        "calendarYear": "2003",
        "period": "Q3",
        "revenue": 26344000,
        "costOfRevenue": 14940000,
        "grossProfit": 11404000,
        "grossProfitRatio": 0.4328879441,
        "researchAndDevelopmentExpenses": 0,
        "generalAndAdministrativeExpenses": -4393000,
        "sellingAndMarketingExpenses": 6421000,
        "sellingGeneralAndAdministrativeExpenses": 2028000,
        "otherExpenses": 4393000,
        "operatingExpenses": 6421000,
        "costAndExpenses": 21361000,
        "interestIncome": 0,
        "interestExpense": 125000,
        "depreciationAndAmortization": 1035000,
        "ebitda": 1329000,
        "ebitdaratio": 0.0504479198,
        "operatingIncome": 2955000,
        "operatingIncomeRatio": 0.112169754,
        "totalOtherIncomeExpensesNet": -91000,
        "incomeBeforeTax": 2864000,
        "incomeBeforeTaxRatio": 0.108715457,
        "incomeTaxExpense": -1189000,
        "netIncome": 1358000,
        "netIncomeRatio": 0.0515487398,
        "eps": 0.2,
        "epsdiluted": 0.2,
        "weightedAverageShsOut": 6840287,
        "weightedAverageShsOutDil": 6840287,
        "link": "https://www.sec.gov/Archives/edgar/data/909954/000090995403000026/0000909954-03-000026-index.htm",
        "finalLink": "https://www.sec.gov/Archives/edgar/data/909954/000090995403000026/thirdquarter03_10q.htm"
    },
    {
        "date": "2003-04-13",
        "symbol": "GMCR",
        "reportedCurrency": "USD",
        "cik": "0000909954",
        "fillingDate": "2003-05-23",
        "acceptedDate": "2003-05-23 13:42:07",
        "calendarYear": "2003",
        "period": "Q2",
        "revenue": 26311000,
        "costOfRevenue": 14998000,
        "grossProfit": 11313000,
        "grossProfitRatio": 0.429972255,
        "researchAndDevelopmentExpenses": 0,
        "generalAndAdministrativeExpenses": -4458000,
        "sellingAndMarketingExpenses": 6563000,
        "sellingGeneralAndAdministrativeExpenses": 2105000,
        "otherExpenses": 4458000,
        "operatingExpenses": 6563000,
        "costAndExpenses": 21561000,
        "interestIncome": 0,
        "interestExpense": 126000,
        "depreciationAndAmortization": 1056000,
        "ebitda": 1325000,
        "ebitdaratio": 0.0503591654,
        "operatingIncome": 2645000,
        "operatingIncomeRatio": 0.1005282961,
        "totalOtherIncomeExpensesNet": -103000,
        "incomeBeforeTax": 2542000,
        "incomeBeforeTaxRatio": 0.0966135837,
        "incomeTaxExpense": -1055000,
        "netIncome": 1198000,
        "netIncomeRatio": 0.0455322869,
        "eps": 0.18,
        "epsdiluted": 0.18,
        "weightedAverageShsOut": 6809257,
        "weightedAverageShsOutDil": 6809257,
        "link": "https://www.sec.gov/Archives/edgar/data/909954/000090995403000014/0000909954-03-000014-index.htm",
        "finalLink": "https://www.sec.gov/Archives/edgar/data/909954/000090995403000014/secondquarter2003_10q.htm"
    },
    {
        "date": "2003-01-18",
        "symbol": "GMCR",
        "reportedCurrency": "USD",
        "cik": "0000909954",
        "fillingDate": "2003-03-04",
        "acceptedDate": "2003-03-04 12:48:57",
        "calendarYear": "2003",
        "period": "Q1",
        "revenue": 36567000,
        "costOfRevenue": 20655000,
        "grossProfit": 15912000,
        "grossProfitRatio": 0.4351464435,
        "researchAndDevelopmentExpenses": 0,
        "generalAndAdministrativeExpenses": -6545000,
        "sellingAndMarketingExpenses": 9110000,
        "sellingGeneralAndAdministrativeExpenses": 2565000,
        "otherExpenses": 6545000,
        "operatingExpenses": 9110000,
        "costAndExpenses": 29765000,
        "interestIncome": 0,
        "interestExpense": 195000,
        "depreciationAndAmortization": -2696000,
        "ebitda": -1888000,
        "ebitdaratio": -0.0516312522,
        "operatingIncome": 4237000,
        "operatingIncomeRatio": 0.1158694998,
        "totalOtherIncomeExpensesNet": -138000,
        "incomeBeforeTax": 4099000,
        "incomeBeforeTaxRatio": 0.1120956053,
        "incomeTaxExpense": -1701000,
        "netIncome": 2314000,
        "netIncomeRatio": 0.0632811004,
        "eps": 0.34,
        "epsdiluted": 0.34,
        "weightedAverageShsOut": 6798204,
        "weightedAverageShsOutDil": 6798204,
        "link": "https://www.sec.gov/Archives/edgar/data/909954/000090995403000006/0000909954-03-000006-index.htm",
        "finalLink": "https://www.sec.gov/Archives/edgar/data/909954/000090995403000006/firstqfy200310q.htm"
    },
    {
        "date": "2002-09-28",
        "symbol": "GMCR",
        "reportedCurrency": "USD",
        "cik": "0000909954",
        "fillingDate": "2002-12-24",
        "acceptedDate": "2002-12-24 12:17:52",
        "calendarYear": "2002",
        "period": "Q4",
        "revenue": 77011000,
        "costOfRevenue": 43564000,
        "grossProfit": 33447000,
        "grossProfitRatio": 0.4343145784,
        "researchAndDevelopmentExpenses": 0,
        "generalAndAdministrativeExpenses": -13969000,
        "sellingAndMarketingExpenses": 19607000,
        "sellingGeneralAndAdministrativeExpenses": 5638000,
        "otherExpenses": 13969000,
        "operatingExpenses": 19607000,
        "costAndExpenses": 63171000,
        "interestIncome": 0,
        "interestExpense": 188000,
        "depreciationAndAmortization": 1005000,
        "ebitda": 2461000,
        "ebitdaratio": 0.0319564738,
        "operatingIncome": 8202000,
        "operatingIncomeRatio": 0.1065042656,
        "totalOtherIncomeExpensesNet": -171000,
        "incomeBeforeTax": 8031000,
        "incomeBeforeTaxRatio": 0.1042838036,
        "incomeTaxExpense": -3261000,
        "netIncome": 4529000,
        "netIncomeRatio": 0.0588097804,
        "eps": 0.68,
        "epsdiluted": 0.68,
        "weightedAverageShsOut": 6677394,
        "weightedAverageShsOutDil": 6677394,
        "link": "https://www.sec.gov/Archives/edgar/data/909954/000090995402000015/0000909954-02-000015-index.htm",
        "finalLink": "https://www.sec.gov/Archives/edgar/data/909954/000090995402000015/form10k.htm"
    },
    {
        "date": "2002-07-06",
        "symbol": "GMCR",
        "reportedCurrency": "USD",
        "cik": "0000909954",
        "fillingDate": "2002-08-20",
        "acceptedDate": "2002-08-20 14:27:13",
        "calendarYear": "2002",
        "period": "Q3",
        "revenue": 22989000,
        "costOfRevenue": 13221000,
        "grossProfit": 9768000,
        "grossProfitRatio": 0.4248988647,
        "researchAndDevelopmentExpenses": 0,
        "generalAndAdministrativeExpenses": -3586000,
        "sellingAndMarketingExpenses": 5438000,
        "sellingGeneralAndAdministrativeExpenses": 1852000,
        "otherExpenses": 3586000,
        "operatingExpenses": 5438000,
        "costAndExpenses": 18659000,
        "interestIncome": 0,
        "interestExpense": 92000,
        "depreciationAndAmortization": 954000,
        "ebitda": 1610000,
        "ebitdaratio": 0.0700334943,
        "operatingIncome": 2478000,
        "operatingIncomeRatio": 0.1077906825,
        "totalOtherIncomeExpensesNet": -139000,
        "incomeBeforeTax": 2339000,
        "incomeBeforeTaxRatio": 0.1017443125,
        "incomeTaxExpense": -877000,
        "netIncome": 1441000,
        "netIncomeRatio": 0.0626821523,
        "eps": 0.22,
        "epsdiluted": 0.22,
        "weightedAverageShsOut": 6700782,
        "weightedAverageShsOutDil": 6700782,
        "link": "https://www.sec.gov/Archives/edgar/data/909954/000090995402000011/0000909954-02-000011-index.htm",
        "finalLink": "https://www.sec.gov/Archives/edgar/data/909954/000090995402000011/thirdqfy200210q.htm"
    },
    {
        "date": "2002-04-13",
        "symbol": "GMCR",
        "reportedCurrency": "USD",
        "cik": "0000909954",
        "fillingDate": "2002-05-29",
        "acceptedDate": "2002-05-28 17:37:49",
        "calendarYear": "2002",
        "period": "Q2",
        "revenue": 23013000,
        "costOfRevenue": 13074000,
        "grossProfit": 9939000,
        "grossProfitRatio": 0.4318863251,
        "researchAndDevelopmentExpenses": 0,
        "generalAndAdministrativeExpenses": -3984000,
        "sellingAndMarketingExpenses": 5820000,
        "sellingGeneralAndAdministrativeExpenses": 1836000,
        "otherExpenses": 3984000,
        "operatingExpenses": 5820000,
        "costAndExpenses": 18894000,
        "interestIncome": 0,
        "interestExpense": 18000,
        "depreciationAndAmortization": 919000,
        "ebitda": 1320000,
        "ebitdaratio": 0.0573588841,
        "operatingIncome": 2283000,
        "operatingIncomeRatio": 0.0992047973,
        "totalOtherIncomeExpensesNet": -14000,
        "incomeBeforeTax": 2269000,
        "incomeBeforeTaxRatio": 0.0985964455,
        "incomeTaxExpense": -943000,
        "netIncome": 1326000,
        "netIncomeRatio": 0.0576196063,
        "eps": 0.2,
        "epsdiluted": 0.2,
        "weightedAverageShsOut": 6673261,
        "weightedAverageShsOutDil": 6673261,
        "link": "https://www.sec.gov/Archives/edgar/data/909954/000090995402000009/0000909954-02-000009-index.htm",
        "finalLink": "https://www.sec.gov/Archives/edgar/data/909954/000090995402000009/secondquarter_fy2002q.htm"
    },
    {
        "date": "2002-01-19",
        "symbol": "GMCR",
        "reportedCurrency": "USD",
        "cik": "0000909954",
        "fillingDate": "2002-03-04",
        "acceptedDate": "2002-03-04 00:00:00",
        "calendarYear": "2002",
        "period": "Q1",
        "revenue": 32357000,
        "costOfRevenue": 17892000,
        "grossProfit": 14465000,
        "grossProfitRatio": 0.4470439163,
        "researchAndDevelopmentExpenses": 0,
        "generalAndAdministrativeExpenses": -6403000,
        "sellingAndMarketingExpenses": 8503000,
        "sellingGeneralAndAdministrativeExpenses": 2100000,
        "otherExpenses": 6403000,
        "operatingExpenses": 8503000,
        "costAndExpenses": 26395000,
        "interestIncome": 0,
        "interestExpense": 77000,
        "depreciationAndAmortization": -2470000,
        "ebitda": -1675000,
        "ebitdaratio": -0.051766233,
        "operatingIncome": 3862000,
        "operatingIncomeRatio": 0.1193559353,
        "totalOtherIncomeExpensesNet": -88000,
        "incomeBeforeTax": 3774000,
        "incomeBeforeTaxRatio": 0.1166362765,
        "incomeTaxExpense": -1528000,
        "netIncome": 2246000,
        "netIncomeRatio": 0.06941311,
        "eps": 0.34,
        "epsdiluted": 0.34,
        "weightedAverageShsOut": 6634397,
        "weightedAverageShsOutDil": 6634397,
        "link": "https://www.sec.gov/Archives/edgar/data/909954/000090995402000006/0000909954-02-000006-index.htm",
        "finalLink": "https://www.sec.gov/Archives/edgar/data/909954/000090995402000006/firstquarter_fy2002q.htm"
    },
    {
        "date": "2001-09-29",
        "symbol": "GMCR",
        "reportedCurrency": "USD",
        "cik": "0000909954",
        "fillingDate": "2001-12-24",
        "acceptedDate": "2001-12-24 00:00:00",
        "calendarYear": "2001",
        "period": "Q4",
        "revenue": 20483000,
        "costOfRevenue": 11239000,
        "grossProfit": 9244000,
        "grossProfitRatio": 0.4513010789,
        "researchAndDevelopmentExpenses": 0,
        "generalAndAdministrativeExpenses": -3571000,
        "sellingAndMarketingExpenses": 5225000,
        "sellingGeneralAndAdministrativeExpenses": 1654000,
        "otherExpenses": 3571000,
        "operatingExpenses": 5225000,
        "costAndExpenses": 16464000,
        "interestIncome": 0,
        "interestExpense": 93000,
        "depreciationAndAmortization": 917000,
        "ebitda": 1667000,
        "ebitdaratio": 0.0813845628,
        "operatingIncome": 2365000,
        "operatingIncomeRatio": 0.1154616023,
        "totalOtherIncomeExpensesNet": -90000,
        "incomeBeforeTax": 2275000,
        "incomeBeforeTaxRatio": 0.1110677147,
        "incomeTaxExpense": -868000,
        "netIncome": 1525000,
        "netIncomeRatio": 0.0744519846,
        "eps": 0.24,
        "epsdiluted": 0.24,
        "weightedAverageShsOut": 6398577,
        "weightedAverageShsOutDil": 6398577,
        "link": "https://www.sec.gov/Archives/edgar/data/909954/000090995401500013/0000909954-01-500013-index.html",
        "finalLink": "https://www.sec.gov/Archives/edgar/data/909954/000090995401500013/completefiling.htm"
    },
    {
        "date": "2001-07-07",
        "symbol": "GMCR",
        "reportedCurrency": "USD",
        "cik": "0000909954",
        "fillingDate": "2001-08-20",
        "acceptedDate": "2001-08-20 00:00:00",
        "calendarYear": "2001",
        "period": "Q3",
        "revenue": 52352000,
        "costOfRevenue": 30414000,
        "grossProfit": 21938000,
        "grossProfitRatio": 0.4190479829,
        "researchAndDevelopmentExpenses": 0,
        "generalAndAdministrativeExpenses": -9191000,
        "sellingAndMarketingExpenses": 12788000,
        "sellingGeneralAndAdministrativeExpenses": 3597000,
        "otherExpenses": 9191000,
        "operatingExpenses": 12788000,
        "costAndExpenses": 43202000,
        "interestIncome": 0,
        "interestExpense": 294000,
        "depreciationAndAmortization": 864000,
        "ebitda": 2201000,
        "ebitdaratio": 0.0420423289,
        "operatingIncome": 5553000,
        "operatingIncomeRatio": 0.1060704462,
        "totalOtherIncomeExpensesNet": -272000,
        "incomeBeforeTax": 5281000,
        "incomeBeforeTaxRatio": 0.1008748472,
        "incomeTaxExpense": -2119000,
        "netIncome": 3162000,
        "netIncomeRatio": 0.0603988386,
        "eps": 0.5,
        "epsdiluted": 0.5,
        "weightedAverageShsOut": 6352628,
        "weightedAverageShsOutDil": 6352628,
        "link": "https://www.sec.gov/Archives/edgar/data/909954/000090995401500006/0000909954-01-500006-index.html",
        "finalLink": "https://www.sec.gov/Archives/edgar/data/909954/000090995401500006/thirdquarter2001q.htm"
    }
]