[
    {
        "date": "2025-08-02",
        "symbol": "GME",
        "reportedCurrency": "USD",
        "cik": "0001326380",
        "fillingDate": "2025-09-09",
        "acceptedDate": "2025-09-09 16:26:48",
        "calendarYear": "2025",
        "period": "Q2",
        "revenue": 972200000,
        "costOfRevenue": 689100000,
        "grossProfit": 283100000,
        "grossProfitRatio": 0.2911952273,
        "researchAndDevelopmentExpenses": 0,
        "generalAndAdministrativeExpenses": 0,
        "sellingAndMarketingExpenses": 0,
        "sellingGeneralAndAdministrativeExpenses": 218800000,
        "otherExpenses": -2100000,
        "operatingExpenses": 216700000,
        "costAndExpenses": 905800000,
        "interestIncome": 0,
        "interestExpense": 0,
        "depreciationAndAmortization": 4700000,
        "ebitda": 69000000,
        "ebitdaratio": 0.0709730508,
        "operatingIncome": 66400000,
        "operatingIncomeRatio": 0.068298704,
        "totalOtherIncomeExpensesNet": 106100000,
        "incomeBeforeTax": 172500000,
        "incomeBeforeTaxRatio": 0.177432627,
        "incomeTaxExpense": 6000000,
        "netIncome": 166500000,
        "netIncomeRatio": 0.1712610574,
        "eps": 0.38,
        "epsdiluted": 0.31,
        "weightedAverageShsOut": 447400000,
        "weightedAverageShsOutDil": 546500000,
        "link": "https://www.sec.gov/Archives/edgar/data/1326380/000132638025000075/0001326380-25-000075-index.htm",
        "finalLink": "https://www.sec.gov/Archives/edgar/data/1326380/000132638025000075/gme-20250802.htm"
    },
    {
        "date": "2025-05-03",
        "symbol": "GME",
        "reportedCurrency": "USD",
        "cik": "0001326380",
        "fillingDate": "2025-06-10",
        "acceptedDate": "2025-06-10 16:04:53",
        "calendarYear": "2025",
        "period": "Q1",
        "revenue": 732400000,
        "costOfRevenue": 479600000,
        "grossProfit": 252800000,
        "grossProfitRatio": 0.3451665756,
        "researchAndDevelopmentExpenses": 0,
        "generalAndAdministrativeExpenses": 0,
        "sellingAndMarketingExpenses": 0,
        "sellingGeneralAndAdministrativeExpenses": 228100000,
        "otherExpenses": 35500000,
        "operatingExpenses": 263600000,
        "costAndExpenses": 743200000,
        "interestIncome": 56900000,
        "interestExpense": 0,
        "depreciationAndAmortization": 5600000,
        "ebitda": 30300000,
        "ebitdaratio": 0.0413708356,
        "operatingIncome": -10800000,
        "operatingIncomeRatio": -0.0147460404,
        "totalOtherIncomeExpensesNet": 59100000,
        "incomeBeforeTax": 48300000,
        "incomeBeforeTaxRatio": 0.0659475696,
        "incomeTaxExpense": 3500000,
        "netIncome": 44800000,
        "netIncomeRatio": 0.0611687602,
        "eps": 0.1,
        "epsdiluted": 0.09,
        "weightedAverageShsOut": 447100000,
        "weightedAverageShsOutDil": 497900000,
        "link": "https://www.sec.gov/Archives/edgar/data/1326380/000132638025000035/0001326380-25-000035-index.htm",
        "finalLink": "https://www.sec.gov/Archives/edgar/data/1326380/000132638025000035/gme-20250503.htm"
    },
    {
        "date": "2025-01-31",
        "symbol": "GME",
        "reportedCurrency": "USD",
        "cik": "0001326380",
        "fillingDate": "2025-03-25",
        "acceptedDate": "2025-03-25 16:18:32",
        "calendarYear": "2024",
        "period": "Q4",
        "revenue": 1282600000,
        "costOfRevenue": 919200000,
        "grossProfit": 363400000,
        "grossProfitRatio": 0.2833307344,
        "researchAndDevelopmentExpenses": 0,
        "generalAndAdministrativeExpenses": 0,
        "sellingAndMarketingExpenses": 0,
        "sellingGeneralAndAdministrativeExpenses": 282500000,
        "otherExpenses": 1100000,
        "operatingExpenses": 283600000,
        "costAndExpenses": 1202800000,
        "interestIncome": 54800000,
        "interestExpense": 0,
        "depreciationAndAmortization": 6000000,
        "ebitda": 86900000,
        "ebitdaratio": 0.0677530017,
        "operatingIncome": 79800000,
        "operatingIncomeRatio": 0.062217371,
        "totalOtherIncomeExpensesNet": 54800000,
        "incomeBeforeTax": 134600000,
        "incomeBeforeTaxRatio": 0.1049430844,
        "incomeTaxExpense": 3300000,
        "netIncome": 131300000,
        "netIncomeRatio": 0.1023701856,
        "eps": 0.29,
        "epsdiluted": 0.29,
        "weightedAverageShsOut": 446900000,
        "weightedAverageShsOutDil": 447700000,
        "link": "https://www.sec.gov/Archives/edgar/data/1326380/000162828025014731/0001628280-25-014731-index.htm",
        "finalLink": "https://www.sec.gov/Archives/edgar/data/1326380/000162828025014731/gme-20250201.htm"
    },
    {
        "date": "2024-11-02",
        "symbol": "GME",
        "reportedCurrency": "USD",
        "cik": "0001326380",
        "fillingDate": "2024-12-10",
        "acceptedDate": "2024-12-10 16:14:04",
        "calendarYear": "2024",
        "period": "Q3",
        "revenue": 860300000,
        "costOfRevenue": 603100000,
        "grossProfit": 257200000,
        "grossProfitRatio": 0.2989654772,
        "researchAndDevelopmentExpenses": 0,
        "generalAndAdministrativeExpenses": 0,
        "sellingAndMarketingExpenses": 0,
        "sellingGeneralAndAdministrativeExpenses": 282000000,
        "otherExpenses": 8600000,
        "operatingExpenses": 290600000,
        "costAndExpenses": 893700000,
        "interestIncome": 54200000,
        "interestExpense": 0,
        "depreciationAndAmortization": 8500000,
        "ebitda": -16300000,
        "ebitdaratio": -0.018946879,
        "operatingIncome": -33400000,
        "operatingIncomeRatio": -0.0388236662,
        "totalOtherIncomeExpensesNet": 54200000,
        "incomeBeforeTax": 20800000,
        "incomeBeforeTaxRatio": 0.0241776125,
        "incomeTaxExpense": 3400000,
        "netIncome": 17400000,
        "netIncomeRatio": 0.0202255027,
        "eps": 0.0398,
        "epsdiluted": 0.0397,
        "weightedAverageShsOut": 437400000,
        "weightedAverageShsOutDil": 437900000,
        "link": "https://www.sec.gov/Archives/edgar/data/1326380/000132638024000170/0001326380-24-000170-index.htm",
        "finalLink": "https://www.sec.gov/Archives/edgar/data/1326380/000132638024000170/gme-20241102.htm"
    },
    {
        "date": "2024-08-03",
        "symbol": "GME",
        "reportedCurrency": "USD",
        "cik": "0001326380",
        "fillingDate": "2024-09-10",
        "acceptedDate": "2024-09-10 16:29:22",
        "calendarYear": "2024",
        "period": "Q2",
        "revenue": 798300000,
        "costOfRevenue": 549500000,
        "grossProfit": 248800000,
        "grossProfitRatio": 0.3116622823,
        "researchAndDevelopmentExpenses": 0,
        "generalAndAdministrativeExpenses": 0,
        "sellingAndMarketingExpenses": 0,
        "sellingGeneralAndAdministrativeExpenses": 270800000,
        "otherExpenses": 0,
        "operatingExpenses": 270800000,
        "costAndExpenses": 820300000,
        "interestIncome": 39500000,
        "interestExpense": 0,
        "depreciationAndAmortization": 7600000,
        "ebitda": -14400000,
        "ebitdaratio": -0.0180383315,
        "operatingIncome": -22000000,
        "operatingIncomeRatio": -0.0275585619,
        "totalOtherIncomeExpensesNet": 39500000,
        "incomeBeforeTax": 17500000,
        "incomeBeforeTaxRatio": 0.0219215834,
        "incomeTaxExpense": 2700000,
        "netIncome": 14800000,
        "netIncomeRatio": 0.0185393962,
        "eps": 0.0383,
        "epsdiluted": 0.0382,
        "weightedAverageShsOut": 386400000,
        "weightedAverageShsOutDil": 387200000,
        "link": "https://www.sec.gov/Archives/edgar/data/1326380/000132638024000109/0001326380-24-000109-index.htm",
        "finalLink": "https://www.sec.gov/Archives/edgar/data/1326380/000132638024000109/gme-20240803.htm"
    },
    {
        "date": "2024-05-04",
        "symbol": "GME",
        "reportedCurrency": "USD",
        "cik": "0001326380",
        "fillingDate": "2024-06-11",
        "acceptedDate": "2024-06-11 16:53:44",
        "calendarYear": "2024",
        "period": "Q1",
        "revenue": 881800000,
        "costOfRevenue": 637300000,
        "grossProfit": 244500000,
        "grossProfitRatio": 0.2772737582,
        "researchAndDevelopmentExpenses": 0,
        "generalAndAdministrativeExpenses": 0,
        "sellingAndMarketingExpenses": 0,
        "sellingGeneralAndAdministrativeExpenses": 295100000,
        "otherExpenses": 0,
        "operatingExpenses": 295100000,
        "costAndExpenses": 932400000,
        "interestIncome": 14900000,
        "interestExpense": 0,
        "depreciationAndAmortization": 16800000,
        "ebitda": -33800000,
        "ebitdaratio": -0.0383306872,
        "operatingIncome": -50600000,
        "operatingIncomeRatio": -0.0573826264,
        "totalOtherIncomeExpensesNet": 14900000,
        "incomeBeforeTax": -35700000,
        "incomeBeforeTaxRatio": -0.0404853708,
        "incomeTaxExpense": -3400000,
        "netIncome": -32300000,
        "netIncomeRatio": -0.0366296212,
        "eps": -0.11,
        "epsdiluted": -0.11,
        "weightedAverageShsOut": 305900000,
        "weightedAverageShsOutDil": 305900000,
        "link": "https://www.sec.gov/Archives/edgar/data/1326380/000132638024000030/0001326380-24-000030-index.htm",
        "finalLink": "https://www.sec.gov/Archives/edgar/data/1326380/000132638024000030/gme-20240504.htm"
    },
    {
        "date": "2024-01-31",
        "symbol": "GME",
        "reportedCurrency": "USD",
        "cik": "0001326380",
        "fillingDate": "2024-03-26",
        "acceptedDate": "2024-03-26 16:12:38",
        "calendarYear": "2023",
        "period": "Q4",
        "revenue": 1793600000,
        "costOfRevenue": 1374400000,
        "grossProfit": 419200000,
        "grossProfitRatio": 0.233719893,
        "researchAndDevelopmentExpenses": 0,
        "generalAndAdministrativeExpenses": 0,
        "sellingAndMarketingExpenses": 0,
        "sellingGeneralAndAdministrativeExpenses": 359200000,
        "otherExpenses": 4800000,
        "operatingExpenses": 364000000,
        "costAndExpenses": 1738400000,
        "interestIncome": 15300000,
        "interestExpense": 0,
        "depreciationAndAmortization": 18600000,
        "ebitda": 78600000,
        "ebitdaratio": 0.0438224799,
        "operatingIncome": 55200000,
        "operatingIncomeRatio": 0.0307760928,
        "totalOtherIncomeExpensesNet": 15800000,
        "incomeBeforeTax": 71000000,
        "incomeBeforeTaxRatio": 0.0395851918,
        "incomeTaxExpense": 7900000,
        "netIncome": 63100000,
        "netIncomeRatio": 0.0351806423,
        "eps": 0.21,
        "epsdiluted": 0.21,
        "weightedAverageShsOut": 305600000,
        "weightedAverageShsOutDil": 305700000,
        "link": "https://www.sec.gov/Archives/edgar/data/1326380/000132638024000012/0001326380-24-000012-index.htm",
        "finalLink": "https://www.sec.gov/Archives/edgar/data/1326380/000132638024000012/gme-20240203.htm"
    },
    {
        "date": "2023-10-28",
        "symbol": "GME",
        "reportedCurrency": "USD",
        "cik": "0001326380",
        "fillingDate": "2023-12-06",
        "acceptedDate": "2023-12-06 16:15:14",
        "calendarYear": "2023",
        "period": "Q3",
        "revenue": 1078300000,
        "costOfRevenue": 796500000,
        "grossProfit": 281800000,
        "grossProfitRatio": 0.2613372902,
        "researchAndDevelopmentExpenses": 0,
        "generalAndAdministrativeExpenses": 0,
        "sellingAndMarketingExpenses": 0,
        "sellingGeneralAndAdministrativeExpenses": 296500000,
        "otherExpenses": 0,
        "operatingExpenses": 296500000,
        "costAndExpenses": 1093000000,
        "interestIncome": 12900000,
        "interestExpense": 0,
        "depreciationAndAmortization": 11300000,
        "ebitda": -3400000,
        "ebitdaratio": -0.0031531114,
        "operatingIncome": -14700000,
        "operatingIncomeRatio": -0.0136325698,
        "totalOtherIncomeExpensesNet": 10400000,
        "incomeBeforeTax": -4300000,
        "incomeBeforeTaxRatio": -0.0039877585,
        "incomeTaxExpense": -1200000,
        "netIncome": -3100000,
        "netIncomeRatio": -0.0028748957,
        "eps": -0.0102,
        "epsdiluted": -0.0102,
        "weightedAverageShsOut": 305300000,
        "weightedAverageShsOutDil": 305300000,
        "link": "https://www.sec.gov/Archives/edgar/data/1326380/000132638023000063/0001326380-23-000063-index.htm",
        "finalLink": "https://www.sec.gov/Archives/edgar/data/1326380/000132638023000063/gme-20231028.htm"
    },
    {
        "date": "2023-07-29",
        "symbol": "GME",
        "reportedCurrency": "USD",
        "cik": "0001326380",
        "fillingDate": "2023-09-06",
        "acceptedDate": "2023-09-06 16:28:47",
        "calendarYear": "2023",
        "period": "Q2",
        "revenue": 1163800000,
        "costOfRevenue": 857900000,
        "grossProfit": 305900000,
        "grossProfitRatio": 0.2628458498,
        "researchAndDevelopmentExpenses": 0,
        "generalAndAdministrativeExpenses": 0,
        "sellingAndMarketingExpenses": 0,
        "sellingGeneralAndAdministrativeExpenses": 322500000,
        "otherExpenses": 0,
        "operatingExpenses": 322500000,
        "costAndExpenses": 1180400000,
        "interestIncome": 11600000,
        "interestExpense": 0,
        "depreciationAndAmortization": 12600000,
        "ebitda": -4000000,
        "ebitdaratio": -0.0034370167,
        "operatingIncome": -16600000,
        "operatingIncomeRatio": -0.0142636192,
        "totalOtherIncomeExpensesNet": 13600000,
        "incomeBeforeTax": -3000000,
        "incomeBeforeTaxRatio": -0.0025777625,
        "incomeTaxExpense": -200000,
        "netIncome": -2800000,
        "netIncomeRatio": -0.0024059117,
        "eps": -0.0092,
        "epsdiluted": -0.0092,
        "weightedAverageShsOut": 304800000,
        "weightedAverageShsOutDil": 304800000,
        "link": "https://www.sec.gov/Archives/edgar/data/1326380/000132638023000047/0001326380-23-000047-index.htm",
        "finalLink": "https://www.sec.gov/Archives/edgar/data/1326380/000132638023000047/gme-20230729.htm"
    },
    {
        "date": "2023-04-29",
        "symbol": "GME",
        "reportedCurrency": "USD",
        "cik": "0001326380",
        "fillingDate": "2023-06-07",
        "acceptedDate": "2023-06-07 16:46:25",
        "calendarYear": "2023",
        "period": "Q1",
        "revenue": 1237100000,
        "costOfRevenue": 949800000,
        "grossProfit": 287300000,
        "grossProfitRatio": 0.2322366826,
        "researchAndDevelopmentExpenses": 0,
        "generalAndAdministrativeExpenses": 0,
        "sellingAndMarketingExpenses": 0,
        "sellingGeneralAndAdministrativeExpenses": 345700000,
        "otherExpenses": 0,
        "operatingExpenses": 345700000,
        "costAndExpenses": 1295500000,
        "interestIncome": 9700000,
        "interestExpense": 0,
        "depreciationAndAmortization": 13700000,
        "ebitda": -44700000,
        "ebitdaratio": -0.0361328914,
        "operatingIncome": -58400000,
        "operatingIncomeRatio": -0.0472071781,
        "totalOtherIncomeExpensesNet": 7800000,
        "incomeBeforeTax": -50600000,
        "incomeBeforeTaxRatio": -0.0409021098,
        "incomeTaxExpense": -100000,
        "netIncome": -50500000,
        "netIncomeRatio": -0.0408212756,
        "eps": -0.17,
        "epsdiluted": -0.17,
        "weightedAverageShsOut": 304500000,
        "weightedAverageShsOutDil": 304500000,
        "link": "https://www.sec.gov/Archives/edgar/data/1326380/000132638023000028/0001326380-23-000028-index.htm",
        "finalLink": "https://www.sec.gov/Archives/edgar/data/1326380/000132638023000028/gme-20230429.htm"
    },
    {
        "date": "2023-01-31",
        "symbol": "GME",
        "reportedCurrency": "USD",
        "cik": "0001326380",
        "fillingDate": "2023-03-28",
        "acceptedDate": "2023-03-28 17:26:10",
        "calendarYear": "2022",
        "period": "Q4",
        "revenue": 2226400000,
        "costOfRevenue": 1726600000,
        "grossProfit": 499800000,
        "grossProfitRatio": 0.2244879626,
        "researchAndDevelopmentExpenses": 0,
        "generalAndAdministrativeExpenses": 0,
        "sellingAndMarketingExpenses": 0,
        "sellingGeneralAndAdministrativeExpenses": 453400000,
        "otherExpenses": 200000,
        "operatingExpenses": 453600000,
        "costAndExpenses": 2180200000,
        "interestIncome": 6200000,
        "interestExpense": 0,
        "depreciationAndAmortization": 14200000,
        "ebitda": 60600000,
        "ebitdaratio": 0.0272188286,
        "operatingIncome": 46200000,
        "operatingIncomeRatio": 0.0207509881,
        "totalOtherIncomeExpensesNet": 6200000,
        "incomeBeforeTax": 52400000,
        "incomeBeforeTaxRatio": 0.0235357528,
        "incomeTaxExpense": 4200000,
        "netIncome": 48200000,
        "netIncomeRatio": 0.0216492993,
        "eps": 0.16,
        "epsdiluted": 0.16,
        "weightedAverageShsOut": 304300000,
        "weightedAverageShsOutDil": 304500000,
        "link": "https://www.sec.gov/Archives/edgar/data/1326380/000132638023000019/0001326380-23-000019-index.htm",
        "finalLink": "https://www.sec.gov/Archives/edgar/data/1326380/000132638023000019/gme-20230128.htm"
    },
    {
        "date": "2022-10-29",
        "symbol": "GME",
        "reportedCurrency": "USD",
        "cik": "0001326380",
        "fillingDate": "2022-12-07",
        "acceptedDate": "2022-12-07 16:14:56",
        "calendarYear": "2022",
        "period": "Q3",
        "revenue": 1186400000,
        "costOfRevenue": 894800000,
        "grossProfit": 291600000,
        "grossProfitRatio": 0.2457855698,
        "researchAndDevelopmentExpenses": 0,
        "generalAndAdministrativeExpenses": 0,
        "sellingAndMarketingExpenses": 0,
        "sellingGeneralAndAdministrativeExpenses": 387900000,
        "otherExpenses": 0,
        "operatingExpenses": 387900000,
        "costAndExpenses": 1282700000,
        "interestIncome": 3700000,
        "interestExpense": 0,
        "depreciationAndAmortization": 15100000,
        "ebitda": -81200000,
        "ebitdaratio": -0.0684423466,
        "operatingIncome": -96300000,
        "operatingIncomeRatio": -0.0811699258,
        "totalOtherIncomeExpensesNet": 3700000,
        "incomeBeforeTax": -92600000,
        "incomeBeforeTaxRatio": -0.0780512475,
        "incomeTaxExpense": 2100000,
        "netIncome": -94700000,
        "netIncomeRatio": -0.0798213082,
        "eps": -0.31,
        "epsdiluted": -0.31,
        "weightedAverageShsOut": 304200000,
        "weightedAverageShsOutDil": 304200000,
        "link": "https://www.sec.gov/Archives/edgar/data/1326380/000132638022000137/0001326380-22-000137-index.htm",
        "finalLink": "https://www.sec.gov/Archives/edgar/data/1326380/000132638022000137/gme-20221029.htm"
    },
    {
        "date": "2022-07-30",
        "symbol": "GME",
        "reportedCurrency": "USD",
        "cik": "0001326380",
        "fillingDate": "2022-09-07",
        "acceptedDate": "2022-09-07 16:15:57",
        "calendarYear": "2022",
        "period": "Q2",
        "revenue": 1136000000,
        "costOfRevenue": 853800000,
        "grossProfit": 282200000,
        "grossProfitRatio": 0.248415493,
        "researchAndDevelopmentExpenses": 0,
        "generalAndAdministrativeExpenses": 0,
        "sellingAndMarketingExpenses": 0,
        "sellingGeneralAndAdministrativeExpenses": 387500000,
        "otherExpenses": 2500000,
        "operatingExpenses": 390000000,
        "costAndExpenses": 1243800000,
        "interestIncome": 300000,
        "interestExpense": 0,
        "depreciationAndAmortization": 15300000,
        "ebitda": -90000000,
        "ebitdaratio": -0.0792253521,
        "operatingIncome": -107800000,
        "operatingIncomeRatio": -0.0948943662,
        "totalOtherIncomeExpensesNet": 300000,
        "incomeBeforeTax": -107500000,
        "incomeBeforeTaxRatio": -0.0946302817,
        "incomeTaxExpense": 1200000,
        "netIncome": -108700000,
        "netIncomeRatio": -0.0956866197,
        "eps": -0.36,
        "epsdiluted": -0.36,
        "weightedAverageShsOut": 304200000,
        "weightedAverageShsOutDil": 304200000,
        "link": "https://www.sec.gov/Archives/edgar/data/1326380/000132638022000126/0001326380-22-000126-index.htm",
        "finalLink": "https://www.sec.gov/Archives/edgar/data/1326380/000132638022000126/gme-20220730.htm"
    },
    {
        "date": "2022-04-30",
        "symbol": "GME",
        "reportedCurrency": "USD",
        "cik": "0001326380",
        "fillingDate": "2022-06-01",
        "acceptedDate": "2022-06-01 16:21:13",
        "calendarYear": "2022",
        "period": "Q1",
        "revenue": 1378400000,
        "costOfRevenue": 1079900000,
        "grossProfit": 298500000,
        "grossProfitRatio": 0.2165554266,
        "researchAndDevelopmentExpenses": 0,
        "generalAndAdministrativeExpenses": 0,
        "sellingAndMarketingExpenses": 0,
        "sellingGeneralAndAdministrativeExpenses": 452200000,
        "otherExpenses": 0,
        "operatingExpenses": 452200000,
        "costAndExpenses": 1532100000,
        "interestIncome": 0,
        "interestExpense": 700000,
        "depreciationAndAmortization": 17100000,
        "ebitda": -136600000,
        "ebitdaratio": -0.0991004063,
        "operatingIncome": -153700000,
        "operatingIncomeRatio": -0.111506094,
        "totalOtherIncomeExpensesNet": -700000,
        "incomeBeforeTax": -154400000,
        "incomeBeforeTaxRatio": -0.1120139292,
        "incomeTaxExpense": 3500000,
        "netIncome": -157900000,
        "netIncomeRatio": -0.114553105,
        "eps": -0.52,
        "epsdiluted": -0.52,
        "weightedAverageShsOut": 303600000,
        "weightedAverageShsOutDil": 303600000,
        "link": "https://www.sec.gov/Archives/edgar/data/1326380/000132638022000072/0001326380-22-000072-index.htm",
        "finalLink": "https://www.sec.gov/Archives/edgar/data/1326380/000132638022000072/gme-20220430.htm"
    },
    {
        "date": "2022-01-31",
        "symbol": "GME",
        "reportedCurrency": "USD",
        "cik": "0001326380",
        "fillingDate": "2022-03-17",
        "acceptedDate": "2022-03-17 16:10:28",
        "calendarYear": "2021",
        "period": "Q4",
        "revenue": 2253900000,
        "costOfRevenue": 1875700000,
        "grossProfit": 378200000,
        "grossProfitRatio": 0.167798039,
        "researchAndDevelopmentExpenses": 0,
        "generalAndAdministrativeExpenses": 0,
        "sellingAndMarketingExpenses": 0,
        "sellingGeneralAndAdministrativeExpenses": 538900000,
        "otherExpenses": 6100000,
        "operatingExpenses": 545000000,
        "costAndExpenses": 2420700000,
        "interestIncome": 0,
        "interestExpense": 900000,
        "depreciationAndAmortization": 24000000,
        "ebitda": -143000000,
        "ebitdaratio": -0.0634455832,
        "operatingIncome": -166800000,
        "operatingIncomeRatio": -0.0740050579,
        "totalOtherIncomeExpensesNet": -900000,
        "incomeBeforeTax": -167700000,
        "incomeBeforeTaxRatio": -0.0744043658,
        "incomeTaxExpense": -20200000,
        "netIncome": -147500000,
        "netIncomeRatio": -0.0654421225,
        "eps": -0.49,
        "epsdiluted": -0.49,
        "weightedAverageShsOut": 303600000,
        "weightedAverageShsOutDil": 303600000,
        "link": "https://www.sec.gov/Archives/edgar/data/1326380/000132638022000021/0001326380-22-000021-index.htm",
        "finalLink": "https://www.sec.gov/Archives/edgar/data/1326380/000132638022000021/gme-20220129.htm"
    },
    {
        "date": "2021-10-30",
        "symbol": "GME",
        "reportedCurrency": "USD",
        "cik": "0001326380",
        "fillingDate": "2021-12-08",
        "acceptedDate": "2021-12-08 16:14:15",
        "calendarYear": "2021",
        "period": "Q3",
        "revenue": 1296600000,
        "costOfRevenue": 978000000,
        "grossProfit": 318600000,
        "grossProfitRatio": 0.2457195743,
        "researchAndDevelopmentExpenses": 0,
        "generalAndAdministrativeExpenses": 0,
        "sellingAndMarketingExpenses": 0,
        "sellingGeneralAndAdministrativeExpenses": 421500000,
        "otherExpenses": 0,
        "operatingExpenses": 421500000,
        "costAndExpenses": 1399500000,
        "interestIncome": 0,
        "interestExpense": 800000,
        "depreciationAndAmortization": 16900000,
        "ebitda": -86000000,
        "ebitdaratio": -0.0663273176,
        "operatingIncome": -102900000,
        "operatingIncomeRatio": -0.0793614068,
        "totalOtherIncomeExpensesNet": -800000,
        "incomeBeforeTax": -103700000,
        "incomeBeforeTaxRatio": -0.0799784051,
        "incomeTaxExpense": 1700000,
        "netIncome": -105400000,
        "netIncomeRatio": -0.0812895265,
        "eps": -0.35,
        "epsdiluted": -0.35,
        "weightedAverageShsOut": 301143000,
        "weightedAverageShsOutDil": 303600000,
        "link": "https://www.sec.gov/Archives/edgar/data/1326380/000132638021000129/0001326380-21-000129-index.htm",
        "finalLink": "https://www.sec.gov/Archives/edgar/data/1326380/000132638021000129/gme-20211030.htm"
    },
    {
        "date": "2021-07-31",
        "symbol": "GME",
        "reportedCurrency": "USD",
        "cik": "0001326380",
        "fillingDate": "2021-09-08",
        "acceptedDate": "2021-09-08 16:19:17",
        "calendarYear": "2021",
        "period": "Q2",
        "revenue": 1183400000,
        "costOfRevenue": 862500000,
        "grossProfit": 320900000,
        "grossProfitRatio": 0.2711678215,
        "researchAndDevelopmentExpenses": 0,
        "generalAndAdministrativeExpenses": 0,
        "sellingAndMarketingExpenses": 0,
        "sellingGeneralAndAdministrativeExpenses": 378900000,
        "otherExpenses": 0,
        "operatingExpenses": 378900000,
        "costAndExpenses": 1241400000,
        "interestIncome": 100000,
        "interestExpense": 600000,
        "depreciationAndAmortization": 17600000,
        "ebitda": -40400000,
        "ebitdaratio": -0.0341389218,
        "operatingIncome": -58000000,
        "operatingIncomeRatio": -0.0490113233,
        "totalOtherIncomeExpensesNet": -500000,
        "incomeBeforeTax": -58500000,
        "incomeBeforeTaxRatio": -0.0494338347,
        "incomeTaxExpense": 3100000,
        "netIncome": -61600000,
        "netIncomeRatio": -0.0520534054,
        "eps": -0.21,
        "epsdiluted": -0.21,
        "weightedAverageShsOut": 290400000,
        "weightedAverageShsOutDil": 290400000,
        "link": "https://www.sec.gov/Archives/edgar/data/1326380/000132638021000090/0001326380-21-000090-index.htm",
        "finalLink": "https://www.sec.gov/Archives/edgar/data/1326380/000132638021000090/gme-20210731.htm"
    },
    {
        "date": "2021-05-01",
        "symbol": "GME",
        "reportedCurrency": "USD",
        "cik": "0001326380",
        "fillingDate": "2021-06-09",
        "acceptedDate": "2021-06-09 16:16:14",
        "calendarYear": "2021",
        "period": "Q1",
        "revenue": 1276800000,
        "costOfRevenue": 946700000,
        "grossProfit": 330100000,
        "grossProfitRatio": 0.2585369674,
        "researchAndDevelopmentExpenses": 0,
        "generalAndAdministrativeExpenses": 0,
        "sellingAndMarketingExpenses": 0,
        "sellingGeneralAndAdministrativeExpenses": 370300000,
        "otherExpenses": 600000,
        "operatingExpenses": 370900000,
        "costAndExpenses": 1317600000,
        "interestIncome": 100000,
        "interestExpense": 24800000,
        "depreciationAndAmortization": 18700000,
        "ebitda": -22100000,
        "ebitdaratio": -0.0173088972,
        "operatingIncome": -40800000,
        "operatingIncomeRatio": -0.0319548872,
        "totalOtherIncomeExpensesNet": -24700000,
        "incomeBeforeTax": -65500000,
        "incomeBeforeTaxRatio": -0.0513001253,
        "incomeTaxExpense": 1300000,
        "netIncome": -66800000,
        "netIncomeRatio": -0.0523182957,
        "eps": -0.25,
        "epsdiluted": -0.25,
        "weightedAverageShsOut": 264000000,
        "weightedAverageShsOutDil": 264000000,
        "link": "https://www.sec.gov/Archives/edgar/data/1326380/000132638021000066/0001326380-21-000066-index.htm",
        "finalLink": "https://www.sec.gov/Archives/edgar/data/1326380/000132638021000066/gme-20210501.htm"
    },
    {
        "date": "2021-01-31",
        "symbol": "GME",
        "reportedCurrency": "USD",
        "cik": "0001326380",
        "fillingDate": "2021-03-23",
        "acceptedDate": "2021-03-23 16:39:12",
        "calendarYear": "2020",
        "period": "Q4",
        "revenue": 2122100000,
        "costOfRevenue": 1673500000,
        "grossProfit": 448600000,
        "grossProfitRatio": 0.2113943735,
        "researchAndDevelopmentExpenses": 0,
        "generalAndAdministrativeExpenses": 0,
        "sellingAndMarketingExpenses": 0,
        "sellingGeneralAndAdministrativeExpenses": 419100000,
        "otherExpenses": 10700000,
        "operatingExpenses": 429800000,
        "costAndExpenses": 2103300000,
        "interestIncome": 300000,
        "interestExpense": 8500000,
        "depreciationAndAmortization": 19600000,
        "ebitda": 38700000,
        "ebitdaratio": 0.0182366524,
        "operatingIncome": 18800000,
        "operatingIncomeRatio": 0.008859149,
        "totalOtherIncomeExpensesNet": -8200000,
        "incomeBeforeTax": 10600000,
        "incomeBeforeTaxRatio": 0.0049950521,
        "incomeTaxExpense": -69700000,
        "netIncome": 80500000,
        "netIncomeRatio": 0.0379341219,
        "eps": 0.31,
        "epsdiluted": 0.3,
        "weightedAverageShsOut": 260800000,
        "weightedAverageShsOutDil": 271722000,
        "link": "https://www.sec.gov/Archives/edgar/data/1326380/000132638021000032/0001326380-21-000032-index.htm",
        "finalLink": "https://www.sec.gov/Archives/edgar/data/1326380/000132638021000032/gme-20210130.htm"
    },
    {
        "date": "2020-10-31",
        "symbol": "GME",
        "reportedCurrency": "USD",
        "cik": "0001326380",
        "fillingDate": "2020-12-08",
        "acceptedDate": "2020-12-08 16:12:21",
        "calendarYear": "2020",
        "period": "Q3",
        "revenue": 1004700000,
        "costOfRevenue": 728400000,
        "grossProfit": 276300000,
        "grossProfitRatio": 0.2750074649,
        "researchAndDevelopmentExpenses": 0,
        "generalAndAdministrativeExpenses": 0,
        "sellingAndMarketingExpenses": 0,
        "sellingGeneralAndAdministrativeExpenses": 360400000,
        "otherExpenses": -21100000,
        "operatingExpenses": 339300000,
        "costAndExpenses": 1067700000,
        "interestIncome": 300000,
        "interestExpense": 10000000,
        "depreciationAndAmortization": 19400000,
        "ebitda": -43300000,
        "ebitdaratio": -0.043097442,
        "operatingIncome": -63000000,
        "operatingIncomeRatio": -0.0627052852,
        "totalOtherIncomeExpensesNet": -9700000,
        "incomeBeforeTax": -72700000,
        "incomeBeforeTaxRatio": -0.0723599084,
        "incomeTaxExpense": -53900000,
        "netIncome": -18800000,
        "netIncomeRatio": -0.0187120533,
        "eps": -0.0725,
        "epsdiluted": -0.0721,
        "weightedAverageShsOut": 259310000,
        "weightedAverageShsOutDil": 260800000,
        "link": "https://www.sec.gov/Archives/edgar/data/1326380/000132638020000134/0001326380-20-000134-index.htm",
        "finalLink": "https://www.sec.gov/Archives/edgar/data/1326380/000132638020000134/gme-20201031.htm"
    },
    {
        "date": "2020-08-01",
        "symbol": "GME",
        "reportedCurrency": "USD",
        "cik": "0001326380",
        "fillingDate": "2020-09-09",
        "acceptedDate": "2020-09-09 16:31:42",
        "calendarYear": "2020",
        "period": "Q2",
        "revenue": 942000000,
        "costOfRevenue": 689800000,
        "grossProfit": 252200000,
        "grossProfitRatio": 0.2677282378,
        "researchAndDevelopmentExpenses": 0,
        "generalAndAdministrativeExpenses": 0,
        "sellingAndMarketingExpenses": 0,
        "sellingGeneralAndAdministrativeExpenses": 348200000,
        "otherExpenses": -10400000,
        "operatingExpenses": 337800000,
        "costAndExpenses": 1027600000,
        "interestIncome": 400000,
        "interestExpense": 7900000,
        "depreciationAndAmortization": 20200000,
        "ebitda": -65000000,
        "ebitdaratio": -0.0690021231,
        "operatingIncome": -85600000,
        "operatingIncomeRatio": -0.0908704883,
        "totalOtherIncomeExpensesNet": -7500000,
        "incomeBeforeTax": -93100000,
        "incomeBeforeTaxRatio": -0.0988322718,
        "incomeTaxExpense": 17900000,
        "netIncome": -111300000,
        "netIncomeRatio": -0.1181528662,
        "eps": -0.43,
        "epsdiluted": -0.43,
        "weightedAverageShsOut": 259649000,
        "weightedAverageShsOutDil": 260000000,
        "link": "https://www.sec.gov/Archives/edgar/data/1326380/000132638020000119/0001326380-20-000119-index.htm",
        "finalLink": "https://www.sec.gov/Archives/edgar/data/1326380/000132638020000119/gme-20200801.htm"
    },
    {
        "date": "2020-05-02",
        "symbol": "GME",
        "reportedCurrency": "USD",
        "cik": "0001326380",
        "fillingDate": "2020-06-09",
        "acceptedDate": "2020-06-09 16:17:16",
        "calendarYear": "2020",
        "period": "Q1",
        "revenue": 1021000000,
        "costOfRevenue": 738600000,
        "grossProfit": 282400000,
        "grossProfitRatio": 0.2765915769,
        "researchAndDevelopmentExpenses": 0,
        "generalAndAdministrativeExpenses": 0,
        "sellingAndMarketingExpenses": 0,
        "sellingGeneralAndAdministrativeExpenses": 386500000,
        "otherExpenses": 3900000,
        "operatingExpenses": 390400000,
        "costAndExpenses": 1129000000,
        "interestIncome": 900000,
        "interestExpense": 7600000,
        "depreciationAndAmortization": 21500000,
        "ebitda": -85600000,
        "ebitdaratio": -0.0838393732,
        "operatingIncome": -108000000,
        "operatingIncomeRatio": -0.1057786484,
        "totalOtherIncomeExpensesNet": -6700000,
        "incomeBeforeTax": -114700000,
        "incomeBeforeTaxRatio": -0.1123408423,
        "incomeTaxExpense": 50400000,
        "netIncome": -165700000,
        "netIncomeRatio": -0.1622918707,
        "eps": -0.64,
        "epsdiluted": -0.64,
        "weightedAverageShsOut": 257969000,
        "weightedAverageShsOutDil": 258000000,
        "link": "https://www.sec.gov/Archives/edgar/data/1326380/000132638020000060/0001326380-20-000060-index.htm",
        "finalLink": "https://www.sec.gov/Archives/edgar/data/1326380/000132638020000060/gme-20200502.htm"
    },
    {
        "date": "2020-01-31",
        "symbol": "GME",
        "reportedCurrency": "USD",
        "cik": "0001326380",
        "fillingDate": "2020-03-27",
        "acceptedDate": "2020-03-27 14:20:10",
        "calendarYear": "2019",
        "period": "Q4",
        "revenue": 2194100000,
        "costOfRevenue": 1596800000,
        "grossProfit": 597300000,
        "grossProfitRatio": 0.2722300716,
        "researchAndDevelopmentExpenses": 0,
        "generalAndAdministrativeExpenses": 0,
        "sellingAndMarketingExpenses": 0,
        "sellingGeneralAndAdministrativeExpenses": 581000000,
        "otherExpenses": -58900000,
        "operatingExpenses": 522100000,
        "costAndExpenses": 2118900000,
        "interestIncome": 1400000,
        "interestExpense": 7900000,
        "depreciationAndAmortization": 26100000,
        "ebitda": 102700000,
        "ebitdaratio": 0.046807347,
        "operatingIncome": 75200000,
        "operatingIncomeRatio": 0.0342737341,
        "totalOtherIncomeExpensesNet": -6500000,
        "incomeBeforeTax": 68700000,
        "incomeBeforeTaxRatio": 0.0313112438,
        "incomeTaxExpense": 43800000,
        "netIncome": 21000000,
        "netIncomeRatio": 0.0095711226,
        "eps": 0.0619,
        "epsdiluted": 0.0799,
        "weightedAverageShsOut": 339200000,
        "weightedAverageShsOutDil": 262800000,
        "link": "https://www.sec.gov/Archives/edgar/data/1326380/000132638020000022/0001326380-20-000022-index.htm",
        "finalLink": "https://www.sec.gov/Archives/edgar/data/1326380/000132638020000022/a10k-fy19q4.htm"
    },
    {
        "date": "2019-11-02",
        "symbol": "GME",
        "reportedCurrency": "USD",
        "cik": "0001326380",
        "fillingDate": "2019-12-11",
        "acceptedDate": "2019-12-11 09:03:19",
        "calendarYear": "2019",
        "period": "Q3",
        "revenue": 1438500000,
        "costOfRevenue": 997400000,
        "grossProfit": 441100000,
        "grossProfitRatio": 0.3066388599,
        "researchAndDevelopmentExpenses": 0,
        "generalAndAdministrativeExpenses": 0,
        "sellingAndMarketingExpenses": 0,
        "sellingGeneralAndAdministrativeExpenses": 475400000,
        "otherExpenses": 11300000,
        "operatingExpenses": 486700000,
        "costAndExpenses": 1484100000,
        "interestIncome": 2000000,
        "interestExpense": 8000000,
        "depreciationAndAmortization": 23900000,
        "ebitda": -19700000,
        "ebitdaratio": -0.013694821,
        "operatingIncome": -45600000,
        "operatingIncomeRatio": -0.0316996872,
        "totalOtherIncomeExpensesNet": -6000000,
        "incomeBeforeTax": -51600000,
        "incomeBeforeTaxRatio": -0.0358706986,
        "incomeTaxExpense": 31600000,
        "netIncome": -83400000,
        "netIncomeRatio": -0.0579770594,
        "eps": -0.25,
        "epsdiluted": -0.25,
        "weightedAverageShsOut": 328400000,
        "weightedAverageShsOutDil": 328401000,
        "link": "https://www.sec.gov/Archives/edgar/data/1326380/000132638019000171/0001326380-19-000171-index.htm",
        "finalLink": "https://www.sec.gov/Archives/edgar/data/1326380/000132638019000171/a10q-fy19q3.htm"
    },
    {
        "date": "2019-08-03",
        "symbol": "GME",
        "reportedCurrency": "USD",
        "cik": "0001326380",
        "fillingDate": "2019-09-11",
        "acceptedDate": "2019-09-11 08:33:56",
        "calendarYear": "2019",
        "period": "Q2",
        "revenue": 1285700000,
        "costOfRevenue": 886600000,
        "grossProfit": 399100000,
        "grossProfitRatio": 0.3104145602,
        "researchAndDevelopmentExpenses": 0,
        "generalAndAdministrativeExpenses": 0,
        "sellingAndMarketingExpenses": 0,
        "sellingGeneralAndAdministrativeExpenses": 481900000,
        "otherExpenses": 363900000,
        "operatingExpenses": 845800000,
        "costAndExpenses": 1732400000,
        "interestIncome": 2600000,
        "interestExpense": 9600000,
        "depreciationAndAmortization": 22900000,
        "ebitda": -421200000,
        "ebitdaratio": -0.32760364,
        "operatingIncome": -446700000,
        "operatingIncomeRatio": -0.3474371937,
        "totalOtherIncomeExpensesNet": -7000000,
        "incomeBeforeTax": -453700000,
        "incomeBeforeTaxRatio": -0.3528816987,
        "incomeTaxExpense": -40100000,
        "netIncome": -415300000,
        "netIncomeRatio": -0.3230147002,
        "eps": -1.04,
        "epsdiluted": -1.04,
        "weightedAverageShsOut": 399614000,
        "weightedAverageShsOutDil": 400000000,
        "link": "https://www.sec.gov/Archives/edgar/data/1326380/000132638019000145/0001326380-19-000145-index.htm",
        "finalLink": "https://www.sec.gov/Archives/edgar/data/1326380/000132638019000145/a10q-fy19q2.htm"
    },
    {
        "date": "2019-05-04",
        "symbol": "GME",
        "reportedCurrency": "USD",
        "cik": "0001326380",
        "fillingDate": "2019-06-11",
        "acceptedDate": "2019-06-11 16:09:41",
        "calendarYear": "2019",
        "period": "Q1",
        "revenue": 1547700000,
        "costOfRevenue": 1076500000,
        "grossProfit": 471200000,
        "grossProfitRatio": 0.3044517671,
        "researchAndDevelopmentExpenses": 0,
        "generalAndAdministrativeExpenses": 0,
        "sellingAndMarketingExpenses": 0,
        "sellingGeneralAndAdministrativeExpenses": 453700000,
        "otherExpenses": 0,
        "operatingExpenses": 453700000,
        "costAndExpenses": 1530200000,
        "interestIncome": 5300000,
        "interestExpense": 13000000,
        "depreciationAndAmortization": 23300000,
        "ebitda": 46100000,
        "ebitdaratio": 0.0297861343,
        "operatingIncome": 17500000,
        "operatingIncomeRatio": 0.0113071009,
        "totalOtherIncomeExpensesNet": -7700000,
        "incomeBeforeTax": 9800000,
        "incomeBeforeTaxRatio": 0.0063319765,
        "incomeTaxExpense": 2300000,
        "netIncome": 6800000,
        "netIncomeRatio": 0.0043936163,
        "eps": 0.0166,
        "epsdiluted": 0.0166,
        "weightedAverageShsOut": 410000000,
        "weightedAverageShsOutDil": 410000000,
        "link": "https://www.sec.gov/Archives/edgar/data/1326380/000132638019000102/0001326380-19-000102-index.htm",
        "finalLink": "https://www.sec.gov/Archives/edgar/data/1326380/000132638019000102/a10q-fy19q1.htm"
    },
    {
        "date": "2019-01-31",
        "symbol": "GME",
        "reportedCurrency": "USD",
        "cik": "0001326380",
        "fillingDate": "2019-04-02",
        "acceptedDate": "2019-04-02 16:18:29",
        "calendarYear": "2018",
        "period": "Q4",
        "revenue": 2620200000,
        "costOfRevenue": 2256300000,
        "grossProfit": 363900000,
        "grossProfitRatio": 0.1388825281,
        "researchAndDevelopmentExpenses": 0,
        "generalAndAdministrativeExpenses": 0,
        "sellingAndMarketingExpenses": 0,
        "sellingGeneralAndAdministrativeExpenses": 213600000,
        "otherExpenses": 437500000,
        "operatingExpenses": 651100000,
        "costAndExpenses": 2907400000,
        "interestIncome": 3600000,
        "interestExpense": 14100000,
        "depreciationAndAmortization": 29500000,
        "ebitda": -254100000,
        "ebitdaratio": -0.09697733,
        "operatingIncome": -287200000,
        "operatingIncomeRatio": -0.1096099534,
        "totalOtherIncomeExpensesNet": -10500000,
        "incomeBeforeTax": -297700000,
        "incomeBeforeTaxRatio": -0.1136172811,
        "incomeTaxExpense": 11800000,
        "netIncome": -187700000,
        "netIncomeRatio": -0.071635753,
        "eps": -0.46,
        "epsdiluted": -0.46,
        "weightedAverageShsOut": 408365000,
        "weightedAverageShsOutDil": 408800000,
        "link": "https://www.sec.gov/Archives/edgar/data/1326380/000132638019000052/0001326380-19-000052-index.htm",
        "finalLink": "https://www.sec.gov/Archives/edgar/data/1326380/000132638019000052/a10k-fy18q4.htm"
    },
    {
        "date": "2018-11-03",
        "symbol": "GME",
        "reportedCurrency": "USD",
        "cik": "0001326380",
        "fillingDate": "2018-12-11",
        "acceptedDate": "2018-12-11 16:09:04",
        "calendarYear": "2018",
        "period": "Q3",
        "revenue": 1935400000,
        "costOfRevenue": 1377200000,
        "grossProfit": 558200000,
        "grossProfitRatio": 0.2884158314,
        "researchAndDevelopmentExpenses": 0,
        "generalAndAdministrativeExpenses": 0,
        "sellingAndMarketingExpenses": 0,
        "sellingGeneralAndAdministrativeExpenses": 463600000,
        "otherExpenses": 612500000,
        "operatingExpenses": 1076100000,
        "costAndExpenses": 2453300000,
        "interestIncome": 1100000,
        "interestExpense": 14100000,
        "depreciationAndAmortization": 30500000,
        "ebitda": -486300000,
        "ebitdaratio": -0.2512658882,
        "operatingIncome": -517900000,
        "operatingIncomeRatio": -0.2675932624,
        "totalOtherIncomeExpensesNet": -13000000,
        "incomeBeforeTax": -530900000,
        "incomeBeforeTaxRatio": -0.2743102201,
        "incomeTaxExpense": -24000000,
        "netIncome": -488600000,
        "netIncomeRatio": -0.252454273,
        "eps": -1.2,
        "epsdiluted": -1.2,
        "weightedAverageShsOut": 408790000,
        "weightedAverageShsOutDil": 408800000,
        "link": "https://www.sec.gov/Archives/edgar/data/1326380/000132638018000122/0001326380-18-000122-index.htm",
        "finalLink": "https://www.sec.gov/Archives/edgar/data/1326380/000132638018000122/a10q-fy18q3.htm"
    },
    {
        "date": "2018-08-04",
        "symbol": "GME",
        "reportedCurrency": "USD",
        "cik": "0001326380",
        "fillingDate": "2018-09-11",
        "acceptedDate": "2018-09-11 16:22:35",
        "calendarYear": "2018",
        "period": "Q2",
        "revenue": 1501100000,
        "costOfRevenue": 1031100000,
        "grossProfit": 470000000,
        "grossProfitRatio": 0.3131037239,
        "researchAndDevelopmentExpenses": 0,
        "generalAndAdministrativeExpenses": 0,
        "sellingAndMarketingExpenses": 0,
        "sellingGeneralAndAdministrativeExpenses": 441500000,
        "otherExpenses": 27000000,
        "operatingExpenses": 468500000,
        "costAndExpenses": 1499600000,
        "interestIncome": 500000,
        "interestExpense": 14400000,
        "depreciationAndAmortization": 32500000,
        "ebitda": 34500000,
        "ebitdaratio": 0.0229831457,
        "operatingIncome": 1500000,
        "operatingIncomeRatio": 0.0009992672,
        "totalOtherIncomeExpensesNet": -13900000,
        "incomeBeforeTax": -12400000,
        "incomeBeforeTaxRatio": -0.0082606089,
        "incomeTaxExpense": 27400000,
        "netIncome": -24900000,
        "netIncomeRatio": -0.0165878356,
        "eps": -0.061,
        "epsdiluted": -0.061,
        "weightedAverageShsOut": 408205000,
        "weightedAverageShsOutDil": 408400000,
        "link": "https://www.sec.gov/Archives/edgar/data/1326380/000132638018000113/0001326380-18-000113-index.htm",
        "finalLink": "https://www.sec.gov/Archives/edgar/data/1326380/000132638018000113/a10q-fy18q2.htm"
    },
    {
        "date": "2018-05-05",
        "symbol": "GME",
        "reportedCurrency": "USD",
        "cik": "0001326380",
        "fillingDate": "2018-06-12",
        "acceptedDate": "2018-06-12 16:16:19",
        "calendarYear": "2018",
        "period": "Q1",
        "revenue": 1785800000,
        "costOfRevenue": 1254700000,
        "grossProfit": 531100000,
        "grossProfitRatio": 0.2974017247,
        "researchAndDevelopmentExpenses": 0,
        "generalAndAdministrativeExpenses": 0,
        "sellingAndMarketingExpenses": 0,
        "sellingGeneralAndAdministrativeExpenses": 456100000,
        "otherExpenses": 28500000,
        "operatingExpenses": 484600000,
        "costAndExpenses": 1739300000,
        "interestIncome": 500000,
        "interestExpense": 14200000,
        "depreciationAndAmortization": 34400000,
        "ebitda": 81400000,
        "ebitdaratio": 0.0455818121,
        "operatingIncome": 46500000,
        "operatingIncomeRatio": 0.0260387501,
        "totalOtherIncomeExpensesNet": -13700000,
        "incomeBeforeTax": 32800000,
        "incomeBeforeTaxRatio": 0.0183671184,
        "incomeTaxExpense": 12400000,
        "netIncome": 28200000,
        "netIncomeRatio": 0.015791242,
        "eps": 0.0693,
        "epsdiluted": 0.0691,
        "weightedAverageShsOut": 407200000,
        "weightedAverageShsOutDil": 408000000,
        "link": "https://www.sec.gov/Archives/edgar/data/1326380/000132638018000075/0001326380-18-000075-index.htm",
        "finalLink": "https://www.sec.gov/Archives/edgar/data/1326380/000132638018000075/a10q-fy18q1.htm"
    },
    {
        "date": "2018-01-31",
        "symbol": "GME",
        "reportedCurrency": "USD",
        "cik": "0001326380",
        "fillingDate": "2018-04-02",
        "acceptedDate": "2018-04-02 16:24:11",
        "calendarYear": "2017",
        "period": "Q4",
        "revenue": 3502500000,
        "costOfRevenue": 2478000000,
        "grossProfit": 1024500000,
        "grossProfitRatio": 0.2925053533,
        "researchAndDevelopmentExpenses": 0,
        "generalAndAdministrativeExpenses": 0,
        "sellingAndMarketingExpenses": 0,
        "sellingGeneralAndAdministrativeExpenses": 692000000,
        "otherExpenses": 429200000,
        "operatingExpenses": 1121200000,
        "costAndExpenses": 3599200000,
        "interestIncome": 1100000,
        "interestExpense": 14200000,
        "depreciationAndAmortization": 38700000,
        "ebitda": -56900000,
        "ebitdaratio": -0.0162455389,
        "operatingIncome": -96700000,
        "operatingIncomeRatio": -0.0276088508,
        "totalOtherIncomeExpensesNet": -13100000,
        "incomeBeforeTax": -109800000,
        "incomeBeforeTaxRatio": -0.0313490364,
        "incomeTaxExpense": -3900000,
        "netIncome": -105900000,
        "netIncomeRatio": -0.030235546,
        "eps": -0.26,
        "epsdiluted": -0.26,
        "weightedAverageShsOut": 406400000,
        "weightedAverageShsOutDil": 406603000,
        "link": "https://www.sec.gov/Archives/edgar/data/1326380/000132638018000033/0001326380-18-000033-index.htm",
        "finalLink": "https://www.sec.gov/Archives/edgar/data/1326380/000132638018000033/a10k-fy17q4.htm"
    },
    {
        "date": "2017-10-28",
        "symbol": "GME",
        "reportedCurrency": "USD",
        "cik": "0001326380",
        "fillingDate": "2017-12-05",
        "acceptedDate": "2017-12-05 16:19:42",
        "calendarYear": "2017",
        "period": "Q3",
        "revenue": 1988600000,
        "costOfRevenue": 1299200000,
        "grossProfit": 689400000,
        "grossProfitRatio": 0.3466760535,
        "researchAndDevelopmentExpenses": 0,
        "generalAndAdministrativeExpenses": 0,
        "sellingAndMarketingExpenses": 0,
        "sellingGeneralAndAdministrativeExpenses": 565100000,
        "otherExpenses": 36700000,
        "operatingExpenses": 601800000,
        "costAndExpenses": 1901000000,
        "interestIncome": 200000,
        "interestExpense": 14100000,
        "depreciationAndAmortization": 37000000,
        "ebitda": 124800000,
        "ebitdaratio": 0.062757719,
        "operatingIncome": 87600000,
        "operatingIncomeRatio": 0.0440510912,
        "totalOtherIncomeExpensesNet": -13900000,
        "incomeBeforeTax": 73700000,
        "incomeBeforeTaxRatio": 0.0370612491,
        "incomeTaxExpense": 14300000,
        "netIncome": 59400000,
        "netIncomeRatio": 0.0298702605,
        "eps": 0.15,
        "epsdiluted": 0.15,
        "weightedAverageShsOut": 406000000,
        "weightedAverageShsOutDil": 406001000,
        "link": "https://www.sec.gov/Archives/edgar/data/1326380/000132638017000127/0001326380-17-000127-index.htm",
        "finalLink": "https://www.sec.gov/Archives/edgar/data/1326380/000132638017000127/a10q-fy17q3.htm"
    },
    {
        "date": "2017-07-29",
        "symbol": "GME",
        "reportedCurrency": "USD",
        "cik": "0001326380",
        "fillingDate": "2017-09-06",
        "acceptedDate": "2017-09-06 16:32:31",
        "calendarYear": "2017",
        "period": "Q2",
        "revenue": 1687600000,
        "costOfRevenue": 1063900000,
        "grossProfit": 623700000,
        "grossProfitRatio": 0.3695780991,
        "researchAndDevelopmentExpenses": 0,
        "generalAndAdministrativeExpenses": 0,
        "sellingAndMarketingExpenses": 0,
        "sellingGeneralAndAdministrativeExpenses": 542400000,
        "otherExpenses": 37700000,
        "operatingExpenses": 580100000,
        "costAndExpenses": 1644000000,
        "interestIncome": 0,
        "interestExpense": 14400000,
        "depreciationAndAmortization": 37900000,
        "ebitda": 81500000,
        "ebitdaratio": 0.0482934345,
        "operatingIncome": 43600000,
        "operatingIncomeRatio": 0.025835506,
        "totalOtherIncomeExpensesNet": -14400000,
        "incomeBeforeTax": 29200000,
        "incomeBeforeTaxRatio": 0.0173026784,
        "incomeTaxExpense": 7000000,
        "netIncome": 22200000,
        "netIncomeRatio": 0.013154776,
        "eps": 0.0547,
        "epsdiluted": 0.0547,
        "weightedAverageShsOut": 405605000,
        "weightedAverageShsOutDil": 406000000,
        "link": "https://www.sec.gov/Archives/edgar/data/1326380/000132638017000106/0001326380-17-000106-index.htm",
        "finalLink": "https://www.sec.gov/Archives/edgar/data/1326380/000132638017000106/a10q-fy17q2.htm"
    },
    {
        "date": "2017-04-29",
        "symbol": "GME",
        "reportedCurrency": "USD",
        "cik": "0001326380",
        "fillingDate": "2017-06-06",
        "acceptedDate": "2017-06-06 16:10:52",
        "calendarYear": "2017",
        "period": "Q1",
        "revenue": 2045900000,
        "costOfRevenue": 1343400000,
        "grossProfit": 702500000,
        "grossProfitRatio": 0.3433696662,
        "researchAndDevelopmentExpenses": 0,
        "generalAndAdministrativeExpenses": 0,
        "sellingAndMarketingExpenses": 0,
        "sellingGeneralAndAdministrativeExpenses": 563500000,
        "otherExpenses": 37900000,
        "operatingExpenses": 601400000,
        "costAndExpenses": 1944800000,
        "interestIncome": 200000,
        "interestExpense": 14100000,
        "depreciationAndAmortization": 38300000,
        "ebitda": 139600000,
        "ebitdaratio": 0.068234029,
        "operatingIncome": 101100000,
        "operatingIncomeRatio": 0.049415905,
        "totalOtherIncomeExpensesNet": -13900000,
        "incomeBeforeTax": 87200000,
        "incomeBeforeTaxRatio": 0.042621829,
        "incomeTaxExpense": 28200000,
        "netIncome": 59000000,
        "netIncomeRatio": 0.0288381641,
        "eps": 0.15,
        "epsdiluted": 0.15,
        "weightedAverageShsOut": 405600000,
        "weightedAverageShsOutDil": 406897000,
        "link": "https://www.sec.gov/Archives/edgar/data/1326380/000132638017000078/0001326380-17-000078-index.htm",
        "finalLink": "https://www.sec.gov/Archives/edgar/data/1326380/000132638017000078/a10q-fy17q1.htm"
    },
    {
        "date": "2017-01-31",
        "symbol": "GME",
        "reportedCurrency": "USD",
        "cik": "0001326380",
        "fillingDate": "2017-03-27",
        "acceptedDate": "2017-03-27 16:12:21",
        "calendarYear": "2016",
        "period": "Q4",
        "revenue": 3045400000,
        "costOfRevenue": 2037500000,
        "grossProfit": 1007900000,
        "grossProfitRatio": 0.3309581664,
        "researchAndDevelopmentExpenses": 0,
        "generalAndAdministrativeExpenses": 0,
        "sellingAndMarketingExpenses": 0,
        "sellingGeneralAndAdministrativeExpenses": 646300000,
        "otherExpenses": 75000000,
        "operatingExpenses": 721300000,
        "costAndExpenses": 2758800000,
        "interestIncome": 300000,
        "interestExpense": 14100000,
        "depreciationAndAmortization": 41700000,
        "ebitda": 328600000,
        "ebitdaratio": 0.10790044,
        "operatingIncome": 286600000,
        "operatingIncomeRatio": 0.0941091482,
        "totalOtherIncomeExpensesNet": -13800000,
        "incomeBeforeTax": 272800000,
        "incomeBeforeTaxRatio": 0.0895777238,
        "incomeTaxExpense": 64100000,
        "netIncome": 208700000,
        "netIncomeRatio": 0.0685295856,
        "eps": 0.51,
        "epsdiluted": 0.51,
        "weightedAverageShsOut": 410000000,
        "weightedAverageShsOutDil": 411218000,
        "link": "https://www.sec.gov/Archives/edgar/data/1326380/000132638017000046/0001326380-17-000046-index.htm",
        "finalLink": "https://www.sec.gov/Archives/edgar/data/1326380/000132638017000046/a10k-fy16q4.htm"
    },
    {
        "date": "2016-10-29",
        "symbol": "GME",
        "reportedCurrency": "USD",
        "cik": "0001326380",
        "fillingDate": "2016-12-06",
        "acceptedDate": "2016-12-06 16:12:58",
        "calendarYear": "2016",
        "period": "Q3",
        "revenue": 1959200000,
        "costOfRevenue": 1251000000,
        "grossProfit": 708200000,
        "grossProfitRatio": 0.361474071,
        "researchAndDevelopmentExpenses": 0,
        "generalAndAdministrativeExpenses": 0,
        "sellingAndMarketingExpenses": 0,
        "sellingGeneralAndAdministrativeExpenses": 567100000,
        "otherExpenses": 42300000,
        "operatingExpenses": 609400000,
        "costAndExpenses": 1860400000,
        "interestIncome": 0,
        "interestExpense": 14800000,
        "depreciationAndAmortization": 42600000,
        "ebitda": 141400000,
        "ebitdaratio": 0.0721723152,
        "operatingIncome": 98800000,
        "operatingIncomeRatio": 0.0504287464,
        "totalOtherIncomeExpensesNet": -14800000,
        "incomeBeforeTax": 84000000,
        "incomeBeforeTaxRatio": 0.0428746427,
        "incomeTaxExpense": 33200000,
        "netIncome": 50800000,
        "netIncomeRatio": 0.0259289506,
        "eps": 0.12,
        "epsdiluted": 0.12,
        "weightedAverageShsOut": 414802000,
        "weightedAverageShsOutDil": 416000000,
        "link": "https://www.sec.gov/Archives/edgar/data/1326380/000132638016000419/0001326380-16-000419-index.htm",
        "finalLink": "https://www.sec.gov/Archives/edgar/data/1326380/000132638016000419/a10q-fy16q3.htm"
    },
    {
        "date": "2016-07-30",
        "symbol": "GME",
        "reportedCurrency": "USD",
        "cik": "0001326380",
        "fillingDate": "2016-09-07",
        "acceptedDate": "2016-09-07 16:39:53",
        "calendarYear": "2016",
        "period": "Q2",
        "revenue": 1631800000,
        "costOfRevenue": 1014100000,
        "grossProfit": 617700000,
        "grossProfitRatio": 0.3785390366,
        "researchAndDevelopmentExpenses": 0,
        "generalAndAdministrativeExpenses": 0,
        "sellingAndMarketingExpenses": 0,
        "sellingGeneralAndAdministrativeExpenses": 518400000,
        "otherExpenses": 41000000,
        "operatingExpenses": 559400000,
        "costAndExpenses": 1573500000,
        "interestIncome": 300000,
        "interestExpense": 13900000,
        "depreciationAndAmortization": 41400000,
        "ebitda": 100000000,
        "ebitdaratio": 0.0612820199,
        "operatingIncome": 58300000,
        "operatingIncomeRatio": 0.0357274176,
        "totalOtherIncomeExpensesNet": -13600000,
        "incomeBeforeTax": 44700000,
        "incomeBeforeTaxRatio": 0.0273930629,
        "incomeTaxExpense": 16800000,
        "netIncome": 27900000,
        "netIncomeRatio": 0.0170976835,
        "eps": 0.0671,
        "epsdiluted": 0.0669,
        "weightedAverageShsOut": 416002000,
        "weightedAverageShsOutDil": 417200000,
        "link": "https://www.sec.gov/Archives/edgar/data/1326380/000132638016000406/0001326380-16-000406-index.htm",
        "finalLink": "https://www.sec.gov/Archives/edgar/data/1326380/000132638016000406/a10q-fy16q2.htm"
    },
    {
        "date": "2016-04-30",
        "symbol": "GME",
        "reportedCurrency": "USD",
        "cik": "0001326380",
        "fillingDate": "2016-06-07",
        "acceptedDate": "2016-06-07 17:19:28",
        "calendarYear": "2016",
        "period": "Q1",
        "revenue": 1971500000,
        "costOfRevenue": 1296000000,
        "grossProfit": 675500000,
        "grossProfitRatio": 0.3426325133,
        "researchAndDevelopmentExpenses": 0,
        "generalAndAdministrativeExpenses": 0,
        "sellingAndMarketingExpenses": 0,
        "sellingGeneralAndAdministrativeExpenses": 520800000,
        "otherExpenses": 40700000,
        "operatingExpenses": 561500000,
        "costAndExpenses": 1857500000,
        "interestIncome": 200000,
        "interestExpense": 11000000,
        "depreciationAndAmortization": 41000000,
        "ebitda": 155200000,
        "ebitdaratio": 0.0787217854,
        "operatingIncome": 114000000,
        "operatingIncomeRatio": 0.0578239919,
        "totalOtherIncomeExpensesNet": -10800000,
        "incomeBeforeTax": 103200000,
        "incomeBeforeTaxRatio": 0.0523459295,
        "incomeTaxExpense": 37400000,
        "netIncome": 65800000,
        "netIncomeRatio": 0.0333756023,
        "eps": 0.16,
        "epsdiluted": 0.16,
        "weightedAverageShsOut": 416800000,
        "weightedAverageShsOutDil": 417778000,
        "link": "https://www.sec.gov/Archives/edgar/data/1326380/000132638016000366/0001326380-16-000366-index.htm",
        "finalLink": "https://www.sec.gov/Archives/edgar/data/1326380/000132638016000366/a10q-fy16q1.htm"
    },
    {
        "date": "2016-01-31",
        "symbol": "GME",
        "reportedCurrency": "USD",
        "cik": "0001326380",
        "fillingDate": "2016-03-28",
        "acceptedDate": "2016-03-28 16:56:06",
        "calendarYear": "2015",
        "period": "Q4",
        "revenue": 3525000000,
        "costOfRevenue": 2481800000,
        "grossProfit": 1043200000,
        "grossProfitRatio": 0.2959432624,
        "researchAndDevelopmentExpenses": 0,
        "generalAndAdministrativeExpenses": 0,
        "sellingAndMarketingExpenses": 0,
        "sellingGeneralAndAdministrativeExpenses": 613300000,
        "otherExpenses": 48000000,
        "operatingExpenses": 661300000,
        "costAndExpenses": 3143100000,
        "interestIncome": 100000,
        "interestExpense": 5600000,
        "depreciationAndAmortization": 43700000,
        "ebitda": 425700000,
        "ebitdaratio": 0.1207659574,
        "operatingIncome": 381900000,
        "operatingIncomeRatio": 0.1083404255,
        "totalOtherIncomeExpensesNet": -5500000,
        "incomeBeforeTax": 376400000,
        "incomeBeforeTaxRatio": 0.1067801418,
        "incomeTaxExpense": 128600000,
        "netIncome": 247800000,
        "netIncomeRatio": 0.0702978723,
        "eps": 0.59,
        "epsdiluted": 0.59,
        "weightedAverageShsOut": 419855000,
        "weightedAverageShsOutDil": 420000000,
        "link": "https://www.sec.gov/Archives/edgar/data/1326380/000132638016000320/0001326380-16-000320-index.htm",
        "finalLink": "https://www.sec.gov/Archives/edgar/data/1326380/000132638016000320/a10k-fy15q4.htm"
    },
    {
        "date": "2015-10-31",
        "symbol": "GME",
        "reportedCurrency": "USD",
        "cik": "0001326380",
        "fillingDate": "2015-12-08",
        "acceptedDate": "2015-12-08 17:12:20",
        "calendarYear": "2015",
        "period": "Q3",
        "revenue": 2016300000,
        "costOfRevenue": 1360700000,
        "grossProfit": 655600000,
        "grossProfitRatio": 0.3251500273,
        "researchAndDevelopmentExpenses": 0,
        "generalAndAdministrativeExpenses": 0,
        "sellingAndMarketingExpenses": 0,
        "sellingGeneralAndAdministrativeExpenses": 525500000,
        "otherExpenses": 39400000,
        "operatingExpenses": 564900000,
        "costAndExpenses": 1925600000,
        "interestIncome": 0,
        "interestExpense": 6500000,
        "depreciationAndAmortization": 39900000,
        "ebitda": 130600000,
        "ebitdaratio": 0.0647721073,
        "operatingIncome": 90700000,
        "operatingIncomeRatio": 0.0449833854,
        "totalOtherIncomeExpensesNet": -6500000,
        "incomeBeforeTax": 84200000,
        "incomeBeforeTaxRatio": 0.0417596588,
        "incomeTaxExpense": 28300000,
        "netIncome": 55900000,
        "netIncomeRatio": 0.027724049,
        "eps": 0.13,
        "epsdiluted": 0.13,
        "weightedAverageShsOut": 421887000,
        "weightedAverageShsOutDil": 424400000,
        "link": "https://www.sec.gov/Archives/edgar/data/1326380/000132638015000229/0001326380-15-000229-index.htm",
        "finalLink": "https://www.sec.gov/Archives/edgar/data/1326380/000132638015000229/a10q-fy15q3.htm"
    },
    {
        "date": "2015-08-01",
        "symbol": "GME",
        "reportedCurrency": "USD",
        "cik": "0001326380",
        "fillingDate": "2015-09-09",
        "acceptedDate": "2015-09-09 16:04:54",
        "calendarYear": "2015",
        "period": "Q2",
        "revenue": 1761900000,
        "costOfRevenue": 1181400000,
        "grossProfit": 580500000,
        "grossProfitRatio": 0.3294738634,
        "researchAndDevelopmentExpenses": 0,
        "generalAndAdministrativeExpenses": 0,
        "sellingAndMarketingExpenses": 0,
        "sellingGeneralAndAdministrativeExpenses": 490800000,
        "otherExpenses": 38000000,
        "operatingExpenses": 528800000,
        "costAndExpenses": 1710200000,
        "interestIncome": 100000,
        "interestExpense": 5700000,
        "depreciationAndAmortization": 38300000,
        "ebitda": 90100000,
        "ebitdaratio": 0.051137976,
        "operatingIncome": 51700000,
        "operatingIncomeRatio": 0.0293433225,
        "totalOtherIncomeExpensesNet": -5600000,
        "incomeBeforeTax": 46100000,
        "incomeBeforeTaxRatio": 0.0261649356,
        "incomeTaxExpense": 20800000,
        "netIncome": 25300000,
        "netIncomeRatio": 0.0143594983,
        "eps": 0.0594,
        "epsdiluted": 0.059,
        "weightedAverageShsOut": 426005000,
        "weightedAverageShsOutDil": 428800000,
        "link": "https://www.sec.gov/Archives/edgar/data/1326380/000132638015000178/0001326380-15-000178-index.htm",
        "finalLink": "https://www.sec.gov/Archives/edgar/data/1326380/000132638015000178/form10q-fy15q2.htm"
    },
    {
        "date": "2015-05-02",
        "symbol": "GME",
        "reportedCurrency": "USD",
        "cik": "0001326380",
        "fillingDate": "2015-06-09",
        "acceptedDate": "2015-06-09 16:12:24",
        "calendarYear": "2015",
        "period": "Q1",
        "revenue": 2060600000,
        "costOfRevenue": 1421600000,
        "grossProfit": 639000000,
        "grossProfitRatio": 0.3101038532,
        "researchAndDevelopmentExpenses": 0,
        "generalAndAdministrativeExpenses": 0,
        "sellingAndMarketingExpenses": 0,
        "sellingGeneralAndAdministrativeExpenses": 479300000,
        "otherExpenses": 35800000,
        "operatingExpenses": 515100000,
        "costAndExpenses": 1936700000,
        "interestIncome": 200000,
        "interestExpense": 5600000,
        "depreciationAndAmortization": 36300000,
        "ebitda": 160400000,
        "ebitdaratio": 0.0778414054,
        "operatingIncome": 123900000,
        "operatingIncomeRatio": 0.060128118,
        "totalOtherIncomeExpensesNet": -5400000,
        "incomeBeforeTax": 118500000,
        "incomeBeforeTaxRatio": 0.0575075221,
        "incomeTaxExpense": 44700000,
        "netIncome": 73800000,
        "netIncomeRatio": 0.0358148112,
        "eps": 0.17,
        "epsdiluted": 0.17,
        "weightedAverageShsOut": 433600000,
        "weightedAverageShsOutDil": 434118000,
        "link": "https://www.sec.gov/Archives/edgar/data/1326380/000132638015000118/0001326380-15-000118-index.htm",
        "finalLink": "https://www.sec.gov/Archives/edgar/data/1326380/000132638015000118/form10q-fy15q1.htm"
    },
    {
        "date": "2015-01-31",
        "symbol": "GME",
        "reportedCurrency": "USD",
        "cik": "0001326380",
        "fillingDate": "2015-03-30",
        "acceptedDate": "2015-03-30 16:45:04",
        "calendarYear": "2014",
        "period": "Q4",
        "revenue": 3476100000,
        "costOfRevenue": 2499700000,
        "grossProfit": 976400000,
        "grossProfitRatio": 0.2808895026,
        "researchAndDevelopmentExpenses": 0,
        "generalAndAdministrativeExpenses": 0,
        "sellingAndMarketingExpenses": 0,
        "sellingGeneralAndAdministrativeExpenses": 550300000,
        "otherExpenses": 40200000,
        "operatingExpenses": 590500000,
        "costAndExpenses": 3090200000,
        "interestIncome": 300000,
        "interestExpense": 5500000,
        "depreciationAndAmortization": 38500000,
        "ebitda": 424700000,
        "ebitdaratio": 0.1221771526,
        "operatingIncome": 385900000,
        "operatingIncomeRatio": 0.1110152182,
        "totalOtherIncomeExpensesNet": -5200000,
        "incomeBeforeTax": 380700000,
        "incomeBeforeTaxRatio": 0.1095192889,
        "incomeTaxExpense": 136600000,
        "netIncome": 244100000,
        "netIncomeRatio": 0.0702223757,
        "eps": 0.56,
        "epsdiluted": 0.56,
        "weightedAverageShsOut": 438000000,
        "weightedAverageShsOutDil": 438029000,
        "link": "https://www.sec.gov/Archives/edgar/data/1326380/000132638015000078/0001326380-15-000078-index.htm",
        "finalLink": "https://www.sec.gov/Archives/edgar/data/1326380/000132638015000078/form10k-fy14.htm"
    },
    {
        "date": "2014-11-01",
        "symbol": "GME",
        "reportedCurrency": "USD",
        "cik": "0001326380",
        "fillingDate": "2014-12-10",
        "acceptedDate": "2014-12-10 16:17:19",
        "calendarYear": "2014",
        "period": "Q3",
        "revenue": 2092200000,
        "costOfRevenue": 1470000000,
        "grossProfit": 622200000,
        "grossProfitRatio": 0.2973903069,
        "researchAndDevelopmentExpenses": 0,
        "generalAndAdministrativeExpenses": 0,
        "sellingAndMarketingExpenses": 0,
        "sellingGeneralAndAdministrativeExpenses": 494300000,
        "otherExpenses": 38100000,
        "operatingExpenses": 532400000,
        "costAndExpenses": 2002400000,
        "interestIncome": 100000,
        "interestExpense": 3200000,
        "depreciationAndAmortization": 38600000,
        "ebitda": 128500000,
        "ebitdaratio": 0.0614186024,
        "operatingIncome": 89800000,
        "operatingIncomeRatio": 0.0429213268,
        "totalOtherIncomeExpensesNet": -3100000,
        "incomeBeforeTax": 86700000,
        "incomeBeforeTaxRatio": 0.0414396329,
        "incomeTaxExpense": 30300000,
        "netIncome": 56400000,
        "netIncomeRatio": 0.0269572699,
        "eps": 0.13,
        "epsdiluted": 0.12,
        "weightedAverageShsOut": 451200000,
        "weightedAverageShsOutDil": 451600000,
        "link": "https://www.sec.gov/Archives/edgar/data/1326380/000132638014000007/0001326380-14-000007-index.htm",
        "finalLink": "https://www.sec.gov/Archives/edgar/data/1326380/000132638014000007/a10q-fy14q3.htm"
    },
    {
        "date": "2014-08-02",
        "symbol": "GME",
        "reportedCurrency": "USD",
        "cik": "0001326380",
        "fillingDate": "2014-09-08",
        "acceptedDate": "2014-09-08 16:21:25",
        "calendarYear": "2014",
        "period": "Q2",
        "revenue": 1731400000,
        "costOfRevenue": 1180500000,
        "grossProfit": 550900000,
        "grossProfitRatio": 0.3181818182,
        "researchAndDevelopmentExpenses": 0,
        "generalAndAdministrativeExpenses": 0,
        "sellingAndMarketingExpenses": 0,
        "sellingGeneralAndAdministrativeExpenses": 475400000,
        "otherExpenses": 38800000,
        "operatingExpenses": 514200000,
        "costAndExpenses": 1694700000,
        "interestIncome": 100000,
        "interestExpense": 1200000,
        "depreciationAndAmortization": 39300000,
        "ebitda": 76100000,
        "ebitdaratio": 0.0439528705,
        "operatingIncome": 36700000,
        "operatingIncomeRatio": 0.0211967194,
        "totalOtherIncomeExpensesNet": -1100000,
        "incomeBeforeTax": 35600000,
        "incomeBeforeTaxRatio": 0.0205613954,
        "incomeTaxExpense": 11000000,
        "netIncome": 24600000,
        "netIncomeRatio": 0.0142081553,
        "eps": 0.0541,
        "epsdiluted": 0.0538,
        "weightedAverageShsOut": 454403000,
        "weightedAverageShsOutDil": 457200000,
        "link": "https://www.sec.gov/Archives/edgar/data/1326380/000144530514003873/0001445305-14-003873-index.htm",
        "finalLink": "https://www.sec.gov/Archives/edgar/data/1326380/000144530514003873/a10q-fy14q2.htm"
    },
    {
        "date": "2014-05-03",
        "symbol": "GME",
        "reportedCurrency": "USD",
        "cik": "0001326380",
        "fillingDate": "2014-06-12",
        "acceptedDate": "2014-06-12 08:25:05",
        "calendarYear": "2014",
        "period": "Q1",
        "revenue": 1996300000,
        "costOfRevenue": 1369900000,
        "grossProfit": 626400000,
        "grossProfitRatio": 0.3137804939,
        "researchAndDevelopmentExpenses": 0,
        "generalAndAdministrativeExpenses": 0,
        "sellingAndMarketingExpenses": 0,
        "sellingGeneralAndAdministrativeExpenses": 481000000,
        "otherExpenses": 39500000,
        "operatingExpenses": 520500000,
        "costAndExpenses": 1890400000,
        "interestIncome": 200000,
        "interestExpense": 800000,
        "depreciationAndAmortization": 40100000,
        "ebitda": 146200000,
        "ebitdaratio": 0.0732354856,
        "operatingIncome": 105900000,
        "operatingIncomeRatio": 0.0530481391,
        "totalOtherIncomeExpensesNet": -600000,
        "incomeBeforeTax": 105300000,
        "incomeBeforeTaxRatio": 0.052747583,
        "incomeTaxExpense": 37300000,
        "netIncome": 68000000,
        "netIncomeRatio": 0.0340630166,
        "eps": 0.15,
        "epsdiluted": 0.15,
        "weightedAverageShsOut": 461017000,
        "weightedAverageShsOutDil": 463600000,
        "link": "https://www.sec.gov/Archives/edgar/data/1326380/000144530514002574/0001445305-14-002574-index.htm",
        "finalLink": "https://www.sec.gov/Archives/edgar/data/1326380/000144530514002574/a10q-fy14q1.htm"
    },
    {
        "date": "2014-01-31",
        "symbol": "GME",
        "reportedCurrency": "USD",
        "cik": "0001326380",
        "fillingDate": "2014-04-02",
        "acceptedDate": "2014-04-02 12:23:47",
        "calendarYear": "2013",
        "period": "Q4",
        "revenue": 3683800000,
        "costOfRevenue": 2680800000,
        "grossProfit": 1003000000,
        "grossProfitRatio": 0.2722731962,
        "researchAndDevelopmentExpenses": 0,
        "generalAndAdministrativeExpenses": 0,
        "sellingAndMarketingExpenses": 0,
        "sellingGeneralAndAdministrativeExpenses": 573100000,
        "otherExpenses": 71500000,
        "operatingExpenses": 644600000,
        "costAndExpenses": 3325400000,
        "interestIncome": 400000,
        "interestExpense": 2200000,
        "depreciationAndAmortization": 43500000,
        "ebitda": 402300000,
        "ebitdaratio": 0.1092078832,
        "operatingIncome": 358400000,
        "operatingIncomeRatio": 0.097290841,
        "totalOtherIncomeExpensesNet": -1800000,
        "incomeBeforeTax": 356600000,
        "incomeBeforeTaxRatio": 0.0968022151,
        "incomeTaxExpense": 136100000,
        "netIncome": 220500000,
        "netIncomeRatio": 0.0598566697,
        "eps": 0.48,
        "epsdiluted": 0.47,
        "weightedAverageShsOut": 466863000,
        "weightedAverageShsOutDil": 467600000,
        "link": "https://www.sec.gov/Archives/edgar/data/1326380/000144530514001259/0001445305-14-001259-index.htm",
        "finalLink": "https://www.sec.gov/Archives/edgar/data/1326380/000144530514001259/a10k-fy13q4.htm"
    },
    {
        "date": "2013-11-02",
        "symbol": "GME",
        "reportedCurrency": "USD",
        "cik": "0001326380",
        "fillingDate": "2013-12-11",
        "acceptedDate": "2013-12-11 17:21:15",
        "calendarYear": "2013",
        "period": "Q3",
        "revenue": 2106700000,
        "costOfRevenue": 1508300000,
        "grossProfit": 598400000,
        "grossProfitRatio": 0.2840461385,
        "researchAndDevelopmentExpenses": 0,
        "generalAndAdministrativeExpenses": 0,
        "sellingAndMarketingExpenses": 0,
        "sellingGeneralAndAdministrativeExpenses": 448500000,
        "otherExpenses": 40800000,
        "operatingExpenses": 489300000,
        "costAndExpenses": 1997600000,
        "interestIncome": 300000,
        "interestExpense": 1000000,
        "depreciationAndAmortization": 41500000,
        "ebitda": 150900000,
        "ebitdaratio": 0.0716286135,
        "operatingIncome": 109100000,
        "operatingIncomeRatio": 0.0517871553,
        "totalOtherIncomeExpensesNet": -700000,
        "incomeBeforeTax": 108400000,
        "incomeBeforeTaxRatio": 0.051454882,
        "incomeTaxExpense": 39800000,
        "netIncome": 68600000,
        "netIncomeRatio": 0.0325627759,
        "eps": 0.15,
        "epsdiluted": 0.15,
        "weightedAverageShsOut": 467200000,
        "weightedAverageShsOutDil": 473103000,
        "link": "https://www.sec.gov/Archives/edgar/data/1326380/000119312513470097/0001193125-13-470097-index.htm",
        "finalLink": "https://www.sec.gov/Archives/edgar/data/1326380/000119312513470097/d614242d10q.htm"
    },
    {
        "date": "2013-08-03",
        "symbol": "GME",
        "reportedCurrency": "USD",
        "cik": "0001326380",
        "fillingDate": "2013-09-11",
        "acceptedDate": "2013-09-11 16:52:57",
        "calendarYear": "2013",
        "period": "Q2",
        "revenue": 1383700000,
        "costOfRevenue": 902300000,
        "grossProfit": 481400000,
        "grossProfitRatio": 0.3479077835,
        "researchAndDevelopmentExpenses": 0,
        "generalAndAdministrativeExpenses": 0,
        "sellingAndMarketingExpenses": 0,
        "sellingGeneralAndAdministrativeExpenses": 421600000,
        "otherExpenses": 41000000,
        "operatingExpenses": 462600000,
        "costAndExpenses": 1364900000,
        "interestIncome": 100000,
        "interestExpense": 1400000,
        "depreciationAndAmortization": 41600000,
        "ebitda": 60500000,
        "ebitdaratio": 0.0437233504,
        "operatingIncome": 18800000,
        "operatingIncomeRatio": 0.0135867601,
        "totalOtherIncomeExpensesNet": -1300000,
        "incomeBeforeTax": 17500000,
        "incomeBeforeTaxRatio": 0.0126472501,
        "incomeTaxExpense": 7000000,
        "netIncome": 10500000,
        "netIncomeRatio": 0.0075883501,
        "eps": 0.0223,
        "epsdiluted": 0.022,
        "weightedAverageShsOut": 471613000,
        "weightedAverageShsOutDil": 476800000,
        "link": "https://www.sec.gov/Archives/edgar/data/1326380/000119312513364182/0001193125-13-364182-index.htm",
        "finalLink": "https://www.sec.gov/Archives/edgar/data/1326380/000119312513364182/d569889d10q.htm"
    },
    {
        "date": "2013-05-04",
        "symbol": "GME",
        "reportedCurrency": "USD",
        "cik": "0001326380",
        "fillingDate": "2013-06-13",
        "acceptedDate": "2013-06-13 16:23:42",
        "calendarYear": "2013",
        "period": "Q1",
        "revenue": 1865300000,
        "costOfRevenue": 1287000000,
        "grossProfit": 578300000,
        "grossProfitRatio": 0.3100305581,
        "researchAndDevelopmentExpenses": 0,
        "generalAndAdministrativeExpenses": 0,
        "sellingAndMarketingExpenses": 0,
        "sellingGeneralAndAdministrativeExpenses": 449200000,
        "otherExpenses": 41900000,
        "operatingExpenses": 491100000,
        "costAndExpenses": 1778100000,
        "interestIncome": 100000,
        "interestExpense": 1000000,
        "depreciationAndAmortization": 42600000,
        "ebitda": 129900000,
        "ebitdaratio": 0.0696402723,
        "operatingIncome": 87200000,
        "operatingIncomeRatio": 0.0467485123,
        "totalOtherIncomeExpensesNet": -900000,
        "incomeBeforeTax": 86300000,
        "incomeBeforeTaxRatio": 0.0462660162,
        "incomeTaxExpense": 31700000,
        "netIncome": 54600000,
        "netIncomeRatio": 0.0292714309,
        "eps": 0.12,
        "epsdiluted": 0.11,
        "weightedAverageShsOut": 474783000,
        "weightedAverageShsOutDil": 477600000,
        "link": "https://www.sec.gov/Archives/edgar/data/1326380/000119312513257876/0001193125-13-257876-index.htm",
        "finalLink": "https://www.sec.gov/Archives/edgar/data/1326380/000119312513257876/d521061d10q.htm"
    },
    {
        "date": "2013-01-31",
        "symbol": "GME",
        "reportedCurrency": "USD",
        "cik": "0001326380",
        "fillingDate": "2013-04-03",
        "acceptedDate": "2013-04-03 16:29:13",
        "calendarYear": "2012",
        "period": "Q4",
        "revenue": 3561500000,
        "costOfRevenue": 2586600000,
        "grossProfit": 974900000,
        "grossProfitRatio": 0.2737329777,
        "researchAndDevelopmentExpenses": 0,
        "generalAndAdministrativeExpenses": 0,
        "sellingAndMarketingExpenses": 0,
        "sellingGeneralAndAdministrativeExpenses": 516500000,
        "otherExpenses": 46100000,
        "operatingExpenses": 562600000,
        "costAndExpenses": 3149200000,
        "interestIncome": 300000,
        "interestExpense": 1300000,
        "depreciationAndAmortization": 44700000,
        "ebitda": 457300000,
        "ebitdaratio": 0.1284009547,
        "operatingIncome": 412300000,
        "operatingIncomeRatio": 0.115765829,
        "totalOtherIncomeExpensesNet": -1000000,
        "incomeBeforeTax": 411300000,
        "incomeBeforeTaxRatio": 0.1154850484,
        "incomeTaxExpense": 150200000,
        "netIncome": 261100000,
        "netIncomeRatio": 0.0733118068,
        "eps": 0.54,
        "epsdiluted": 0.54,
        "weightedAverageShsOut": 485307000,
        "weightedAverageShsOutDil": 486000000,
        "link": "https://www.sec.gov/Archives/edgar/data/1326380/000119312513140443/0001193125-13-140443-index.htm",
        "finalLink": "https://www.sec.gov/Archives/edgar/data/1326380/000119312513140443/d469015d10k.htm"
    },
    {
        "date": "2012-10-27",
        "symbol": "GME",
        "reportedCurrency": "USD",
        "cik": "0001326380",
        "fillingDate": "2012-12-05",
        "acceptedDate": "2012-12-05 16:42:45",
        "calendarYear": "2012",
        "period": "Q3",
        "revenue": 1772800000,
        "costOfRevenue": 1215400000,
        "grossProfit": 557400000,
        "grossProfitRatio": 0.31441787,
        "researchAndDevelopmentExpenses": 0,
        "generalAndAdministrativeExpenses": 0,
        "sellingAndMarketingExpenses": 0,
        "sellingGeneralAndAdministrativeExpenses": 438200000,
        "otherExpenses": 722700000,
        "operatingExpenses": 1160900000,
        "costAndExpenses": 2376300000,
        "interestIncome": 200000,
        "interestExpense": 1200000,
        "depreciationAndAmortization": 44600000,
        "ebitda": -558700000,
        "ebitdaratio": -0.3151511733,
        "operatingIncome": -603500000,
        "operatingIncomeRatio": -0.3404219314,
        "totalOtherIncomeExpensesNet": -1000000,
        "incomeBeforeTax": -604500000,
        "incomeBeforeTaxRatio": -0.3409860108,
        "incomeTaxExpense": 19800000,
        "netIncome": -624300000,
        "netIncomeRatio": -0.3521547834,
        "eps": -1.27,
        "epsdiluted": -1.27,
        "weightedAverageShsOut": 491200000,
        "weightedAverageShsOutDil": 491200000,
        "link": "https://www.sec.gov/Archives/edgar/data/1326380/000119312512492205/0001193125-12-492205-index.htm",
        "finalLink": "https://www.sec.gov/Archives/edgar/data/1326380/000119312512492205/d417598d10q.htm"
    },
    {
        "date": "2012-07-28",
        "symbol": "GME",
        "reportedCurrency": "USD",
        "cik": "0001326380",
        "fillingDate": "2012-09-05",
        "acceptedDate": "2012-09-05 17:21:24",
        "calendarYear": "2012",
        "period": "Q2",
        "revenue": 1550200000,
        "costOfRevenue": 1030900000,
        "grossProfit": 519300000,
        "grossProfitRatio": 0.3349890337,
        "researchAndDevelopmentExpenses": 0,
        "generalAndAdministrativeExpenses": 0,
        "sellingAndMarketingExpenses": 0,
        "sellingGeneralAndAdministrativeExpenses": 440900000,
        "otherExpenses": 43900000,
        "operatingExpenses": 484800000,
        "costAndExpenses": 1515700000,
        "interestIncome": 200000,
        "interestExpense": 1100000,
        "depreciationAndAmortization": 44500000,
        "ebitda": 79200000,
        "ebitdaratio": 0.0510901819,
        "operatingIncome": 34500000,
        "operatingIncomeRatio": 0.0222551929,
        "totalOtherIncomeExpensesNet": -900000,
        "incomeBeforeTax": 33600000,
        "incomeBeforeTaxRatio": 0.0216746226,
        "incomeTaxExpense": 12600000,
        "netIncome": 21000000,
        "netIncomeRatio": 0.0135466391,
        "eps": 0.0408,
        "epsdiluted": 0.0407,
        "weightedAverageShsOut": 514800000,
        "weightedAverageShsOutDil": 516400000,
        "link": "https://www.sec.gov/Archives/edgar/data/1326380/000119312512381205/0001193125-12-381205-index.htm",
        "finalLink": "https://www.sec.gov/Archives/edgar/data/1326380/000119312512381205/d385850d10q.htm"
    },
    {
        "date": "2012-04-28",
        "symbol": "GME",
        "reportedCurrency": "USD",
        "cik": "0001326380",
        "fillingDate": "2012-06-06",
        "acceptedDate": "2012-06-06 16:58:25",
        "calendarYear": "2012",
        "period": "Q1",
        "revenue": 2002200000,
        "costOfRevenue": 1402300000,
        "grossProfit": 599900000,
        "grossProfitRatio": 0.2996204175,
        "researchAndDevelopmentExpenses": 0,
        "generalAndAdministrativeExpenses": 0,
        "sellingAndMarketingExpenses": 0,
        "sellingGeneralAndAdministrativeExpenses": 440400000,
        "otherExpenses": 44500000,
        "operatingExpenses": 484900000,
        "costAndExpenses": 1887200000,
        "interestIncome": 200000,
        "interestExpense": 600000,
        "depreciationAndAmortization": 45100000,
        "ebitda": 160300000,
        "ebitdaratio": 0.0800619319,
        "operatingIncome": 115000000,
        "operatingIncomeRatio": 0.0574368195,
        "totalOtherIncomeExpensesNet": -400000,
        "incomeBeforeTax": 114600000,
        "incomeBeforeTaxRatio": 0.0572370393,
        "incomeTaxExpense": 42200000,
        "netIncome": 72500000,
        "netIncomeRatio": 0.0362101688,
        "eps": 0.14,
        "epsdiluted": 0.13,
        "weightedAverageShsOut": 536000000,
        "weightedAverageShsOutDil": 539200000,
        "link": "https://www.sec.gov/Archives/edgar/data/1326380/000119312512262005/0001193125-12-262005-index.htm",
        "finalLink": "https://www.sec.gov/Archives/edgar/data/1326380/000119312512262005/d354414d10q.htm"
    },
    {
        "date": "2012-01-31",
        "symbol": "GME",
        "reportedCurrency": "USD",
        "cik": "0001326380",
        "fillingDate": "2012-03-27",
        "acceptedDate": "2012-03-27 17:09:09",
        "calendarYear": "2011",
        "period": "Q4",
        "revenue": 3578600000,
        "costOfRevenue": 2635400000,
        "grossProfit": 943200000,
        "grossProfitRatio": 0.263566758,
        "researchAndDevelopmentExpenses": 0,
        "generalAndAdministrativeExpenses": 0,
        "sellingAndMarketingExpenses": 0,
        "sellingGeneralAndAdministrativeExpenses": 513600000,
        "otherExpenses": 127100000,
        "operatingExpenses": 640700000,
        "costAndExpenses": 3276100000,
        "interestIncome": 200000,
        "interestExpense": 2200000,
        "depreciationAndAmortization": 46500000,
        "ebitda": 348800000,
        "ebitdaratio": 0.0974682837,
        "operatingIncome": 302500000,
        "operatingIncomeRatio": 0.0845302632,
        "totalOtherIncomeExpensesNet": -2400000,
        "incomeBeforeTax": 300100000,
        "incomeBeforeTaxRatio": 0.0838596099,
        "incomeTaxExpense": 125800000,
        "netIncome": 174700000,
        "netIncomeRatio": 0.0488179735,
        "eps": 0.32,
        "epsdiluted": 0.32,
        "weightedAverageShsOut": 548800000,
        "weightedAverageShsOutDil": 553200000,
        "link": "https://www.sec.gov/Archives/edgar/data/1326380/000119312512134615/0001193125-12-134615-index.htm",
        "finalLink": "https://www.sec.gov/Archives/edgar/data/1326380/000119312512134615/d283661d10k.htm"
    },
    {
        "date": "2011-10-29",
        "symbol": "GME",
        "reportedCurrency": "USD",
        "cik": "0001326380",
        "fillingDate": "2011-12-07",
        "acceptedDate": "2011-12-07 17:03:54",
        "calendarYear": "2011",
        "period": "Q3",
        "revenue": 1946800000,
        "costOfRevenue": 1373900000,
        "grossProfit": 572900000,
        "grossProfitRatio": 0.2942777892,
        "researchAndDevelopmentExpenses": 0,
        "generalAndAdministrativeExpenses": 0,
        "sellingAndMarketingExpenses": 0,
        "sellingGeneralAndAdministrativeExpenses": 443300000,
        "otherExpenses": 47000000,
        "operatingExpenses": 490300000,
        "costAndExpenses": 1864200000,
        "interestIncome": 200000,
        "interestExpense": 5400000,
        "depreciationAndAmortization": 47600000,
        "ebitda": 129800000,
        "ebitdaratio": 0.0666735155,
        "operatingIncome": 82600000,
        "operatingIncomeRatio": 0.0424286008,
        "totalOtherIncomeExpensesNet": -5800000,
        "incomeBeforeTax": 76800000,
        "incomeBeforeTaxRatio": 0.0394493528,
        "incomeTaxExpense": 23100000,
        "netIncome": 53900000,
        "netIncomeRatio": 0.0276864598,
        "eps": 0.0971,
        "epsdiluted": 0.0964,
        "weightedAverageShsOut": 555200000,
        "weightedAverageShsOutDil": 559200000,
        "link": "https://www.sec.gov/Archives/edgar/data/1326380/000119312511333737/0001193125-11-333737-index.htm",
        "finalLink": "https://www.sec.gov/Archives/edgar/data/1326380/000119312511333737/d248585d10q.htm"
    },
    {
        "date": "2011-07-30",
        "symbol": "GME",
        "reportedCurrency": "USD",
        "cik": "0001326380",
        "fillingDate": "2011-09-08",
        "acceptedDate": "2011-09-08 17:00:51",
        "calendarYear": "2011",
        "period": "Q2",
        "revenue": 1743700000,
        "costOfRevenue": 1200500000,
        "grossProfit": 543200000,
        "grossProfitRatio": 0.3115214773,
        "researchAndDevelopmentExpenses": 0,
        "generalAndAdministrativeExpenses": 0,
        "sellingAndMarketingExpenses": 0,
        "sellingGeneralAndAdministrativeExpenses": 442500000,
        "otherExpenses": 47100000,
        "operatingExpenses": 489600000,
        "costAndExpenses": 1690100000,
        "interestIncome": 400000,
        "interestExpense": 6700000,
        "depreciationAndAmortization": 47600000,
        "ebitda": 101600000,
        "ebitdaratio": 0.0582669037,
        "operatingIncome": 53600000,
        "operatingIncomeRatio": 0.0307392327,
        "totalOtherIncomeExpensesNet": -6300000,
        "incomeBeforeTax": 47300000,
        "incomeBeforeTaxRatio": 0.0271262258,
        "incomeTaxExpense": 16700000,
        "netIncome": 30900000,
        "netIncomeRatio": 0.0177209382,
        "eps": 0.0548,
        "epsdiluted": 0.0543,
        "weightedAverageShsOut": 564000000,
        "weightedAverageShsOutDil": 568800000,
        "link": "https://www.sec.gov/Archives/edgar/data/1326380/000119312511243526/0001193125-11-243526-index.htm",
        "finalLink": "https://www.sec.gov/Archives/edgar/data/1326380/000119312511243526/d222403d10q.htm"
    },
    {
        "date": "2011-04-30",
        "symbol": "GME",
        "reportedCurrency": "USD",
        "cik": "0001326380",
        "fillingDate": "2011-06-08",
        "acceptedDate": "2011-06-08 17:14:22",
        "calendarYear": "2011",
        "period": "Q1",
        "revenue": 2281400000,
        "costOfRevenue": 1661200000,
        "grossProfit": 620200000,
        "grossProfitRatio": 0.271850618,
        "researchAndDevelopmentExpenses": 0,
        "generalAndAdministrativeExpenses": 0,
        "sellingAndMarketingExpenses": 0,
        "sellingGeneralAndAdministrativeExpenses": 442700000,
        "otherExpenses": 46400000,
        "operatingExpenses": 489100000,
        "costAndExpenses": 2150300000,
        "interestIncome": 200000,
        "interestExpense": 6300000,
        "depreciationAndAmortization": 46900000,
        "ebitda": 178200000,
        "ebitdaratio": 0.0781099325,
        "operatingIncome": 131100000,
        "operatingIncomeRatio": 0.0574647146,
        "totalOtherIncomeExpensesNet": -6100000,
        "incomeBeforeTax": 125000000,
        "incomeBeforeTaxRatio": 0.0547909179,
        "incomeTaxExpense": 45000000,
        "netIncome": 80400000,
        "netIncomeRatio": 0.0352415184,
        "eps": 0.14,
        "epsdiluted": 0.14,
        "weightedAverageShsOut": 570800000,
        "weightedAverageShsOutDil": 574800000,
        "link": "https://www.sec.gov/Archives/edgar/data/1326380/000095012311057592/0000950123-11-057592-index.htm",
        "finalLink": "https://www.sec.gov/Archives/edgar/data/1326380/000095012311057592/d82560e10vq.htm"
    },
    {
        "date": "2011-01-31",
        "symbol": "GME",
        "reportedCurrency": "USD",
        "cik": "0001326380",
        "fillingDate": "2011-03-30",
        "acceptedDate": "2011-03-30 16:12:17",
        "calendarYear": "2010",
        "period": "Q4",
        "revenue": 3692758000,
        "costOfRevenue": 2789082000,
        "grossProfit": 903676000,
        "grossProfitRatio": 0.2447157382,
        "researchAndDevelopmentExpenses": 0,
        "generalAndAdministrativeExpenses": 0,
        "sellingAndMarketingExpenses": 0,
        "sellingGeneralAndAdministrativeExpenses": 482646000,
        "otherExpenses": 45282000,
        "operatingExpenses": 527928000,
        "costAndExpenses": 3317010000,
        "interestIncome": 448000,
        "interestExpense": 6367000,
        "depreciationAndAmortization": 45906000,
        "ebitda": 422068000,
        "ebitdaratio": 0.114296144,
        "operatingIncome": 375748000,
        "operatingIncomeRatio": 0.1017526737,
        "totalOtherIncomeExpensesNet": -5953000,
        "incomeBeforeTax": 369795000,
        "incomeBeforeTaxRatio": 0.1001405995,
        "incomeTaxExpense": 131974000,
        "netIncome": 237777000,
        "netIncomeRatio": 0.0643900846,
        "eps": 0.39,
        "epsdiluted": 0.39,
        "weightedAverageShsOut": 604000000,
        "weightedAverageShsOutDil": 608400000,
        "link": "https://www.sec.gov/Archives/edgar/data/1326380/000095012311030842/0000950123-11-030842-index.htm",
        "finalLink": "https://www.sec.gov/Archives/edgar/data/1326380/000095012311030842/d80233e10vk.htm"
    },
    {
        "date": "2010-10-30",
        "symbol": "GME",
        "reportedCurrency": "USD",
        "cik": "0001326380",
        "fillingDate": "2010-12-08",
        "acceptedDate": "2010-12-08 16:52:04",
        "calendarYear": "2010",
        "period": "Q3",
        "revenue": 1899200000,
        "costOfRevenue": 1352900000,
        "grossProfit": 546300000,
        "grossProfitRatio": 0.2876474305,
        "researchAndDevelopmentExpenses": 0,
        "generalAndAdministrativeExpenses": 0,
        "sellingAndMarketingExpenses": 0,
        "sellingGeneralAndAdministrativeExpenses": 408800000,
        "otherExpenses": 44700000,
        "operatingExpenses": 453500000,
        "costAndExpenses": 1806400000,
        "interestIncome": 300000,
        "interestExpense": 10000000,
        "depreciationAndAmortization": 45200000,
        "ebitda": 132300000,
        "ebitdaratio": 0.0696609099,
        "operatingIncome": 92800000,
        "operatingIncomeRatio": 0.048862679,
        "totalOtherIncomeExpensesNet": -15700000,
        "incomeBeforeTax": 77100000,
        "incomeBeforeTaxRatio": 0.0405960404,
        "incomeTaxExpense": 22800000,
        "netIncome": 54708000,
        "netIncomeRatio": 0.028805813,
        "eps": 0.0908,
        "epsdiluted": 0.0892,
        "weightedAverageShsOut": 602836000,
        "weightedAverageShsOutDil": 613104000,
        "link": "https://www.sec.gov/Archives/edgar/data/1326380/000095012310112044/0000950123-10-112044-index.htm",
        "finalLink": "https://www.sec.gov/Archives/edgar/data/1326380/000095012310112044/d77600e10vq.htm"
    },
    {
        "date": "2010-07-31",
        "symbol": "GME",
        "reportedCurrency": "USD",
        "cik": "0001326380",
        "fillingDate": "2010-09-08",
        "acceptedDate": "2010-09-08 17:10:27",
        "calendarYear": "2010",
        "period": "Q2",
        "revenue": 1799100000,
        "costOfRevenue": 1282300000,
        "grossProfit": 516800000,
        "grossProfitRatio": 0.2872547385,
        "researchAndDevelopmentExpenses": 0,
        "generalAndAdministrativeExpenses": 0,
        "sellingAndMarketingExpenses": 0,
        "sellingGeneralAndAdministrativeExpenses": 405000000,
        "otherExpenses": 42200000,
        "operatingExpenses": 447200000,
        "costAndExpenses": 1729500000,
        "interestIncome": 300000,
        "interestExpense": 10306000,
        "depreciationAndAmortization": 42700000,
        "ebitda": 112600000,
        "ebitdaratio": 0.062586849,
        "operatingIncome": 69600000,
        "operatingIncomeRatio": 0.0386860097,
        "totalOtherIncomeExpensesNet": -10000000,
        "incomeBeforeTax": 59600000,
        "incomeBeforeTaxRatio": 0.0331276749,
        "incomeTaxExpense": 19800000,
        "netIncome": 40343000,
        "netIncomeRatio": 0.0224239898,
        "eps": 0.0667,
        "epsdiluted": 0.0654,
        "weightedAverageShsOut": 605000000,
        "weightedAverageShsOutDil": 616616000,
        "link": "https://www.sec.gov/Archives/edgar/data/1326380/000095012310084627/0000950123-10-084627-index.htm",
        "finalLink": "https://www.sec.gov/Archives/edgar/data/1326380/000095012310084627/d75281e10vq.htm"
    },
    {
        "date": "2010-05-01",
        "symbol": "GME",
        "reportedCurrency": "USD",
        "cik": "0001326380",
        "fillingDate": "2010-06-09",
        "acceptedDate": "2010-06-09 16:08:43",
        "calendarYear": "2010",
        "period": "Q1",
        "revenue": 2082700000,
        "costOfRevenue": 1511900000,
        "grossProfit": 570800000,
        "grossProfitRatio": 0.2740673165,
        "researchAndDevelopmentExpenses": 0,
        "generalAndAdministrativeExpenses": 0,
        "sellingAndMarketingExpenses": 0,
        "sellingGeneralAndAdministrativeExpenses": 403800000,
        "otherExpenses": 42500000,
        "operatingExpenses": 446300000,
        "costAndExpenses": 1958200000,
        "interestIncome": 787000,
        "interestExpense": 10400000,
        "depreciationAndAmortization": 43000000,
        "ebitda": 168300000,
        "ebitdaratio": 0.0808085658,
        "operatingIncome": 124500000,
        "operatingIncomeRatio": 0.0597781726,
        "totalOtherIncomeExpensesNet": -9600000,
        "incomeBeforeTax": 114900000,
        "incomeBeforeTaxRatio": 0.0551687713,
        "incomeTaxExpense": 40100000,
        "netIncome": 75172000,
        "netIncomeRatio": 0.0360935324,
        "eps": 0.12,
        "epsdiluted": 0.12,
        "weightedAverageShsOut": 614264000,
        "weightedAverageShsOutDil": 625936000,
        "link": "https://www.sec.gov/Archives/edgar/data/1326380/000095012310056938/0000950123-10-056938-index.htm",
        "finalLink": "https://www.sec.gov/Archives/edgar/data/1326380/000095012310056938/d73338e10vq.htm"
    },
    {
        "date": "2010-01-31",
        "symbol": "GME",
        "reportedCurrency": "USD",
        "cik": "0001326380",
        "fillingDate": "2010-03-30",
        "acceptedDate": "2010-03-30 17:30:21",
        "calendarYear": "2009",
        "period": "Q4",
        "revenue": 3524013000,
        "costOfRevenue": 2649964000,
        "grossProfit": 874049000,
        "grossProfitRatio": 0.2480266106,
        "researchAndDevelopmentExpenses": 0,
        "generalAndAdministrativeExpenses": 0,
        "sellingAndMarketingExpenses": 0,
        "sellingGeneralAndAdministrativeExpenses": 483309000,
        "otherExpenses": 43386000,
        "operatingExpenses": 526695000,
        "costAndExpenses": 3176659000,
        "interestIncome": 718000,
        "interestExpense": 10473000,
        "depreciationAndAmortization": 43811000,
        "ebitda": 391883000,
        "ebitdaratio": 0.1112036193,
        "operatingIncome": 347354000,
        "operatingIncomeRatio": 0.0985677408,
        "totalOtherIncomeExpensesNet": -9755000,
        "incomeBeforeTax": 337599000,
        "incomeBeforeTaxRatio": 0.0957995898,
        "incomeTaxExpense": 123213000,
        "netIncome": 215922000,
        "netIncomeRatio": 0.0612716241,
        "eps": 0.32,
        "epsdiluted": 0.32,
        "weightedAverageShsOut": 656752000,
        "weightedAverageShsOutDil": 670400000,
        "link": "https://www.sec.gov/Archives/edgar/data/1326380/000095012310030164/0000950123-10-030164-index.htm",
        "finalLink": "https://www.sec.gov/Archives/edgar/data/1326380/000095012310030164/d70778e10vk.htm"
    },
    {
        "date": "2009-10-31",
        "symbol": "GME",
        "reportedCurrency": "USD",
        "cik": "0001326380",
        "fillingDate": "2009-12-09",
        "acceptedDate": "2009-12-09 16:12:14",
        "calendarYear": "2009",
        "period": "Q3",
        "revenue": 1834727000,
        "costOfRevenue": 1311643000,
        "grossProfit": 523084000,
        "grossProfitRatio": 0.2851018162,
        "researchAndDevelopmentExpenses": 0,
        "generalAndAdministrativeExpenses": 0,
        "sellingAndMarketingExpenses": 0,
        "sellingGeneralAndAdministrativeExpenses": 391210000,
        "otherExpenses": 41605000,
        "operatingExpenses": 432815000,
        "costAndExpenses": 1744458000,
        "interestIncome": 480000,
        "interestExpense": 10946000,
        "depreciationAndAmortization": 42021000,
        "ebitda": 130309000,
        "ebitdaratio": 0.0710236455,
        "operatingIncome": 90269000,
        "operatingIncomeRatio": 0.0492002352,
        "totalOtherIncomeExpensesNet": -12927000,
        "incomeBeforeTax": 77342000,
        "incomeBeforeTaxRatio": 0.0421545004,
        "incomeTaxExpense": 25117000,
        "netIncome": 52225000,
        "netIncomeRatio": 0.0284647253,
        "eps": 0.0793,
        "epsdiluted": 0.0777,
        "weightedAverageShsOut": 658808000,
        "weightedAverageShsOutDil": 672452000,
        "link": "https://www.sec.gov/Archives/edgar/data/1326380/000095012309069549/0000950123-09-069549-index.htm",
        "finalLink": "https://www.sec.gov/Archives/edgar/data/1326380/000095012309069549/d69085e10vq.htm"
    },
    {
        "date": "2009-08-01",
        "symbol": "GME",
        "reportedCurrency": "USD",
        "cik": "0001326380",
        "fillingDate": "2009-09-09",
        "acceptedDate": "2009-09-09 16:29:18",
        "calendarYear": "2009",
        "period": "Q2",
        "revenue": 1738504000,
        "costOfRevenue": 1243098000,
        "grossProfit": 495406000,
        "grossProfitRatio": 0.284961093,
        "researchAndDevelopmentExpenses": 0,
        "generalAndAdministrativeExpenses": 0,
        "sellingAndMarketingExpenses": 0,
        "sellingGeneralAndAdministrativeExpenses": 384773000,
        "otherExpenses": 39677000,
        "operatingExpenses": 424450000,
        "costAndExpenses": 1667548000,
        "interestIncome": 462000,
        "interestExpense": 11737000,
        "depreciationAndAmortization": 40081000,
        "ebitda": 111499000,
        "ebitdaratio": 0.0641350264,
        "operatingIncome": 70956000,
        "operatingIncomeRatio": 0.0408144013,
        "totalOtherIncomeExpensesNet": -11275000,
        "incomeBeforeTax": 59681000,
        "incomeBeforeTaxRatio": 0.0343289403,
        "incomeTaxExpense": 20996000,
        "netIncome": 38685000,
        "netIncomeRatio": 0.0222518901,
        "eps": 0.0587,
        "epsdiluted": 0.0576,
        "weightedAverageShsOut": 658544000,
        "weightedAverageShsOutDil": 671428000,
        "link": "https://www.sec.gov/Archives/edgar/data/1326380/000095012309042090/0000950123-09-042090-index.htm",
        "finalLink": "https://www.sec.gov/Archives/edgar/data/1326380/000095012309042090/d68990e10vq.htm"
    },
    {
        "date": "2009-05-02",
        "symbol": "GME",
        "reportedCurrency": "USD",
        "cik": "0001326380",
        "fillingDate": "2009-06-11",
        "acceptedDate": "2009-06-11 16:13:40",
        "calendarYear": "2009",
        "period": "Q1",
        "revenue": 1980753000,
        "costOfRevenue": 1438640000,
        "grossProfit": 542113000,
        "grossProfitRatio": 0.2736903592,
        "researchAndDevelopmentExpenses": 0,
        "generalAndAdministrativeExpenses": 0,
        "sellingAndMarketingExpenses": 0,
        "sellingGeneralAndAdministrativeExpenses": 375832000,
        "otherExpenses": 37827000,
        "operatingExpenses": 413659000,
        "costAndExpenses": 1852299000,
        "interestIncome": 517000,
        "interestExpense": 12198000,
        "depreciationAndAmortization": 38213000,
        "ebitda": 164322000,
        "ebitdaratio": 0.0829593594,
        "operatingIncome": 128454000,
        "operatingIncomeRatio": 0.0648510945,
        "totalOtherIncomeExpensesNet": -14543000,
        "incomeBeforeTax": 113911000,
        "incomeBeforeTaxRatio": 0.0575089373,
        "incomeTaxExpense": 43478000,
        "netIncome": 70433000,
        "netIncomeRatio": 0.0355586991,
        "eps": 0.11,
        "epsdiluted": 0.1,
        "weightedAverageShsOut": 657896000,
        "weightedAverageShsOutDil": 671888000,
        "link": "https://www.sec.gov/Archives/edgar/data/1326380/000095012309013296/0000950123-09-013296-index.htm",
        "finalLink": "https://www.sec.gov/Archives/edgar/data/1326380/000095012309013296/d68027e10vq.htm"
    },
    {
        "date": "2009-01-31",
        "symbol": "GME",
        "reportedCurrency": "USD",
        "cik": "0001326380",
        "fillingDate": "2009-04-01",
        "acceptedDate": "2009-04-01 16:30:56",
        "calendarYear": "2008",
        "period": "Q4",
        "revenue": 3492114000,
        "costOfRevenue": 2652937000,
        "grossProfit": 839177000,
        "grossProfitRatio": 0.2403063016,
        "researchAndDevelopmentExpenses": 0,
        "generalAndAdministrativeExpenses": 0,
        "sellingAndMarketingExpenses": 0,
        "sellingGeneralAndAdministrativeExpenses": 433285000,
        "otherExpenses": 26080000,
        "operatingExpenses": 459365000,
        "costAndExpenses": 3112302000,
        "interestIncome": 0,
        "interestExpense": 0,
        "depreciationAndAmortization": 39371000,
        "ebitda": 407171000,
        "ebitdaratio": 0.1165972818,
        "operatingIncome": 379812000,
        "operatingIncomeRatio": 0.1087627723,
        "totalOtherIncomeExpensesNet": -12331000,
        "incomeBeforeTax": 367481000,
        "incomeBeforeTaxRatio": 0.1052316734,
        "incomeTaxExpense": 135156000,
        "netIncome": 232325000,
        "netIncomeRatio": 0.0665284696,
        "eps": 0.35,
        "epsdiluted": 0.35,
        "weightedAverageShsOut": 655244000,
        "weightedAverageShsOutDil": 672000000,
        "link": "https://www.sec.gov/Archives/edgar/data/1326380/000095013409006730/0000950134-09-006730-index.htm",
        "finalLink": "https://www.sec.gov/Archives/edgar/data/1326380/000095013409006730/d66430e10vk.htm"
    },
    {
        "date": "2008-11-01",
        "symbol": "GME",
        "reportedCurrency": "USD",
        "cik": "0001326380",
        "fillingDate": "2008-12-11",
        "acceptedDate": "2008-12-11 16:56:34",
        "calendarYear": "2008",
        "period": "Q3",
        "revenue": 1695746000,
        "costOfRevenue": 1222317000,
        "grossProfit": 473429000,
        "grossProfitRatio": 0.2791862696,
        "researchAndDevelopmentExpenses": 0,
        "generalAndAdministrativeExpenses": 0,
        "sellingAndMarketingExpenses": 0,
        "sellingGeneralAndAdministrativeExpenses": 335722000,
        "otherExpenses": 52372000,
        "operatingExpenses": 388094000,
        "costAndExpenses": 1610411000,
        "interestIncome": 3672000,
        "interestExpense": 12479000,
        "depreciationAndAmortization": 36111000,
        "ebitda": 125118000,
        "ebitdaratio": 0.0737834558,
        "operatingIncome": 85335000,
        "operatingIncomeRatio": 0.0503229847,
        "totalOtherIncomeExpensesNet": -8807000,
        "incomeBeforeTax": 76528000,
        "incomeBeforeTaxRatio": 0.0451294003,
        "incomeTaxExpense": 29859000,
        "netIncome": 46669000,
        "netIncomeRatio": 0.0275212207,
        "eps": 0.0713,
        "epsdiluted": 0.0694,
        "weightedAverageShsOut": 654944000,
        "weightedAverageShsOutDil": 671980000,
        "link": "https://www.sec.gov/Archives/edgar/data/1326380/000095013408022038/0000950134-08-022038-index.htm",
        "finalLink": "https://www.sec.gov/Archives/edgar/data/1326380/000095013408022038/d65491e10vq.htm"
    },
    {
        "date": "2008-08-02",
        "symbol": "GME",
        "reportedCurrency": "USD",
        "cik": "0001326380",
        "fillingDate": "2008-09-11",
        "acceptedDate": "2008-09-11 16:25:20",
        "calendarYear": "2008",
        "period": "Q2",
        "revenue": 1804420000,
        "costOfRevenue": 1320297000,
        "grossProfit": 484123000,
        "grossProfitRatio": 0.2682984006,
        "researchAndDevelopmentExpenses": 0,
        "generalAndAdministrativeExpenses": 0,
        "sellingAndMarketingExpenses": 0,
        "sellingGeneralAndAdministrativeExpenses": 347745000,
        "otherExpenses": 36309000,
        "operatingExpenses": 384054000,
        "costAndExpenses": 1704351000,
        "interestIncome": 1628000,
        "interestExpense": 10839000,
        "depreciationAndAmortization": 35310000,
        "ebitda": 138006000,
        "ebitdaratio": 0.0764821937,
        "operatingIncome": 100069000,
        "operatingIncomeRatio": 0.0554577094,
        "totalOtherIncomeExpensesNet": -9211000,
        "incomeBeforeTax": 90858000,
        "incomeBeforeTaxRatio": 0.050353022,
        "incomeTaxExpense": 33695000,
        "netIncome": 57163000,
        "netIncomeRatio": 0.0316794316,
        "eps": 0.0875,
        "epsdiluted": 0.085,
        "weightedAverageShsOut": 653560000,
        "weightedAverageShsOutDil": 672268000,
        "link": "https://www.sec.gov/Archives/edgar/data/1326380/000095013408016477/0000950134-08-016477-index.htm",
        "finalLink": "https://www.sec.gov/Archives/edgar/data/1326380/000095013408016477/d60148e10vq.htm"
    },
    {
        "date": "2008-05-03",
        "symbol": "GME",
        "reportedCurrency": "USD",
        "cik": "0001326380",
        "fillingDate": "2008-06-12",
        "acceptedDate": "2008-06-12 06:01:43",
        "calendarYear": "2008",
        "period": "Q1",
        "revenue": 1813617000,
        "costOfRevenue": 1340211000,
        "grossProfit": 473406000,
        "grossProfitRatio": 0.2610286516,
        "researchAndDevelopmentExpenses": 0,
        "generalAndAdministrativeExpenses": 0,
        "sellingAndMarketingExpenses": 0,
        "sellingGeneralAndAdministrativeExpenses": 328667000,
        "otherExpenses": 34836000,
        "operatingExpenses": 363503000,
        "costAndExpenses": 1703714000,
        "interestIncome": 0,
        "interestExpense": 0,
        "depreciationAndAmortization": 36492000,
        "ebitda": 146395000,
        "ebitdaratio": 0.0807199094,
        "operatingIncome": 109903000,
        "operatingIncomeRatio": 0.0605987924,
        "totalOtherIncomeExpensesNet": -10819000,
        "incomeBeforeTax": 99084000,
        "incomeBeforeTaxRatio": 0.0546333653,
        "incomeTaxExpense": 36959000,
        "netIncome": 62125000,
        "netIncomeRatio": 0.0342547517,
        "eps": 0.096,
        "epsdiluted": 0.0928,
        "weightedAverageShsOut": 647300000,
        "weightedAverageShsOutDil": 669508000,
        "link": "https://www.sec.gov/Archives/edgar/data/1326380/000095013408011106/0000950134-08-011106-index.htm",
        "finalLink": "https://www.sec.gov/Archives/edgar/data/1326380/000095013408011106/d57541e10vq.htm"
    },
    {
        "date": "2008-01-31",
        "symbol": "GME",
        "reportedCurrency": "USD",
        "cik": "0001326380",
        "fillingDate": "2008-04-02",
        "acceptedDate": "2008-04-02 16:17:23",
        "calendarYear": "2007",
        "period": "Q4",
        "revenue": 2865585000,
        "costOfRevenue": 2181510000,
        "grossProfit": 684075000,
        "grossProfitRatio": 0.2387208895,
        "researchAndDevelopmentExpenses": 0,
        "generalAndAdministrativeExpenses": 0,
        "sellingAndMarketingExpenses": 0,
        "sellingGeneralAndAdministrativeExpenses": 357512000,
        "otherExpenses": 33412000,
        "operatingExpenses": 390924000,
        "costAndExpenses": 2572434000,
        "interestIncome": 0,
        "interestExpense": 0,
        "depreciationAndAmortization": 34416000,
        "ebitda": 327567000,
        "ebitdaratio": 0.1143106905,
        "operatingIncome": 293151000,
        "operatingIncomeRatio": 0.1023005774,
        "totalOtherIncomeExpensesNet": -8390000,
        "incomeBeforeTax": 284761000,
        "incomeBeforeTaxRatio": 0.0993727284,
        "incomeTaxExpense": 94960000,
        "netIncome": 189801000,
        "netIncomeRatio": 0.0662346432,
        "eps": 0.28,
        "epsdiluted": 0.28,
        "weightedAverageShsOut": 643920000,
        "weightedAverageShsOutDil": 668000000,
        "link": "https://www.sec.gov/Archives/edgar/data/1326380/000095013408005892/0000950134-08-005892-index.htm",
        "finalLink": "https://www.sec.gov/Archives/edgar/data/1326380/000095013408005892/d55358e10vk.htm"
    },
    {
        "date": "2007-11-03",
        "symbol": "GME",
        "reportedCurrency": "USD",
        "cik": "0001326380",
        "fillingDate": "2007-12-07",
        "acceptedDate": "2007-12-07 17:06:07",
        "calendarYear": "2007",
        "period": "Q3",
        "revenue": 1611201000,
        "costOfRevenue": 1191637000,
        "grossProfit": 419564000,
        "grossProfitRatio": 0.2604045057,
        "researchAndDevelopmentExpenses": 0,
        "generalAndAdministrativeExpenses": 0,
        "sellingAndMarketingExpenses": 0,
        "sellingGeneralAndAdministrativeExpenses": 288954000,
        "otherExpenses": 33705000,
        "operatingExpenses": 322659000,
        "costAndExpenses": 1514296000,
        "interestIncome": 0,
        "interestExpense": 0,
        "depreciationAndAmortization": 36157000,
        "ebitda": 133062000,
        "ebitdaratio": 0.0825855992,
        "operatingIncome": 96905000,
        "operatingIncomeRatio": 0.0601445754,
        "totalOtherIncomeExpensesNet": -15762000,
        "incomeBeforeTax": 81143000,
        "incomeBeforeTaxRatio": 0.0503618108,
        "incomeTaxExpense": 29186000,
        "netIncome": 51957000,
        "netIncomeRatio": 0.0322473732,
        "eps": 0.0812,
        "epsdiluted": 0.0781,
        "weightedAverageShsOut": 640192000,
        "weightedAverageShsOutDil": 665428000,
        "link": "https://www.sec.gov/Archives/edgar/data/1326380/000095013407025084/0000950134-07-025084-index.htm",
        "finalLink": "https://www.sec.gov/Archives/edgar/data/1326380/000095013407025084/d52126e10vq.htm"
    },
    {
        "date": "2007-08-04",
        "symbol": "GME",
        "reportedCurrency": "USD",
        "cik": "0001326380",
        "fillingDate": "2007-09-07",
        "acceptedDate": "2007-09-07 06:02:11",
        "calendarYear": "2007",
        "period": "Q2",
        "revenue": 1338193000,
        "costOfRevenue": 976894000,
        "grossProfit": 361299000,
        "grossProfitRatio": 0.2699902032,
        "researchAndDevelopmentExpenses": 0,
        "generalAndAdministrativeExpenses": 0,
        "sellingAndMarketingExpenses": 0,
        "sellingGeneralAndAdministrativeExpenses": 278434000,
        "otherExpenses": 32118000,
        "operatingExpenses": 310552000,
        "costAndExpenses": 1287446000,
        "interestIncome": 0,
        "interestExpense": 0,
        "depreciationAndAmortization": 33812000,
        "ebitda": 84559000,
        "ebitdaratio": 0.0631889421,
        "operatingIncome": 50747000,
        "operatingIncomeRatio": 0.0379220337,
        "totalOtherIncomeExpensesNet": -15373000,
        "incomeBeforeTax": 35374000,
        "incomeBeforeTaxRatio": 0.0264341541,
        "incomeTaxExpense": 13564000,
        "netIncome": 21810000,
        "netIncomeRatio": 0.0162980975,
        "eps": 0.0344,
        "epsdiluted": 0.0331,
        "weightedAverageShsOut": 633752000,
        "weightedAverageShsOutDil": 659076000,
        "link": "https://www.sec.gov/Archives/edgar/data/1326380/000095013407019687/0000950134-07-019687-index.htm",
        "finalLink": "https://www.sec.gov/Archives/edgar/data/1326380/000095013407019687/d49727e10vq.htm"
    },
    {
        "date": "2007-05-05",
        "symbol": "GME",
        "reportedCurrency": "USD",
        "cik": "0001326380",
        "fillingDate": "2007-06-14",
        "acceptedDate": "2007-06-13 18:06:21",
        "calendarYear": "2007",
        "period": "Q1",
        "revenue": 1278983000,
        "costOfRevenue": 930214000,
        "grossProfit": 348769000,
        "grossProfitRatio": 0.2726924439,
        "researchAndDevelopmentExpenses": 0,
        "generalAndAdministrativeExpenses": 0,
        "sellingAndMarketingExpenses": 0,
        "sellingGeneralAndAdministrativeExpenses": 257116000,
        "otherExpenses": 31035000,
        "operatingExpenses": 288151000,
        "costAndExpenses": 1218365000,
        "interestIncome": 0,
        "interestExpense": 0,
        "depreciationAndAmortization": 33723000,
        "ebitda": 94341000,
        "ebitdaratio": 0.0737625129,
        "operatingIncome": 60618000,
        "operatingIncomeRatio": 0.0473954697,
        "totalOtherIncomeExpensesNet": -20840000,
        "incomeBeforeTax": 39778000,
        "incomeBeforeTaxRatio": 0.0311012734,
        "incomeTaxExpense": 15055000,
        "netIncome": 24723000,
        "netIncomeRatio": 0.0193302022,
        "eps": 0.0403,
        "epsdiluted": 0.0383,
        "weightedAverageShsOut": 613756000,
        "weightedAverageShsOutDil": 645024000,
        "link": "https://www.sec.gov/Archives/edgar/data/1326380/000095013407013384/0000950134-07-013384-index.htm",
        "finalLink": "https://www.sec.gov/Archives/edgar/data/1326380/000095013407013384/d47452e10vq.htm"
    },
    {
        "date": "2007-01-31",
        "symbol": "GME",
        "reportedCurrency": "USD",
        "cik": "0001326380",
        "fillingDate": "2007-04-04",
        "acceptedDate": "2007-04-04 16:26:58",
        "calendarYear": "2006",
        "period": "Q4",
        "revenue": 2303966000,
        "costOfRevenue": 1749478000,
        "grossProfit": 554488000,
        "grossProfitRatio": 0.240666746,
        "researchAndDevelopmentExpenses": 0,
        "generalAndAdministrativeExpenses": 0,
        "sellingAndMarketingExpenses": 0,
        "sellingGeneralAndAdministrativeExpenses": 299297000,
        "otherExpenses": 30321000,
        "operatingExpenses": 329618000,
        "costAndExpenses": 2079096000,
        "interestIncome": 5936000,
        "interestExpense": 0,
        "depreciationAndAmortization": 33459000,
        "ebitda": 258329000,
        "ebitdaratio": 0.1121236164,
        "operatingIncome": 224870000,
        "operatingIncomeRatio": 0.0976012667,
        "totalOtherIncomeExpensesNet": -16635000,
        "incomeBeforeTax": 208235000,
        "incomeBeforeTaxRatio": 0.0903811081,
        "incomeTaxExpense": 78432000,
        "netIncome": 129803000,
        "netIncomeRatio": 0.056338939,
        "eps": 0.2,
        "epsdiluted": 0.2,
        "weightedAverageShsOut": 607928000,
        "weightedAverageShsOutDil": 639200000,
        "link": "https://www.sec.gov/Archives/edgar/data/1326380/000095013407007555/0000950134-07-007555-index.htm",
        "finalLink": "https://www.sec.gov/Archives/edgar/data/1326380/000095013407007555/d45113e10vk.htm"
    },
    {
        "date": "2006-10-28",
        "symbol": "GME",
        "reportedCurrency": "USD",
        "cik": "0001326380",
        "fillingDate": "2006-12-05",
        "acceptedDate": "2006-12-05 16:23:04",
        "calendarYear": "2006",
        "period": "Q3",
        "revenue": 1011560000,
        "costOfRevenue": 695904000,
        "grossProfit": 315656000,
        "grossProfitRatio": 0.3120487168,
        "researchAndDevelopmentExpenses": 0,
        "generalAndAdministrativeExpenses": 0,
        "sellingAndMarketingExpenses": 0,
        "sellingGeneralAndAdministrativeExpenses": 240545000,
        "otherExpenses": 30171000,
        "operatingExpenses": 270716000,
        "costAndExpenses": 966620000,
        "interestIncome": 0,
        "interestExpense": 0,
        "depreciationAndAmortization": 28812000,
        "ebitda": 76642000,
        "ebitdaratio": 0.0757661434,
        "operatingIncome": 44940000,
        "operatingIncomeRatio": 0.0444264305,
        "totalOtherIncomeExpensesNet": -23019000,
        "incomeBeforeTax": 21921000,
        "incomeBeforeTaxRatio": 0.0216704891,
        "incomeTaxExpense": 8352000,
        "netIncome": 13569000,
        "netIncomeRatio": 0.0134139349,
        "eps": 0.0225,
        "epsdiluted": 0.0214,
        "weightedAverageShsOut": 603140000,
        "weightedAverageShsOutDil": 634332000,
        "link": "https://www.sec.gov/Archives/edgar/data/1326380/000095013406022633/0000950134-06-022633-index.htm",
        "finalLink": "https://www.sec.gov/Archives/edgar/data/1326380/000095013406022633/d41724e10vq.htm"
    },
    {
        "date": "2006-07-29",
        "symbol": "GME",
        "reportedCurrency": "USD",
        "cik": "0001326380",
        "fillingDate": "2006-09-05",
        "acceptedDate": "2006-09-05 16:48:43",
        "calendarYear": "2006",
        "period": "Q2",
        "revenue": 963347000,
        "costOfRevenue": 664083000,
        "grossProfit": 299264000,
        "grossProfitRatio": 0.3106502641,
        "researchAndDevelopmentExpenses": 0,
        "generalAndAdministrativeExpenses": 0,
        "sellingAndMarketingExpenses": 0,
        "sellingGeneralAndAdministrativeExpenses": 244611000,
        "otherExpenses": 28900000,
        "operatingExpenses": 273511000,
        "costAndExpenses": 937594000,
        "interestIncome": 0,
        "interestExpense": 0,
        "depreciationAndAmortization": 27432000,
        "ebitda": 55757000,
        "ebitdaratio": 0.0578784176,
        "operatingIncome": 25753000,
        "operatingIncomeRatio": 0.0267328387,
        "totalOtherIncomeExpensesNet": -20400000,
        "incomeBeforeTax": 5353000,
        "incomeBeforeTaxRatio": 0.0055566686,
        "incomeTaxExpense": 2176000,
        "netIncome": 3177000,
        "netIncomeRatio": 0.0032978771,
        "eps": 0.0053,
        "epsdiluted": 0.005,
        "weightedAverageShsOut": 600596000,
        "weightedAverageShsOutDil": 630632000,
        "link": "https://www.sec.gov/Archives/edgar/data/1326380/000095013406017280/0000950134-06-017280-index.htm",
        "finalLink": "https://www.sec.gov/Archives/edgar/data/1326380/000095013406017280/d39286e10vq.htm"
    },
    {
        "date": "2006-04-29",
        "symbol": "GME",
        "reportedCurrency": "USD",
        "cik": "0001326380",
        "fillingDate": "2006-06-02",
        "acceptedDate": "2006-06-02 16:27:06",
        "calendarYear": "2006",
        "period": "Q1",
        "revenue": 1040027000,
        "costOfRevenue": 737993000,
        "grossProfit": 302034000,
        "grossProfitRatio": 0.2904097682,
        "researchAndDevelopmentExpenses": 0,
        "generalAndAdministrativeExpenses": 0,
        "sellingAndMarketingExpenses": 0,
        "sellingGeneralAndAdministrativeExpenses": 236660000,
        "otherExpenses": 27258000,
        "operatingExpenses": 263918000,
        "costAndExpenses": 1001911000,
        "interestIncome": 0,
        "interestExpense": 0,
        "depreciationAndAmortization": 27021000,
        "ebitda": 66463000,
        "ebitdaratio": 0.0639050717,
        "operatingIncome": 38116000,
        "operatingIncomeRatio": 0.0366490485,
        "totalOtherIncomeExpensesNet": -19329000,
        "incomeBeforeTax": 18787000,
        "incomeBeforeTaxRatio": 0.0180639541,
        "incomeTaxExpense": 7086000,
        "netIncome": 11701000,
        "netIncomeRatio": 0.0112506695,
        "eps": 0.0199,
        "epsdiluted": 0.0186,
        "weightedAverageShsOut": 587128000,
        "weightedAverageShsOutDil": 627776000,
        "link": "https://www.sec.gov/Archives/edgar/data/1326380/000095013406011007/0000950134-06-011007-index.htm",
        "finalLink": "https://www.sec.gov/Archives/edgar/data/1326380/000095013406011007/d36705e10vq.htm"
    },
    {
        "date": "2006-01-31",
        "symbol": "GME",
        "reportedCurrency": "USD",
        "cik": "0001326380",
        "fillingDate": "2006-04-03",
        "acceptedDate": "2006-04-03 16:49:57",
        "calendarYear": "2005",
        "period": "Q4",
        "revenue": 1666914000,
        "costOfRevenue": 1225796000,
        "grossProfit": 441118000,
        "grossProfitRatio": 0.2646315287,
        "researchAndDevelopmentExpenses": 0,
        "generalAndAdministrativeExpenses": 0,
        "sellingAndMarketingExpenses": 0,
        "sellingGeneralAndAdministrativeExpenses": 259974000,
        "otherExpenses": 28554000,
        "operatingExpenses": 288528000,
        "costAndExpenses": 1514324000,
        "interestIncome": 0,
        "interestExpense": 25292000,
        "depreciationAndAmortization": 27025000,
        "ebitda": 189404000,
        "ebitdaratio": 0.113625538,
        "operatingIncome": 152590000,
        "operatingIncomeRatio": 0.0915404154,
        "totalOtherIncomeExpensesNet": -18635000,
        "incomeBeforeTax": 133955000,
        "incomeBeforeTaxRatio": 0.0803610744,
        "incomeTaxExpense": 48940000,
        "netIncome": 85015000,
        "netIncomeRatio": 0.0510014314,
        "eps": 0.14,
        "epsdiluted": 0.14,
        "weightedAverageShsOut": 619200000,
        "weightedAverageShsOutDil": 619200000,
        "link": "https://www.sec.gov/Archives/edgar/data/1326380/000095013406006576/0000950134-06-006576-index.htm",
        "finalLink": "https://www.sec.gov/Archives/edgar/data/1326380/000095013406006576/d34677e10vk.htm"
    },
    {
        "date": "2005-10-29",
        "symbol": "GME",
        "reportedCurrency": "USD",
        "cik": "0001326380",
        "fillingDate": "2005-12-08",
        "acceptedDate": "2005-12-08 16:27:37",
        "calendarYear": "2005",
        "period": "Q3",
        "revenue": 534212000,
        "costOfRevenue": 357492000,
        "grossProfit": 176720000,
        "grossProfitRatio": 0.3308049988,
        "researchAndDevelopmentExpenses": 0,
        "generalAndAdministrativeExpenses": 0,
        "sellingAndMarketingExpenses": 0,
        "sellingGeneralAndAdministrativeExpenses": 136072000,
        "otherExpenses": 30553000,
        "operatingExpenses": 166625000,
        "costAndExpenses": 524117000,
        "interestIncome": 0,
        "interestExpense": 0,
        "depreciationAndAmortization": 20094000,
        "ebitda": 41518000,
        "ebitdaratio": 0.0777182093,
        "operatingIncome": 10095000,
        "operatingIncomeRatio": 0.0188969922,
        "totalOtherIncomeExpensesNet": -13948000,
        "incomeBeforeTax": -3853000,
        "incomeBeforeTaxRatio": -0.0072124924,
        "incomeTaxExpense": -1393000,
        "netIncome": -2460000,
        "netIncomeRatio": -0.0046049134,
        "eps": -0.0054,
        "epsdiluted": -0.0054,
        "weightedAverageShsOut": 453040000,
        "weightedAverageShsOutDil": 453040000,
        "link": "https://www.sec.gov/Archives/edgar/data/1326380/000095013405022807/0000950134-05-022807-index.htm",
        "finalLink": "https://www.sec.gov/Archives/edgar/data/1326380/000095013405022807/d31079e10vq.htm"
    },
    {
        "date": "2005-07-31",
        "symbol": "GME",
        "reportedCurrency": "USD",
        "cik": "0001326380",
        "fillingDate": "2005-07-31",
        "acceptedDate": "2005-07-30 20:00:00",
        "calendarYear": "2005",
        "period": "Q2",
        "revenue": 415930000,
        "costOfRevenue": 287775000,
        "grossProfit": 128155000,
        "grossProfitRatio": 0.3081167504,
        "researchAndDevelopmentExpenses": 0,
        "generalAndAdministrativeExpenses": 0,
        "sellingAndMarketingExpenses": 0,
        "sellingGeneralAndAdministrativeExpenses": 104311000,
        "otherExpenses": 10654000,
        "operatingExpenses": 114965000,
        "costAndExpenses": 402740000,
        "interestIncome": 0,
        "interestExpense": 0,
        "depreciationAndAmortization": 10763000,
        "ebitda": 23953000,
        "ebitdaratio": 0.0575890174,
        "operatingIncome": 13190000,
        "operatingIncomeRatio": 0.0317120669,
        "totalOtherIncomeExpensesNet": -144000,
        "incomeBeforeTax": 13046000,
        "incomeBeforeTaxRatio": 0.0313658548,
        "incomeTaxExpense": 5143000,
        "netIncome": 7903000,
        "netIncomeRatio": 0.0190007934,
        "eps": 0.0191,
        "epsdiluted": 0.0175,
        "weightedAverageShsOut": 413168000,
        "weightedAverageShsOutDil": 452064000,
        "link": "",
        "finalLink": ""
    },
    {
        "date": "2005-04-30",
        "symbol": "GME",
        "reportedCurrency": "USD",
        "cik": "0001326380",
        "fillingDate": "2005-04-30",
        "acceptedDate": "2005-04-29 20:00:00",
        "calendarYear": "2005",
        "period": "Q1",
        "revenue": 474727000,
        "costOfRevenue": 348690000,
        "grossProfit": 126037000,
        "grossProfitRatio": 0.2654936416,
        "researchAndDevelopmentExpenses": 0,
        "generalAndAdministrativeExpenses": 0,
        "sellingAndMarketingExpenses": 0,
        "sellingGeneralAndAdministrativeExpenses": 98986000,
        "otherExpenses": 10194000,
        "operatingExpenses": 109180000,
        "costAndExpenses": 457870000,
        "interestIncome": 0,
        "interestExpense": 0,
        "depreciationAndAmortization": 10322000,
        "ebitda": 27179000,
        "ebitdaratio": 0.0572518521,
        "operatingIncome": 16857000,
        "operatingIncomeRatio": 0.0355088293,
        "totalOtherIncomeExpensesNet": -83000,
        "incomeBeforeTax": 16774000,
        "incomeBeforeTaxRatio": 0.035333992,
        "incomeTaxExpense": 6448000,
        "netIncome": 10326000,
        "netIncomeRatio": 0.0217514487,
        "eps": 0.0253,
        "epsdiluted": 0.0237,
        "weightedAverageShsOut": 408000000,
        "weightedAverageShsOutDil": 435920000,
        "link": "",
        "finalLink": ""
    },
    {
        "date": "2005-01-31",
        "symbol": "GME",
        "reportedCurrency": "USD",
        "cik": "0001326380",
        "fillingDate": "2005-01-31",
        "acceptedDate": "2005-01-30 19:00:00",
        "calendarYear": "2004",
        "period": "Q4",
        "revenue": 708740000,
        "costOfRevenue": 527622000,
        "grossProfit": 181118000,
        "grossProfitRatio": 0.2555492846,
        "researchAndDevelopmentExpenses": 0,
        "generalAndAdministrativeExpenses": 0,
        "sellingAndMarketingExpenses": 0,
        "sellingGeneralAndAdministrativeExpenses": 114302000,
        "otherExpenses": 10836000,
        "operatingExpenses": 125138000,
        "costAndExpenses": 652760000,
        "interestIncome": 0,
        "interestExpense": 0,
        "depreciationAndAmortization": 10974000,
        "ebitda": 66954000,
        "ebitdaratio": 0.0944690578,
        "operatingIncome": 55980000,
        "operatingIncomeRatio": 0.0789852414,
        "totalOtherIncomeExpensesNet": -489000,
        "incomeBeforeTax": 55491000,
        "incomeBeforeTaxRatio": 0.0782952846,
        "incomeTaxExpense": 20974000,
        "netIncome": 34517000,
        "netIncomeRatio": 0.0487019217,
        "eps": 0.0794,
        "epsdiluted": 0.0794,
        "weightedAverageShsOut": 434672000,
        "weightedAverageShsOutDil": 434672000,
        "link": "",
        "finalLink": ""
    },
    {
        "date": "2004-10-31",
        "symbol": "GME",
        "reportedCurrency": "USD",
        "cik": "0001326380",
        "fillingDate": "2004-10-31",
        "acceptedDate": "2004-10-30 20:00:00",
        "calendarYear": "2004",
        "period": "Q3",
        "revenue": 416737000,
        "costOfRevenue": 297778000,
        "grossProfit": 118959000,
        "grossProfitRatio": 0.2854534155,
        "researchAndDevelopmentExpenses": 0,
        "generalAndAdministrativeExpenses": 0,
        "sellingAndMarketingExpenses": 0,
        "sellingGeneralAndAdministrativeExpenses": 89660000,
        "otherExpenses": 9447000,
        "operatingExpenses": 99107000,
        "costAndExpenses": 396885000,
        "interestIncome": 470000,
        "interestExpense": 0,
        "depreciationAndAmortization": 9148000,
        "ebitda": 29299000,
        "ebitdaratio": 0.0703057324,
        "operatingIncome": 19852000,
        "operatingIncomeRatio": 0.0476367589,
        "totalOtherIncomeExpensesNet": -94000,
        "incomeBeforeTax": 19758000,
        "incomeBeforeTaxRatio": 0.047411197,
        "incomeTaxExpense": 7699000,
        "netIncome": 12059000,
        "netIncomeRatio": 0.0289367155,
        "eps": 0.0277,
        "epsdiluted": 0.0263,
        "weightedAverageShsOut": 434672000,
        "weightedAverageShsOutDil": 458936000,
        "link": "",
        "finalLink": ""
    },
    {
        "date": "2004-07-31",
        "symbol": "GME",
        "reportedCurrency": "USD",
        "cik": "0001326380",
        "fillingDate": "2004-07-31",
        "acceptedDate": "2004-07-30 20:00:00",
        "calendarYear": "2004",
        "period": "Q2",
        "revenue": 345593000,
        "costOfRevenue": 239307000,
        "grossProfit": 106286000,
        "grossProfitRatio": 0.3075467385,
        "researchAndDevelopmentExpenses": 0,
        "generalAndAdministrativeExpenses": 0,
        "sellingAndMarketingExpenses": 0,
        "sellingGeneralAndAdministrativeExpenses": 84933000,
        "otherExpenses": 8808000,
        "operatingExpenses": 93741000,
        "costAndExpenses": 333048000,
        "interestIncome": 392000,
        "interestExpense": 0,
        "depreciationAndAmortization": 8952000,
        "ebitda": 21497000,
        "ebitdaratio": 0.0622032275,
        "operatingIncome": 12545000,
        "operatingIncomeRatio": 0.0362999251,
        "totalOtherIncomeExpensesNet": 194000,
        "incomeBeforeTax": 12739000,
        "incomeBeforeTaxRatio": 0.036861279,
        "incomeTaxExpense": 5067000,
        "netIncome": 7672000,
        "netIncomeRatio": 0.0221995237,
        "eps": 0.0169,
        "epsdiluted": 0.0161,
        "weightedAverageShsOut": 452960000,
        "weightedAverageShsOutDil": 476264000,
        "link": "",
        "finalLink": ""
    },
    {
        "date": "2004-04-30",
        "symbol": "GME",
        "reportedCurrency": "USD",
        "cik": "0001326380",
        "fillingDate": "2004-04-30",
        "acceptedDate": "2004-04-29 20:00:00",
        "calendarYear": "2004",
        "period": "Q1",
        "revenue": 371736000,
        "costOfRevenue": 266196000,
        "grossProfit": 105540000,
        "grossProfitRatio": 0.2839111628,
        "researchAndDevelopmentExpenses": 0,
        "generalAndAdministrativeExpenses": 0,
        "sellingAndMarketingExpenses": 0,
        "sellingGeneralAndAdministrativeExpenses": 86471000,
        "otherExpenses": 8299000,
        "operatingExpenses": 94770000,
        "costAndExpenses": 360966000,
        "interestIncome": 0,
        "interestExpense": 0,
        "depreciationAndAmortization": 8377000,
        "ebitda": 19147000,
        "ebitdaratio": 0.0515069835,
        "operatingIncome": 10770000,
        "operatingIncomeRatio": 0.0289721738,
        "totalOtherIncomeExpensesNet": 153000,
        "incomeBeforeTax": 10923000,
        "incomeBeforeTaxRatio": 0.0293837562,
        "incomeTaxExpense": 4245000,
        "netIncome": 6678000,
        "netIncomeRatio": 0.0179643618,
        "eps": 0.0146,
        "epsdiluted": 0.0139,
        "weightedAverageShsOut": 455920000,
        "weightedAverageShsOutDil": 481040000,
        "link": "",
        "finalLink": ""
    },
    {
        "date": "2004-01-31",
        "symbol": "GME",
        "reportedCurrency": "USD",
        "cik": "0001326380",
        "fillingDate": "2004-01-31",
        "acceptedDate": "2004-01-30 19:00:00",
        "calendarYear": "2003",
        "period": "Q4",
        "revenue": 625381000,
        "costOfRevenue": 461705000,
        "grossProfit": 163676000,
        "grossProfitRatio": 0.2617220542,
        "researchAndDevelopmentExpenses": 0,
        "generalAndAdministrativeExpenses": 0,
        "sellingAndMarketingExpenses": 0,
        "sellingGeneralAndAdministrativeExpenses": 90581000,
        "otherExpenses": 8140000,
        "operatingExpenses": 98721000,
        "costAndExpenses": 560426000,
        "interestIncome": 0,
        "interestExpense": 0,
        "depreciationAndAmortization": 8220000,
        "ebitda": 73175000,
        "ebitdaratio": 0.1170086715,
        "operatingIncome": 64955000,
        "operatingIncomeRatio": 0.1038646841,
        "totalOtherIncomeExpensesNet": 156000,
        "incomeBeforeTax": 65111000,
        "incomeBeforeTaxRatio": 0.104114132,
        "incomeTaxExpense": 25554000,
        "netIncome": 39557000,
        "netIncomeRatio": 0.0632526412,
        "eps": 0.0887,
        "epsdiluted": 0.0887,
        "weightedAverageShsOut": 445648000,
        "weightedAverageShsOutDil": 446136000,
        "link": "",
        "finalLink": ""
    },
    {
        "date": "2003-10-31",
        "symbol": "GME",
        "reportedCurrency": "USD",
        "cik": "0001326380",
        "fillingDate": "2003-10-31",
        "acceptedDate": "2003-10-30 19:00:00",
        "calendarYear": "2003",
        "period": "Q3",
        "revenue": 326042000,
        "costOfRevenue": 227568000,
        "grossProfit": 98474000,
        "grossProfitRatio": 0.302028573,
        "researchAndDevelopmentExpenses": 0,
        "generalAndAdministrativeExpenses": 0,
        "sellingAndMarketingExpenses": 0,
        "sellingGeneralAndAdministrativeExpenses": 72865000,
        "otherExpenses": 7718000,
        "operatingExpenses": 80583000,
        "costAndExpenses": 308151000,
        "interestIncome": 0,
        "interestExpense": 0,
        "depreciationAndAmortization": 7804000,
        "ebitda": 25695000,
        "ebitdaratio": 0.0788088651,
        "operatingIncome": 17891000,
        "operatingIncomeRatio": 0.0548732985,
        "totalOtherIncomeExpensesNet": 62000,
        "incomeBeforeTax": 17953000,
        "incomeBeforeTaxRatio": 0.0550634581,
        "incomeTaxExpense": 7260000,
        "netIncome": 10693000,
        "netIncomeRatio": 0.0327963882,
        "eps": 0.024,
        "epsdiluted": 0.0225,
        "weightedAverageShsOut": 446136000,
        "weightedAverageShsOutDil": 475448000,
        "link": "",
        "finalLink": ""
    },
    {
        "date": "2003-07-31",
        "symbol": "GME",
        "reportedCurrency": "USD",
        "cik": "0001326380",
        "fillingDate": "2003-07-31",
        "acceptedDate": "2003-07-30 20:00:00",
        "calendarYear": "2003",
        "period": "Q2",
        "revenue": 305674000,
        "costOfRevenue": 216691000,
        "grossProfit": 88983000,
        "grossProfitRatio": 0.2911042483,
        "researchAndDevelopmentExpenses": 0,
        "generalAndAdministrativeExpenses": 0,
        "sellingAndMarketingExpenses": 0,
        "sellingGeneralAndAdministrativeExpenses": 71262000,
        "otherExpenses": 6872000,
        "operatingExpenses": 78134000,
        "costAndExpenses": 294825000,
        "interestIncome": 0,
        "interestExpense": 0,
        "depreciationAndAmortization": 6952000,
        "ebitda": 17801000,
        "ebitdaratio": 0.0582352441,
        "operatingIncome": 10849000,
        "operatingIncomeRatio": 0.0354920602,
        "totalOtherIncomeExpensesNet": 207000,
        "incomeBeforeTax": 11056000,
        "incomeBeforeTaxRatio": 0.0361692522,
        "incomeTaxExpense": 4450000,
        "netIncome": 6606000,
        "netIncomeRatio": 0.0216112591,
        "eps": 0.0145,
        "epsdiluted": 0.0137,
        "weightedAverageShsOut": 454112000,
        "weightedAverageShsOutDil": 481544000,
        "link": "",
        "finalLink": ""
    },
    {
        "date": "2003-04-30",
        "symbol": "GME",
        "reportedCurrency": "USD",
        "cik": "0001326380",
        "fillingDate": "2003-04-30",
        "acceptedDate": "2003-04-29 20:00:00",
        "calendarYear": "2003",
        "period": "Q1",
        "revenue": 321741000,
        "costOfRevenue": 236300000,
        "grossProfit": 85441000,
        "grossProfitRatio": 0.2655583218,
        "researchAndDevelopmentExpenses": 0,
        "generalAndAdministrativeExpenses": 0,
        "sellingAndMarketingExpenses": 0,
        "sellingGeneralAndAdministrativeExpenses": 68535000,
        "otherExpenses": 6217000,
        "operatingExpenses": 74752000,
        "costAndExpenses": 311052000,
        "interestIncome": 0,
        "interestExpense": 0,
        "depreciationAndAmortization": 6284000,
        "ebitda": 16973000,
        "ebitdaratio": 0.0527536124,
        "operatingIncome": 10689000,
        "operatingIncomeRatio": 0.0332223745,
        "totalOtherIncomeExpensesNet": 379000,
        "incomeBeforeTax": 11068000,
        "incomeBeforeTaxRatio": 0.0344003406,
        "incomeTaxExpense": 4457000,
        "netIncome": 6611000,
        "netIncomeRatio": 0.0205475833,
        "eps": 0.0145,
        "epsdiluted": 0.0137,
        "weightedAverageShsOut": 456664000,
        "weightedAverageShsOutDil": 481888000,
        "link": "",
        "finalLink": ""
    },
    {
        "date": "2003-01-31",
        "symbol": "GME",
        "reportedCurrency": "USD",
        "cik": "0001326380",
        "fillingDate": "2003-01-31",
        "acceptedDate": "2003-01-30 19:00:00",
        "calendarYear": "2002",
        "period": "Q4",
        "revenue": 520396000,
        "costOfRevenue": 393477000,
        "grossProfit": 126919000,
        "grossProfitRatio": 0.2438892689,
        "researchAndDevelopmentExpenses": 0,
        "generalAndAdministrativeExpenses": 0,
        "sellingAndMarketingExpenses": 0,
        "sellingGeneralAndAdministrativeExpenses": 68459000,
        "otherExpenses": 5948000,
        "operatingExpenses": 74407000,
        "costAndExpenses": 467884000,
        "interestIncome": 0,
        "interestExpense": 0,
        "depreciationAndAmortization": 6009000,
        "ebitda": 58521000,
        "ebitdaratio": 0.112454746,
        "operatingIncome": 52512000,
        "operatingIncomeRatio": 0.1009077702,
        "totalOtherIncomeExpensesNet": 375000,
        "incomeBeforeTax": 52887000,
        "incomeBeforeTaxRatio": 0.1016283753,
        "incomeTaxExpense": 21300000,
        "netIncome": 31587000,
        "netIncomeRatio": 0.0606980069,
        "eps": 0.0694,
        "epsdiluted": 0.0694,
        "weightedAverageShsOut": 455448000,
        "weightedAverageShsOutDil": 455448000,
        "link": "",
        "finalLink": ""
    },
    {
        "date": "2002-10-31",
        "symbol": "GME",
        "reportedCurrency": "USD",
        "cik": "0001326380",
        "fillingDate": "2002-10-31",
        "acceptedDate": "2002-10-30 19:00:00",
        "calendarYear": "2002",
        "period": "Q3",
        "revenue": 286728000,
        "costOfRevenue": 212883000,
        "grossProfit": 73845000,
        "grossProfitRatio": 0.2575437348,
        "researchAndDevelopmentExpenses": 0,
        "generalAndAdministrativeExpenses": 0,
        "sellingAndMarketingExpenses": 0,
        "sellingGeneralAndAdministrativeExpenses": 52001000,
        "otherExpenses": 5862000,
        "operatingExpenses": 57863000,
        "costAndExpenses": 270746000,
        "interestIncome": 0,
        "interestExpense": 0,
        "depreciationAndAmortization": 5922000,
        "ebitda": 21904000,
        "ebitdaratio": 0.0763929578,
        "operatingIncome": 15982000,
        "operatingIncomeRatio": 0.0557392372,
        "totalOtherIncomeExpensesNet": 380000,
        "incomeBeforeTax": 16362000,
        "incomeBeforeTaxRatio": 0.057064535,
        "incomeTaxExpense": 6577000,
        "netIncome": 9785000,
        "netIncomeRatio": 0.0341264195,
        "eps": 0.0215,
        "epsdiluted": 0.02,
        "weightedAverageShsOut": 455448000,
        "weightedAverageShsOutDil": 488888000,
        "link": "",
        "finalLink": ""
    },
    {
        "date": "2002-07-31",
        "symbol": "GME",
        "reportedCurrency": "USD",
        "cik": "0001326380",
        "fillingDate": "2002-07-31",
        "acceptedDate": "2002-07-30 20:00:00",
        "calendarYear": "2002",
        "period": "Q2",
        "revenue": 274262000,
        "costOfRevenue": 200817000,
        "grossProfit": 73445000,
        "grossProfitRatio": 0.267791382,
        "researchAndDevelopmentExpenses": 0,
        "generalAndAdministrativeExpenses": 0,
        "sellingAndMarketingExpenses": 0,
        "sellingGeneralAndAdministrativeExpenses": 57959000,
        "otherExpenses": 5623000,
        "operatingExpenses": 63582000,
        "costAndExpenses": 264399000,
        "interestIncome": 0,
        "interestExpense": 0,
        "depreciationAndAmortization": 5684000,
        "ebitda": 15547000,
        "ebitdaratio": 0.0566866719,
        "operatingIncome": 9863000,
        "operatingIncomeRatio": 0.0359619634,
        "totalOtherIncomeExpensesNet": 368000,
        "incomeBeforeTax": 10231000,
        "incomeBeforeTaxRatio": 0.0373037461,
        "incomeTaxExpense": 4113000,
        "netIncome": 6118000,
        "netIncomeRatio": 0.022307137,
        "eps": 0.0135,
        "epsdiluted": 0.0125,
        "weightedAverageShsOut": 454744000,
        "weightedAverageShsOutDil": 490408000,
        "link": "",
        "finalLink": ""
    },
    {
        "date": "2002-04-30",
        "symbol": "GME",
        "reportedCurrency": "USD",
        "cik": "0001326380",
        "fillingDate": "2002-04-30",
        "acceptedDate": "2002-04-29 20:00:00",
        "calendarYear": "2002",
        "period": "Q1",
        "revenue": 271405000,
        "costOfRevenue": 202314000,
        "grossProfit": 69091000,
        "grossProfitRatio": 0.2545678967,
        "researchAndDevelopmentExpenses": 0,
        "generalAndAdministrativeExpenses": 0,
        "sellingAndMarketingExpenses": 0,
        "sellingGeneralAndAdministrativeExpenses": 55257000,
        "otherExpenses": 5120000,
        "operatingExpenses": 60377000,
        "costAndExpenses": 262691000,
        "interestIncome": 0,
        "interestExpense": 0,
        "depreciationAndAmortization": 5180000,
        "ebitda": 13894000,
        "ebitdaratio": 0.0511928667,
        "operatingIncome": 8714000,
        "operatingIncomeRatio": 0.0321069988,
        "totalOtherIncomeExpensesNet": -493000,
        "incomeBeforeTax": 8221000,
        "incomeBeforeTaxRatio": 0.0302905252,
        "incomeTaxExpense": 3307000,
        "netIncome": 4914000,
        "netIncomeRatio": 0.0181057829,
        "eps": 0.0113,
        "epsdiluted": 0.0105,
        "weightedAverageShsOut": 434744000,
        "weightedAverageShsOutDil": 469624000,
        "link": "",
        "finalLink": ""
    },
    {
        "date": "2002-01-31",
        "symbol": "GME",
        "reportedCurrency": "USD",
        "cik": "0001326380",
        "fillingDate": "2002-01-31",
        "acceptedDate": "2002-01-30 19:00:00",
        "calendarYear": "2001",
        "period": "Q4",
        "revenue": 514211000,
        "costOfRevenue": 403405000,
        "grossProfit": 110806000,
        "grossProfitRatio": 0.2154874166,
        "researchAndDevelopmentExpenses": 0,
        "generalAndAdministrativeExpenses": 0,
        "sellingAndMarketingExpenses": 0,
        "sellingGeneralAndAdministrativeExpenses": 66732000,
        "otherExpenses": 7931000,
        "operatingExpenses": 74663000,
        "costAndExpenses": 478068000,
        "interestIncome": 0,
        "interestExpense": 0,
        "depreciationAndAmortization": 16274000,
        "ebitda": 52417000,
        "ebitdaratio": 0.1019367536,
        "operatingIncome": 36143000,
        "operatingIncomeRatio": 0.0702882669,
        "totalOtherIncomeExpensesNet": -4002000,
        "incomeBeforeTax": 32141000,
        "incomeBeforeTaxRatio": 0.0625054695,
        "incomeTaxExpense": 13355000,
        "netIncome": 18786000,
        "netIncomeRatio": 0.0365336409,
        "eps": 0.0652,
        "epsdiluted": 0.0652,
        "weightedAverageShsOut": 288072000,
        "weightedAverageShsOutDil": 288072000,
        "link": "",
        "finalLink": ""
    },
    {
        "date": "2001-10-31",
        "symbol": "GME",
        "reportedCurrency": "USD",
        "cik": "0001326380",
        "fillingDate": "2001-10-31",
        "acceptedDate": "2001-10-30 19:00:00",
        "calendarYear": "2001",
        "period": "Q3",
        "revenue": 198766000,
        "costOfRevenue": 144188000,
        "grossProfit": 54578000,
        "grossProfitRatio": 0.2745841844,
        "researchAndDevelopmentExpenses": 0,
        "generalAndAdministrativeExpenses": 0,
        "sellingAndMarketingExpenses": 0,
        "sellingGeneralAndAdministrativeExpenses": 41296000,
        "otherExpenses": 7673000,
        "operatingExpenses": 48969000,
        "costAndExpenses": 193157000,
        "interestIncome": 0,
        "interestExpense": 0,
        "depreciationAndAmortization": 4892000,
        "ebitda": 13282000,
        "ebitdaratio": 0.0668222936,
        "operatingIncome": 5609000,
        "operatingIncomeRatio": 0.0282191119,
        "totalOtherIncomeExpensesNet": -4649000,
        "incomeBeforeTax": 960000,
        "incomeBeforeTaxRatio": 0.0048297999,
        "incomeTaxExpense": 707000,
        "netIncome": 253000,
        "netIncomeRatio": 0.0012728535,
        "eps": 0.0009,
        "epsdiluted": 0.0008,
        "weightedAverageShsOut": 288072000,
        "weightedAverageShsOutDil": 320912000,
        "link": "",
        "finalLink": ""
    },
    {
        "date": "2001-07-31",
        "symbol": "GME",
        "reportedCurrency": "USD",
        "cik": "0001326380",
        "fillingDate": "2001-07-31",
        "acceptedDate": "2001-07-30 20:00:00",
        "calendarYear": "2001",
        "period": "Q2",
        "revenue": 206806000,
        "costOfRevenue": 153095000,
        "grossProfit": 53711000,
        "grossProfitRatio": 0.2597168361,
        "researchAndDevelopmentExpenses": 0,
        "generalAndAdministrativeExpenses": 0,
        "sellingAndMarketingExpenses": 0,
        "sellingGeneralAndAdministrativeExpenses": 48501000,
        "otherExpenses": 7453000,
        "operatingExpenses": 55954000,
        "costAndExpenses": 209049000,
        "interestIncome": 0,
        "interestExpense": 0,
        "depreciationAndAmortization": 4672000,
        "ebitda": 5210000,
        "ebitdaratio": 0.0251926927,
        "operatingIncome": -2243000,
        "operatingIncomeRatio": -0.0108459136,
        "totalOtherIncomeExpensesNet": -4998000,
        "incomeBeforeTax": -7241000,
        "incomeBeforeTaxRatio": -0.0350134909,
        "incomeTaxExpense": -2392000,
        "netIncome": -4849000,
        "netIncomeRatio": -0.0234470953,
        "eps": -0.0168,
        "epsdiluted": -0.0168,
        "weightedAverageShsOut": 288072000,
        "weightedAverageShsOutDil": 288072000,
        "link": "",
        "finalLink": ""
    },
    {
        "date": "2001-04-30",
        "symbol": "GME",
        "reportedCurrency": "USD",
        "cik": "0001326380",
        "fillingDate": "2001-04-30",
        "acceptedDate": "2001-04-29 20:00:00",
        "calendarYear": "2001",
        "period": "Q1",
        "revenue": 201355000,
        "costOfRevenue": 153347000,
        "grossProfit": 48008000,
        "grossProfitRatio": 0.2384246728,
        "researchAndDevelopmentExpenses": 0,
        "generalAndAdministrativeExpenses": 0,
        "sellingAndMarketingExpenses": 0,
        "sellingGeneralAndAdministrativeExpenses": 46190000,
        "otherExpenses": 7240000,
        "operatingExpenses": 53430000,
        "costAndExpenses": 206777000,
        "interestIncome": 0,
        "interestExpense": 0,
        "depreciationAndAmortization": 4459000,
        "ebitda": 1818000,
        "ebitdaratio": 0.0090288297,
        "operatingIncome": -5422000,
        "operatingIncomeRatio": -0.0269275657,
        "totalOtherIncomeExpensesNet": -5803000,
        "incomeBeforeTax": -11225000,
        "incomeBeforeTaxRatio": -0.055747312,
        "incomeTaxExpense": -3995000,
        "netIncome": -7230000,
        "netIncomeRatio": -0.0359067319,
        "eps": -0.0251,
        "epsdiluted": -0.0251,
        "weightedAverageShsOut": 288072000,
        "weightedAverageShsOutDil": 288072000,
        "link": "",
        "finalLink": ""
    }
]