[
    {
        "date": "2025-08-02",
        "symbol": "GPS",
        "reportedCurrency": "USD",
        "cik": "0000039911",
        "fillingDate": "2025-08-29",
        "acceptedDate": "2025-08-29 12:40:45",
        "calendarYear": "2025",
        "period": "Q2",
        "revenue": 3725000000,
        "costOfRevenue": 2189000000,
        "grossProfit": 1536000000,
        "grossProfitRatio": 0.4123489933,
        "researchAndDevelopmentExpenses": 0,
        "generalAndAdministrativeExpenses": 0,
        "sellingAndMarketingExpenses": 0,
        "sellingGeneralAndAdministrativeExpenses": 0,
        "otherExpenses": 1244000000,
        "operatingExpenses": 1244000000,
        "costAndExpenses": 3433000000,
        "interestIncome": 27000000,
        "interestExpense": 23000000,
        "depreciationAndAmortization": 0,
        "ebitda": 292000000,
        "ebitdaratio": 0.0783892617,
        "operatingIncome": 292000000,
        "operatingIncomeRatio": 0.0783892617,
        "totalOtherIncomeExpensesNet": 4000000,
        "incomeBeforeTax": 296000000,
        "incomeBeforeTaxRatio": 0.0794630872,
        "incomeTaxExpense": 80000000,
        "netIncome": 216000000,
        "netIncomeRatio": 0.0579865772,
        "eps": 0.58,
        "epsdiluted": 0.57,
        "weightedAverageShsOut": 373000000,
        "weightedAverageShsOutDil": 379000000,
        "link": "https://www.sec.gov/Archives/edgar/data/39911/000003991125000111/0000039911-25-000111-index.htm",
        "finalLink": "https://www.sec.gov/Archives/edgar/data/39911/000003991125000111/gap-20250802.htm"
    },
    {
        "date": "2025-05-03",
        "symbol": "GPS",
        "reportedCurrency": "USD",
        "cik": "0000039911",
        "fillingDate": "2025-05-30",
        "acceptedDate": "2025-05-30 12:38:30",
        "calendarYear": "2025",
        "period": "Q1",
        "revenue": 3463000000,
        "costOfRevenue": 2015000000,
        "grossProfit": 1448000000,
        "grossProfitRatio": 0.4181345654,
        "researchAndDevelopmentExpenses": 0,
        "generalAndAdministrativeExpenses": 0,
        "sellingAndMarketingExpenses": 0,
        "sellingGeneralAndAdministrativeExpenses": 0,
        "otherExpenses": 1188000000,
        "operatingExpenses": 1188000000,
        "costAndExpenses": 3203000000,
        "interestIncome": 26000000,
        "interestExpense": 23000000,
        "depreciationAndAmortization": 0,
        "ebitda": 260000000,
        "ebitdaratio": 0.0750794109,
        "operatingIncome": 260000000,
        "operatingIncomeRatio": 0.0750794109,
        "totalOtherIncomeExpensesNet": 3000000,
        "incomeBeforeTax": 263000000,
        "incomeBeforeTaxRatio": 0.0759457118,
        "incomeTaxExpense": 70000000,
        "netIncome": 193000000,
        "netIncomeRatio": 0.0557320243,
        "eps": 0.51,
        "epsdiluted": 0.51,
        "weightedAverageShsOut": 375000000,
        "weightedAverageShsOutDil": 382000000,
        "link": "https://www.sec.gov/Archives/edgar/data/39911/000003991125000079/0000039911-25-000079-index.htm",
        "finalLink": "https://www.sec.gov/Archives/edgar/data/39911/000003991125000079/gap-20250503.htm"
    },
    {
        "date": "2025-02-01",
        "symbol": "GPS",
        "reportedCurrency": "USD",
        "cik": "0000039911",
        "fillingDate": "2025-03-18",
        "acceptedDate": "2025-03-18 13:39:43",
        "calendarYear": "2024",
        "period": "Q4",
        "revenue": 4149000000,
        "costOfRevenue": 2537000000,
        "grossProfit": 1612000000,
        "grossProfitRatio": 0.388527356,
        "researchAndDevelopmentExpenses": 0,
        "generalAndAdministrativeExpenses": 0,
        "sellingAndMarketingExpenses": 0,
        "sellingGeneralAndAdministrativeExpenses": 0,
        "otherExpenses": 1353000000,
        "operatingExpenses": 1353000000,
        "costAndExpenses": 3890000000,
        "interestIncome": 51000000,
        "interestExpense": 45000000,
        "depreciationAndAmortization": -118000000,
        "ebitda": 109000000,
        "ebitdaratio": 0.0262713907,
        "operatingIncome": 259000000,
        "operatingIncomeRatio": 0.0624246806,
        "totalOtherIncomeExpensesNet": 13000000,
        "incomeBeforeTax": 272000000,
        "incomeBeforeTaxRatio": 0.0655579658,
        "incomeTaxExpense": 66000000,
        "netIncome": 206000000,
        "netIncomeRatio": 0.0496505182,
        "eps": 0.54,
        "epsdiluted": 0.53,
        "weightedAverageShsOut": 376000000,
        "weightedAverageShsOutDil": 384000000,
        "link": "https://www.sec.gov/Archives/edgar/data/39911/000003991125000029/0000039911-25-000029-index.htm",
        "finalLink": "https://www.sec.gov/Archives/edgar/data/39911/000003991125000029/gap-20250201.htm"
    },
    {
        "date": "2024-11-02",
        "symbol": "GPS",
        "reportedCurrency": "USD",
        "cik": "0000039911",
        "fillingDate": "2024-11-21",
        "acceptedDate": "2024-11-21 16:16:43",
        "calendarYear": "2024",
        "period": "Q3",
        "revenue": 3829000000,
        "costOfRevenue": 2194000000,
        "grossProfit": 1635000000,
        "grossProfitRatio": 0.4270044398,
        "researchAndDevelopmentExpenses": 0,
        "generalAndAdministrativeExpenses": 0,
        "sellingAndMarketingExpenses": 0,
        "sellingGeneralAndAdministrativeExpenses": 0,
        "otherExpenses": 1280000000,
        "operatingExpenses": 1280000000,
        "costAndExpenses": 3474000000,
        "interestIncome": 112000000,
        "interestExpense": 87000000,
        "depreciationAndAmortization": 371000000,
        "ebitda": 819000000,
        "ebitdaratio": 0.2138939671,
        "operatingIncome": 355000000,
        "operatingIncomeRatio": 0.0927135022,
        "totalOtherIncomeExpensesNet": 6000000,
        "incomeBeforeTax": 361000000,
        "incomeBeforeTaxRatio": 0.094280491,
        "incomeTaxExpense": 87000000,
        "netIncome": 274000000,
        "netIncomeRatio": 0.0715591538,
        "eps": 0.73,
        "epsdiluted": 0.72,
        "weightedAverageShsOut": 377000000,
        "weightedAverageShsOutDil": 383000000,
        "link": "https://www.sec.gov/Archives/edgar/data/39911/000003991124000202/0000039911-24-000202-index.htm",
        "finalLink": "https://www.sec.gov/Archives/edgar/data/39911/000003991124000202/gap-20241102.htm"
    },
    {
        "date": "2024-08-03",
        "symbol": "GPS",
        "reportedCurrency": "USD",
        "cik": "0000039911",
        "fillingDate": "2024-08-30",
        "acceptedDate": "2024-08-30 11:39:46",
        "calendarYear": "2024",
        "period": "Q2",
        "revenue": 3720000000,
        "costOfRevenue": 2137000000,
        "grossProfit": 1583000000,
        "grossProfitRatio": 0.4255376344,
        "researchAndDevelopmentExpenses": 0,
        "generalAndAdministrativeExpenses": 0,
        "sellingAndMarketingExpenses": 0,
        "sellingGeneralAndAdministrativeExpenses": 0,
        "otherExpenses": 1290000000,
        "operatingExpenses": 1290000000,
        "costAndExpenses": 3427000000,
        "interestIncome": 27000000,
        "interestExpense": 24000000,
        "depreciationAndAmortization": 123000000,
        "ebitda": 443000000,
        "ebitdaratio": 0.1190860215,
        "operatingIncome": 293000000,
        "operatingIncomeRatio": 0.0787634409,
        "totalOtherIncomeExpensesNet": 3000000,
        "incomeBeforeTax": 296000000,
        "incomeBeforeTaxRatio": 0.0795698925,
        "incomeTaxExpense": 90000000,
        "netIncome": 206000000,
        "netIncomeRatio": 0.0553763441,
        "eps": 0.55,
        "epsdiluted": 0.54,
        "weightedAverageShsOut": 376000000,
        "weightedAverageShsOutDil": 383000000,
        "link": "https://www.sec.gov/Archives/edgar/data/39911/000003991124000179/0000039911-24-000179-index.htm",
        "finalLink": "https://www.sec.gov/Archives/edgar/data/39911/000003991124000179/gps-20240803.htm"
    },
    {
        "date": "2024-05-04",
        "symbol": "GPS",
        "reportedCurrency": "USD",
        "cik": "0000039911",
        "fillingDate": "2024-05-31",
        "acceptedDate": "2024-05-31 11:36:07",
        "calendarYear": "2024",
        "period": "Q1",
        "revenue": 3388000000,
        "costOfRevenue": 1991000000,
        "grossProfit": 1397000000,
        "grossProfitRatio": 0.4123376623,
        "researchAndDevelopmentExpenses": 0,
        "generalAndAdministrativeExpenses": 0,
        "sellingAndMarketingExpenses": 0,
        "sellingGeneralAndAdministrativeExpenses": 0,
        "otherExpenses": 1192000000,
        "operatingExpenses": 1192000000,
        "costAndExpenses": 3183000000,
        "interestIncome": 24000000,
        "interestExpense": 21000000,
        "depreciationAndAmortization": 124000000,
        "ebitda": 353000000,
        "ebitdaratio": 0.1041912633,
        "operatingIncome": 205000000,
        "operatingIncomeRatio": 0.0605076741,
        "totalOtherIncomeExpensesNet": 3000000,
        "incomeBeforeTax": 208000000,
        "incomeBeforeTaxRatio": 0.0613931523,
        "incomeTaxExpense": 50000000,
        "netIncome": 158000000,
        "netIncomeRatio": 0.046635183,
        "eps": 0.42,
        "epsdiluted": 0.41,
        "weightedAverageShsOut": 374000000,
        "weightedAverageShsOutDil": 383000000,
        "link": "https://www.sec.gov/Archives/edgar/data/39911/000003991124000128/0000039911-24-000128-index.htm",
        "finalLink": "https://www.sec.gov/Archives/edgar/data/39911/000003991124000128/gps-20240504.htm"
    },
    {
        "date": "2024-02-03",
        "symbol": "GPS",
        "reportedCurrency": "USD",
        "cik": "0000039911",
        "fillingDate": "2024-03-19",
        "acceptedDate": "2024-03-19 14:39:08",
        "calendarYear": "2023",
        "period": "Q4",
        "revenue": 4298000000,
        "costOfRevenue": 2626000000,
        "grossProfit": 1672000000,
        "grossProfitRatio": 0.389018148,
        "researchAndDevelopmentExpenses": 37000000,
        "generalAndAdministrativeExpenses": 0,
        "sellingAndMarketingExpenses": 882000000,
        "sellingGeneralAndAdministrativeExpenses": 882000000,
        "otherExpenses": 539000000,
        "operatingExpenses": 1458000000,
        "costAndExpenses": 4084000000,
        "interestIncome": 28000000,
        "interestExpense": 24000000,
        "depreciationAndAmortization": 128000000,
        "ebitda": 323000000,
        "ebitdaratio": 0.0751512331,
        "operatingIncome": 276000000,
        "operatingIncomeRatio": 0.0642159144,
        "totalOtherIncomeExpensesNet": 4000000,
        "incomeBeforeTax": 218000000,
        "incomeBeforeTaxRatio": 0.0507212657,
        "incomeTaxExpense": 33000000,
        "netIncome": 185000000,
        "netIncomeRatio": 0.0430432759,
        "eps": 0.5,
        "epsdiluted": 0.49,
        "weightedAverageShsOut": 372000000,
        "weightedAverageShsOutDil": 381000000,
        "link": "https://www.sec.gov/Archives/edgar/data/39911/000003991124000066/0000039911-24-000066-index.htm",
        "finalLink": "https://www.sec.gov/Archives/edgar/data/39911/000003991124000066/gps-20240203.htm"
    },
    {
        "date": "2023-10-28",
        "symbol": "GPS",
        "reportedCurrency": "USD",
        "cik": "0000039911",
        "fillingDate": "2023-11-21",
        "acceptedDate": "2023-11-21 13:05:43",
        "calendarYear": "2023",
        "period": "Q3",
        "revenue": 3767000000,
        "costOfRevenue": 2211000000,
        "grossProfit": 1556000000,
        "grossProfitRatio": 0.4130607911,
        "researchAndDevelopmentExpenses": 0,
        "generalAndAdministrativeExpenses": 0,
        "sellingAndMarketingExpenses": 0,
        "sellingGeneralAndAdministrativeExpenses": 1328000000,
        "otherExpenses": -22000000,
        "operatingExpenses": 1306000000,
        "costAndExpenses": 3517000000,
        "interestIncome": 28000000,
        "interestExpense": 28000000,
        "depreciationAndAmortization": 127000000,
        "ebitda": 405000000,
        "ebitdaratio": 0.1075126095,
        "operatingIncome": 250000000,
        "operatingIncomeRatio": 0.0663658083,
        "totalOtherIncomeExpensesNet": 0,
        "incomeBeforeTax": 250000000,
        "incomeBeforeTaxRatio": 0.0663658083,
        "incomeTaxExpense": 32000000,
        "netIncome": 218000000,
        "netIncomeRatio": 0.0578709849,
        "eps": 0.59,
        "epsdiluted": 0.58,
        "weightedAverageShsOut": 371000000,
        "weightedAverageShsOutDil": 375000000,
        "link": "https://www.sec.gov/Archives/edgar/data/39911/000003991123000132/0000039911-23-000132-index.htm",
        "finalLink": "https://www.sec.gov/Archives/edgar/data/39911/000003991123000132/gps-20231028.htm"
    },
    {
        "date": "2023-07-29",
        "symbol": "GPS",
        "reportedCurrency": "USD",
        "cik": "0000039911",
        "fillingDate": "2023-08-25",
        "acceptedDate": "2023-08-25 13:40:47",
        "calendarYear": "2023",
        "period": "Q2",
        "revenue": 3548000000,
        "costOfRevenue": 2215000000,
        "grossProfit": 1333000000,
        "grossProfitRatio": 0.3757046223,
        "researchAndDevelopmentExpenses": 0,
        "generalAndAdministrativeExpenses": 0,
        "sellingAndMarketingExpenses": 0,
        "sellingGeneralAndAdministrativeExpenses": 1204000000,
        "otherExpenses": 0,
        "operatingExpenses": 1227000000,
        "costAndExpenses": 3442000000,
        "interestIncome": 17000000,
        "interestExpense": 15000000,
        "depreciationAndAmortization": 130000000,
        "ebitda": 253000000,
        "ebitdaratio": 0.071307779,
        "operatingIncome": 106000000,
        "operatingIncomeRatio": 0.0298759865,
        "totalOtherIncomeExpensesNet": 2000000,
        "incomeBeforeTax": 108000000,
        "incomeBeforeTaxRatio": 0.0304396843,
        "incomeTaxExpense": -9000000,
        "netIncome": 117000000,
        "netIncomeRatio": 0.0329763247,
        "eps": 0.32,
        "epsdiluted": 0.32,
        "weightedAverageShsOut": 369000000,
        "weightedAverageShsOutDil": 371000000,
        "link": "https://www.sec.gov/Archives/edgar/data/39911/000003991123000110/0000039911-23-000110-index.htm",
        "finalLink": "https://www.sec.gov/Archives/edgar/data/39911/000003991123000110/gps-20230729.htm"
    },
    {
        "date": "2023-04-29",
        "symbol": "GPS",
        "reportedCurrency": "USD",
        "cik": "0000039911",
        "fillingDate": "2023-05-26",
        "acceptedDate": "2023-05-26 13:08:29",
        "calendarYear": "2023",
        "period": "Q1",
        "revenue": 3276000000,
        "costOfRevenue": 2062000000,
        "grossProfit": 1214000000,
        "grossProfitRatio": 0.3705738706,
        "researchAndDevelopmentExpenses": 0,
        "generalAndAdministrativeExpenses": 0,
        "sellingAndMarketingExpenses": 0,
        "sellingGeneralAndAdministrativeExpenses": 0,
        "otherExpenses": 1224000000,
        "operatingExpenses": 1224000000,
        "costAndExpenses": 3286000000,
        "interestIncome": 13000000,
        "interestExpense": 23000000,
        "depreciationAndAmortization": 137000000,
        "ebitda": 140000000,
        "ebitdaratio": 0.0427350427,
        "operatingIncome": -10000000,
        "operatingIncomeRatio": -0.0030525031,
        "totalOtherIncomeExpensesNet": -10000000,
        "incomeBeforeTax": -20000000,
        "incomeBeforeTaxRatio": -0.0061050061,
        "incomeTaxExpense": -2000000,
        "netIncome": -18000000,
        "netIncomeRatio": -0.0054945055,
        "eps": -0.05,
        "epsdiluted": -0.05,
        "weightedAverageShsOut": 367000000,
        "weightedAverageShsOutDil": 367000000,
        "link": "https://www.sec.gov/Archives/edgar/data/39911/000003991123000043/0000039911-23-000043-index.htm",
        "finalLink": "https://www.sec.gov/Archives/edgar/data/39911/000003991123000043/gps-20230429.htm"
    },
    {
        "date": "2023-01-28",
        "symbol": "GPS",
        "reportedCurrency": "USD",
        "cik": "0000039911",
        "fillingDate": "2023-03-14",
        "acceptedDate": "2023-03-14 15:44:32",
        "calendarYear": "2022",
        "period": "Q4",
        "revenue": 4243000000,
        "costOfRevenue": 2819000000,
        "grossProfit": 1424000000,
        "grossProfitRatio": 0.3356115956,
        "researchAndDevelopmentExpenses": 0,
        "generalAndAdministrativeExpenses": 0,
        "sellingAndMarketingExpenses": 1039000000,
        "sellingGeneralAndAdministrativeExpenses": 1039000000,
        "otherExpenses": 1454000000,
        "operatingExpenses": 1454000000,
        "costAndExpenses": 4273000000,
        "interestIncome": 12000000,
        "interestExpense": 25000000,
        "depreciationAndAmortization": 138000000,
        "ebitda": 145000000,
        "ebitdaratio": 0.0341739335,
        "operatingIncome": -30000000,
        "operatingIncomeRatio": -0.007070469,
        "totalOtherIncomeExpensesNet": -13000000,
        "incomeBeforeTax": -43000000,
        "incomeBeforeTaxRatio": -0.0101343389,
        "incomeTaxExpense": 230000000,
        "netIncome": -273000000,
        "netIncomeRatio": -0.064341268,
        "eps": -0.75,
        "epsdiluted": -0.75,
        "weightedAverageShsOut": 366000000,
        "weightedAverageShsOutDil": 366000000,
        "link": "https://www.sec.gov/Archives/edgar/data/39911/000003991123000015/0000039911-23-000015-index.htm",
        "finalLink": "https://www.sec.gov/Archives/edgar/data/39911/000003991123000015/gps-20230128.htm"
    },
    {
        "date": "2022-10-29",
        "symbol": "GPS",
        "reportedCurrency": "USD",
        "cik": "0000039911",
        "fillingDate": "2022-11-22",
        "acceptedDate": "2022-11-22 13:37:48",
        "calendarYear": "2022",
        "period": "Q3",
        "revenue": 4039000000,
        "costOfRevenue": 2530000000,
        "grossProfit": 1509000000,
        "grossProfitRatio": 0.3736073285,
        "researchAndDevelopmentExpenses": 0,
        "generalAndAdministrativeExpenses": 0,
        "sellingAndMarketingExpenses": 0,
        "sellingGeneralAndAdministrativeExpenses": 0,
        "otherExpenses": 1323000000,
        "operatingExpenses": 1323000000,
        "costAndExpenses": 3853000000,
        "interestIncome": 4000000,
        "interestExpense": 22000000,
        "depreciationAndAmortization": 140000000,
        "ebitda": 330000000,
        "ebitdaratio": 0.0817033919,
        "operatingIncome": 186000000,
        "operatingIncomeRatio": 0.0460510027,
        "totalOtherIncomeExpensesNet": -18000000,
        "incomeBeforeTax": 168000000,
        "incomeBeforeTaxRatio": 0.0415944541,
        "incomeTaxExpense": -114000000,
        "netIncome": 282000000,
        "netIncomeRatio": 0.0698192622,
        "eps": 0.77,
        "epsdiluted": 0.77,
        "weightedAverageShsOut": 365000000,
        "weightedAverageShsOutDil": 366000000,
        "link": "https://www.sec.gov/Archives/edgar/data/39911/000003991122000093/0000039911-22-000093-index.htm",
        "finalLink": "https://www.sec.gov/Archives/edgar/data/39911/000003991122000093/gps-20221029.htm"
    },
    {
        "date": "2022-07-30",
        "symbol": "GPS",
        "reportedCurrency": "USD",
        "cik": "0000039911",
        "fillingDate": "2022-08-26",
        "acceptedDate": "2022-08-26 13:13:20",
        "calendarYear": "2022",
        "period": "Q2",
        "revenue": 3857000000,
        "costOfRevenue": 2527000000,
        "grossProfit": 1330000000,
        "grossProfitRatio": 0.3448275862,
        "researchAndDevelopmentExpenses": 0,
        "generalAndAdministrativeExpenses": 0,
        "sellingAndMarketingExpenses": 0,
        "sellingGeneralAndAdministrativeExpenses": 1365000000,
        "otherExpenses": 0,
        "operatingExpenses": 1358000000,
        "costAndExpenses": 3885000000,
        "interestIncome": 1000000,
        "interestExpense": 21000000,
        "depreciationAndAmortization": 132000000,
        "ebitda": 105000000,
        "ebitdaratio": 0.0272232305,
        "operatingIncome": -28000000,
        "operatingIncomeRatio": -0.0072595281,
        "totalOtherIncomeExpensesNet": -20000000,
        "incomeBeforeTax": -48000000,
        "incomeBeforeTaxRatio": -0.0124449054,
        "incomeTaxExpense": 1000000,
        "netIncome": -49000000,
        "netIncomeRatio": -0.0127041742,
        "eps": -0.13,
        "epsdiluted": -0.13,
        "weightedAverageShsOut": 367000000,
        "weightedAverageShsOutDil": 367000000,
        "link": "https://www.sec.gov/Archives/edgar/data/39911/000003991122000071/0000039911-22-000071-index.htm",
        "finalLink": "https://www.sec.gov/Archives/edgar/data/39911/000003991122000071/gps-20220730.htm"
    },
    {
        "date": "2022-04-30",
        "symbol": "GPS",
        "reportedCurrency": "USD",
        "cik": "0000039911",
        "fillingDate": "2022-05-27",
        "acceptedDate": "2022-05-27 13:08:51",
        "calendarYear": "2022",
        "period": "Q1",
        "revenue": 3477000000,
        "costOfRevenue": 2381000000,
        "grossProfit": 1096000000,
        "grossProfitRatio": 0.3152142652,
        "researchAndDevelopmentExpenses": 0,
        "generalAndAdministrativeExpenses": 0,
        "sellingAndMarketingExpenses": 0,
        "sellingGeneralAndAdministrativeExpenses": 0,
        "otherExpenses": 1293000000,
        "operatingExpenses": 1293000000,
        "costAndExpenses": 3674000000,
        "interestIncome": 1000000,
        "interestExpense": 20000000,
        "depreciationAndAmortization": 130000000,
        "ebitda": -67000000,
        "ebitdaratio": -0.0192694852,
        "operatingIncome": -197000000,
        "operatingIncomeRatio": -0.0566580385,
        "totalOtherIncomeExpensesNet": -19000000,
        "incomeBeforeTax": -216000000,
        "incomeBeforeTaxRatio": -0.0621225194,
        "incomeTaxExpense": -54000000,
        "netIncome": -162000000,
        "netIncomeRatio": -0.0465918896,
        "eps": -0.44,
        "epsdiluted": -0.44,
        "weightedAverageShsOut": 370000000,
        "weightedAverageShsOutDil": 370000000,
        "link": "https://www.sec.gov/Archives/edgar/data/39911/000003991122000037/0000039911-22-000037-index.htm",
        "finalLink": "https://www.sec.gov/Archives/edgar/data/39911/000003991122000037/gps-20220430.htm"
    },
    {
        "date": "2022-01-29",
        "symbol": "GPS",
        "reportedCurrency": "USD",
        "cik": "0000039911",
        "fillingDate": "2022-03-15",
        "acceptedDate": "2022-03-15 12:38:35",
        "calendarYear": "2021",
        "period": "Q4",
        "revenue": 4525000000,
        "costOfRevenue": 3002000000,
        "grossProfit": 1523000000,
        "grossProfitRatio": 0.3365745856,
        "researchAndDevelopmentExpenses": 0,
        "generalAndAdministrativeExpenses": 0,
        "sellingAndMarketingExpenses": 1115000000,
        "sellingGeneralAndAdministrativeExpenses": 1115000000,
        "otherExpenses": 1515000000,
        "operatingExpenses": 1515000000,
        "costAndExpenses": 4517000000,
        "interestIncome": 2000000,
        "interestExpense": 18000000,
        "depreciationAndAmortization": 132000000,
        "ebitda": 128000000,
        "ebitdaratio": 0.0282872928,
        "operatingIncome": 8000000,
        "operatingIncomeRatio": 0.0017679558,
        "totalOtherIncomeExpensesNet": -16000000,
        "incomeBeforeTax": -8000000,
        "incomeBeforeTaxRatio": -0.0017679558,
        "incomeTaxExpense": 8000000,
        "netIncome": -16000000,
        "netIncomeRatio": -0.0035359116,
        "eps": -0.0449,
        "epsdiluted": -0.0429,
        "weightedAverageShsOut": 356514182,
        "weightedAverageShsOutDil": 373000000,
        "link": "https://www.sec.gov/Archives/edgar/data/39911/000003991122000012/0000039911-22-000012-index.htm",
        "finalLink": "https://www.sec.gov/Archives/edgar/data/39911/000003991122000012/gps-20220129.htm"
    },
    {
        "date": "2021-10-30",
        "symbol": "GPS",
        "reportedCurrency": "USD",
        "cik": "0000039911",
        "fillingDate": "2021-11-24",
        "acceptedDate": "2021-11-24 13:05:19",
        "calendarYear": "2021",
        "period": "Q3",
        "revenue": 3943000000,
        "costOfRevenue": 2282000000,
        "grossProfit": 1661000000,
        "grossProfitRatio": 0.4212528532,
        "researchAndDevelopmentExpenses": 0,
        "generalAndAdministrativeExpenses": 0,
        "sellingAndMarketingExpenses": 0,
        "sellingGeneralAndAdministrativeExpenses": 0,
        "otherExpenses": 1508000000,
        "operatingExpenses": 1508000000,
        "costAndExpenses": 3790000000,
        "interestIncome": 1000000,
        "interestExpense": 44000000,
        "depreciationAndAmortization": 128000000,
        "ebitda": -43000000,
        "ebitdaratio": -0.010905402,
        "operatingIncome": 153000000,
        "operatingIncomeRatio": 0.0388029419,
        "totalOtherIncomeExpensesNet": -368000000,
        "incomeBeforeTax": -215000000,
        "incomeBeforeTaxRatio": -0.0545270099,
        "incomeTaxExpense": -63000000,
        "netIncome": -152000000,
        "netIncomeRatio": -0.0385493279,
        "eps": -0.4,
        "epsdiluted": -0.4,
        "weightedAverageShsOut": 376000000,
        "weightedAverageShsOutDil": 376000000,
        "link": "https://www.sec.gov/Archives/edgar/data/39911/000003991121000132/0000039911-21-000132-index.htm",
        "finalLink": "https://www.sec.gov/Archives/edgar/data/39911/000003991121000132/gps-20211030.htm"
    },
    {
        "date": "2021-07-31",
        "symbol": "GPS",
        "reportedCurrency": "USD",
        "cik": "0000039911",
        "fillingDate": "2021-08-27",
        "acceptedDate": "2021-08-27 12:39:18",
        "calendarYear": "2021",
        "period": "Q2",
        "revenue": 4211000000,
        "costOfRevenue": 2388000000,
        "grossProfit": 1823000000,
        "grossProfitRatio": 0.4329137972,
        "researchAndDevelopmentExpenses": 0,
        "generalAndAdministrativeExpenses": 0,
        "sellingAndMarketingExpenses": 0,
        "sellingGeneralAndAdministrativeExpenses": 1420000000,
        "otherExpenses": -6000000,
        "operatingExpenses": 1414000000,
        "costAndExpenses": 3802000000,
        "interestIncome": 1000000,
        "interestExpense": 51000000,
        "depreciationAndAmortization": 124000000,
        "ebitda": 534000000,
        "ebitdaratio": 0.1268107338,
        "operatingIncome": 409000000,
        "operatingIncomeRatio": 0.0971265733,
        "totalOtherIncomeExpensesNet": -50000000,
        "incomeBeforeTax": 359000000,
        "incomeBeforeTaxRatio": 0.085252909,
        "incomeTaxExpense": 101000000,
        "netIncome": 258000000,
        "netIncomeRatio": 0.0612681073,
        "eps": 0.68,
        "epsdiluted": 0.67,
        "weightedAverageShsOut": 378000000,
        "weightedAverageShsOutDil": 386000000,
        "link": "https://www.sec.gov/Archives/edgar/data/39911/000003991121000108/0000039911-21-000108-index.htm",
        "finalLink": "https://www.sec.gov/Archives/edgar/data/39911/000003991121000108/gps-20210731.htm"
    },
    {
        "date": "2021-05-01",
        "symbol": "GPS",
        "reportedCurrency": "USD",
        "cik": "0000039911",
        "fillingDate": "2021-05-28",
        "acceptedDate": "2021-05-28 12:41:11",
        "calendarYear": "2021",
        "period": "Q1",
        "revenue": 3991000000,
        "costOfRevenue": 2361000000,
        "grossProfit": 1630000000,
        "grossProfitRatio": 0.4084189426,
        "researchAndDevelopmentExpenses": 0,
        "generalAndAdministrativeExpenses": 0,
        "sellingAndMarketingExpenses": 0,
        "sellingGeneralAndAdministrativeExpenses": 0,
        "otherExpenses": 1390000000,
        "operatingExpenses": 1390000000,
        "costAndExpenses": 3751000000,
        "interestIncome": 1000000,
        "interestExpense": 54000000,
        "depreciationAndAmortization": 120000000,
        "ebitda": 361000000,
        "ebitdaratio": 0.0904535204,
        "operatingIncome": 240000000,
        "operatingIncomeRatio": 0.0601353044,
        "totalOtherIncomeExpensesNet": -53000000,
        "incomeBeforeTax": 187000000,
        "incomeBeforeTaxRatio": 0.0468554247,
        "incomeTaxExpense": 21000000,
        "netIncome": 166000000,
        "netIncomeRatio": 0.0415935856,
        "eps": 0.44,
        "epsdiluted": 0.43,
        "weightedAverageShsOut": 376000000,
        "weightedAverageShsOutDil": 385000000,
        "link": "https://www.sec.gov/Archives/edgar/data/39911/000003991121000063/0000039911-21-000063-index.htm",
        "finalLink": "https://www.sec.gov/Archives/edgar/data/39911/000003991121000063/gps-20210501.htm"
    },
    {
        "date": "2021-01-30",
        "symbol": "GPS",
        "reportedCurrency": "USD",
        "cik": "0000039911",
        "fillingDate": "2021-03-16",
        "acceptedDate": "2021-03-16 14:50:49",
        "calendarYear": "2020",
        "period": "Q4",
        "revenue": 4424000000,
        "costOfRevenue": 2756000000,
        "grossProfit": 1668000000,
        "grossProfitRatio": 0.377034358,
        "researchAndDevelopmentExpenses": 0,
        "generalAndAdministrativeExpenses": 0,
        "sellingAndMarketingExpenses": 816000000,
        "sellingGeneralAndAdministrativeExpenses": 816000000,
        "otherExpenses": 0,
        "operatingExpenses": 1476000000,
        "costAndExpenses": 4290000000,
        "interestIncome": 3000000,
        "interestExpense": 60000000,
        "depreciationAndAmortization": 126000000,
        "ebitda": 263000000,
        "ebitdaratio": 0.0594484629,
        "operatingIncome": 134000000,
        "operatingIncomeRatio": 0.0302893309,
        "totalOtherIncomeExpensesNet": -57000000,
        "incomeBeforeTax": 77000000,
        "incomeBeforeTaxRatio": 0.0174050633,
        "incomeTaxExpense": -157000000,
        "netIncome": 234000000,
        "netIncomeRatio": 0.0528933092,
        "eps": 0.62,
        "epsdiluted": 0.61,
        "weightedAverageShsOut": 375000000,
        "weightedAverageShsOutDil": 382000000,
        "link": "https://www.sec.gov/Archives/edgar/data/39911/000003991121000021/0000039911-21-000021-index.htm",
        "finalLink": "https://www.sec.gov/Archives/edgar/data/39911/000003991121000021/gps-20210130.htm"
    },
    {
        "date": "2020-10-31",
        "symbol": "GPS",
        "reportedCurrency": "USD",
        "cik": "0000039911",
        "fillingDate": "2020-11-25",
        "acceptedDate": "2020-11-25 13:15:02",
        "calendarYear": "2020",
        "period": "Q3",
        "revenue": 3994000000,
        "costOfRevenue": 2374000000,
        "grossProfit": 1620000000,
        "grossProfitRatio": 0.4056084126,
        "researchAndDevelopmentExpenses": 0,
        "generalAndAdministrativeExpenses": 0,
        "sellingAndMarketingExpenses": 0,
        "sellingGeneralAndAdministrativeExpenses": 0,
        "otherExpenses": 1445000000,
        "operatingExpenses": 1445000000,
        "costAndExpenses": 3819000000,
        "interestIncome": 1000000,
        "interestExpense": 55000000,
        "depreciationAndAmortization": 125000000,
        "ebitda": 301000000,
        "ebitdaratio": 0.0753630446,
        "operatingIncome": 175000000,
        "operatingIncomeRatio": 0.0438157236,
        "totalOtherIncomeExpensesNet": -54000000,
        "incomeBeforeTax": 121000000,
        "incomeBeforeTaxRatio": 0.0302954432,
        "incomeTaxExpense": 26000000,
        "netIncome": 95000000,
        "netIncomeRatio": 0.0237856785,
        "eps": 0.25,
        "epsdiluted": 0.25,
        "weightedAverageShsOut": 374000000,
        "weightedAverageShsOutDil": 380000000,
        "link": "https://www.sec.gov/Archives/edgar/data/39911/000003991120000139/0000039911-20-000139-index.htm",
        "finalLink": "https://www.sec.gov/Archives/edgar/data/39911/000003991120000139/gps-20201031.htm"
    },
    {
        "date": "2020-08-01",
        "symbol": "GPS",
        "reportedCurrency": "USD",
        "cik": "0000039911",
        "fillingDate": "2020-08-31",
        "acceptedDate": "2020-08-31 15:51:55",
        "calendarYear": "2020",
        "period": "Q2",
        "revenue": 3275000000,
        "costOfRevenue": 2126000000,
        "grossProfit": 1149000000,
        "grossProfitRatio": 0.3508396947,
        "researchAndDevelopmentExpenses": 0,
        "generalAndAdministrativeExpenses": 0,
        "sellingAndMarketingExpenses": 0,
        "sellingGeneralAndAdministrativeExpenses": 1076000000,
        "otherExpenses": 0,
        "operatingExpenses": 1076000000,
        "costAndExpenses": 3202000000,
        "interestIncome": 2000000,
        "interestExpense": 58000000,
        "depreciationAndAmortization": 126000000,
        "ebitda": 143000000,
        "ebitdaratio": 0.0436641221,
        "operatingIncome": 73000000,
        "operatingIncomeRatio": 0.0222900763,
        "totalOtherIncomeExpensesNet": -114000000,
        "incomeBeforeTax": -41000000,
        "incomeBeforeTaxRatio": -0.012519084,
        "incomeTaxExpense": 21000000,
        "netIncome": -62000000,
        "netIncomeRatio": -0.0189312977,
        "eps": -0.17,
        "epsdiluted": -0.17,
        "weightedAverageShsOut": 374000000,
        "weightedAverageShsOutDil": 374000000,
        "link": "https://www.sec.gov/Archives/edgar/data/39911/000003991120000108/0000039911-20-000108-index.htm",
        "finalLink": "https://www.sec.gov/Archives/edgar/data/39911/000003991120000108/q2202010-qdocument.htm"
    },
    {
        "date": "2020-05-02",
        "symbol": "GPS",
        "reportedCurrency": "USD",
        "cik": "0000039911",
        "fillingDate": "2020-06-09",
        "acceptedDate": "2020-06-09 14:17:36",
        "calendarYear": "2020",
        "period": "Q1",
        "revenue": 2107000000,
        "costOfRevenue": 1839000000,
        "grossProfit": 268000000,
        "grossProfitRatio": 0.1271950641,
        "researchAndDevelopmentExpenses": 0,
        "generalAndAdministrativeExpenses": 0,
        "sellingAndMarketingExpenses": 0,
        "sellingGeneralAndAdministrativeExpenses": 0,
        "otherExpenses": 1512000000,
        "operatingExpenses": 1512000000,
        "costAndExpenses": 3351000000,
        "interestIncome": 4000000,
        "interestExpense": 19000000,
        "depreciationAndAmortization": 130000000,
        "ebitda": -1110000000,
        "ebitdaratio": -0.5268153773,
        "operatingIncome": -1244000000,
        "operatingIncomeRatio": -0.5904129093,
        "totalOtherIncomeExpensesNet": -15000000,
        "incomeBeforeTax": -1259000000,
        "incomeBeforeTaxRatio": -0.5975320361,
        "incomeTaxExpense": -327000000,
        "netIncome": -932000000,
        "netIncomeRatio": -0.4423350736,
        "eps": -2.51,
        "epsdiluted": -2.51,
        "weightedAverageShsOut": 372000000,
        "weightedAverageShsOutDil": 372000000,
        "link": "https://www.sec.gov/Archives/edgar/data/39911/000003991120000069/0000039911-20-000069-index.htm",
        "finalLink": "https://www.sec.gov/Archives/edgar/data/39911/000003991120000069/q1202010-qdocument.htm"
    },
    {
        "date": "2020-02-01",
        "symbol": "GPS",
        "reportedCurrency": "USD",
        "cik": "0000039911",
        "fillingDate": "2020-03-17",
        "acceptedDate": "2020-03-17 17:10:10",
        "calendarYear": "2019",
        "period": "Q4",
        "revenue": 4674000000,
        "costOfRevenue": 3000000000,
        "grossProfit": 1674000000,
        "grossProfitRatio": 0.3581514763,
        "researchAndDevelopmentExpenses": 0,
        "generalAndAdministrativeExpenses": 0,
        "sellingAndMarketingExpenses": 687000000,
        "sellingGeneralAndAdministrativeExpenses": 687000000,
        "otherExpenses": 1919000000,
        "operatingExpenses": 1919000000,
        "costAndExpenses": 4919000000,
        "interestIncome": 9000000,
        "interestExpense": 18000000,
        "depreciationAndAmortization": 140000000,
        "ebitda": -96000000,
        "ebitdaratio": -0.0205391528,
        "operatingIncome": -245000000,
        "operatingIncomeRatio": -0.0524176294,
        "totalOtherIncomeExpensesNet": -9000000,
        "incomeBeforeTax": -254000000,
        "incomeBeforeTaxRatio": -0.054343175,
        "incomeTaxExpense": -70000000,
        "netIncome": -184000000,
        "netIncomeRatio": -0.0393667095,
        "eps": -0.49,
        "epsdiluted": -0.49,
        "weightedAverageShsOut": 373000000,
        "weightedAverageShsOutDil": 373000000,
        "link": "https://www.sec.gov/Archives/edgar/data/39911/000003991120000019/0000039911-20-000019-index.htm",
        "finalLink": "https://www.sec.gov/Archives/edgar/data/39911/000003991120000019/fy201910-k.htm"
    },
    {
        "date": "2019-11-02",
        "symbol": "GPS",
        "reportedCurrency": "USD",
        "cik": "0000039911",
        "fillingDate": "2019-11-27",
        "acceptedDate": "2019-11-27 13:37:35",
        "calendarYear": "2019",
        "period": "Q3",
        "revenue": 3998000000,
        "costOfRevenue": 2439000000,
        "grossProfit": 1559000000,
        "grossProfitRatio": 0.3899449725,
        "researchAndDevelopmentExpenses": 0,
        "generalAndAdministrativeExpenses": 0,
        "sellingAndMarketingExpenses": 0,
        "sellingGeneralAndAdministrativeExpenses": 0,
        "otherExpenses": 1338000000,
        "operatingExpenses": 1338000000,
        "costAndExpenses": 3777000000,
        "interestIncome": 7000000,
        "interestExpense": 19000000,
        "depreciationAndAmortization": 140000000,
        "ebitda": 368000000,
        "ebitdaratio": 0.092046023,
        "operatingIncome": 221000000,
        "operatingIncomeRatio": 0.0552776388,
        "totalOtherIncomeExpensesNet": -12000000,
        "incomeBeforeTax": 209000000,
        "incomeBeforeTaxRatio": 0.0522761381,
        "incomeTaxExpense": 69000000,
        "netIncome": 140000000,
        "netIncomeRatio": 0.0350175088,
        "eps": 0.37,
        "epsdiluted": 0.37,
        "weightedAverageShsOut": 375000000,
        "weightedAverageShsOutDil": 376000000,
        "link": "https://www.sec.gov/Archives/edgar/data/39911/000003991119000142/0000039911-19-000142-index.htm",
        "finalLink": "https://www.sec.gov/Archives/edgar/data/39911/000003991119000142/q3201910-qdocument.htm"
    },
    {
        "date": "2019-08-03",
        "symbol": "GPS",
        "reportedCurrency": "USD",
        "cik": "0000039911",
        "fillingDate": "2019-08-30",
        "acceptedDate": "2019-08-30 14:34:03",
        "calendarYear": "2019",
        "period": "Q2",
        "revenue": 4005000000,
        "costOfRevenue": 2449000000,
        "grossProfit": 1556000000,
        "grossProfitRatio": 0.3885143571,
        "researchAndDevelopmentExpenses": 0,
        "generalAndAdministrativeExpenses": 0,
        "sellingAndMarketingExpenses": 0,
        "sellingGeneralAndAdministrativeExpenses": 0,
        "otherExpenses": 1274000000,
        "operatingExpenses": 1274000000,
        "costAndExpenses": 3723000000,
        "interestIncome": 8000000,
        "interestExpense": 19000000,
        "depreciationAndAmortization": 139000000,
        "ebitda": 429000000,
        "ebitdaratio": 0.1071161049,
        "operatingIncome": 282000000,
        "operatingIncomeRatio": 0.070411985,
        "totalOtherIncomeExpensesNet": -11000000,
        "incomeBeforeTax": 271000000,
        "incomeBeforeTaxRatio": 0.0676654182,
        "incomeTaxExpense": 103000000,
        "netIncome": 168000000,
        "netIncomeRatio": 0.0419475655,
        "eps": 0.44,
        "epsdiluted": 0.44,
        "weightedAverageShsOut": 378000000,
        "weightedAverageShsOutDil": 379000000,
        "link": "https://www.sec.gov/Archives/edgar/data/39911/000003991119000109/0000039911-19-000109-index.htm",
        "finalLink": "https://www.sec.gov/Archives/edgar/data/39911/000003991119000109/q2201910-qdocument.htm"
    },
    {
        "date": "2019-05-04",
        "symbol": "GPS",
        "reportedCurrency": "USD",
        "cik": "0000039911",
        "fillingDate": "2019-05-31",
        "acceptedDate": "2019-05-31 14:29:18",
        "calendarYear": "2019",
        "period": "Q1",
        "revenue": 3706000000,
        "costOfRevenue": 2362000000,
        "grossProfit": 1344000000,
        "grossProfitRatio": 0.3626551538,
        "researchAndDevelopmentExpenses": 0,
        "generalAndAdministrativeExpenses": 0,
        "sellingAndMarketingExpenses": 0,
        "sellingGeneralAndAdministrativeExpenses": 1228000000,
        "otherExpenses": -200000000,
        "operatingExpenses": 1028000000,
        "costAndExpenses": 3390000000,
        "interestIncome": 6000000,
        "interestExpense": 20000000,
        "depreciationAndAmortization": 138000000,
        "ebitda": 460000000,
        "ebitdaratio": 0.1241230437,
        "operatingIncome": 316000000,
        "operatingIncomeRatio": 0.0852671344,
        "totalOtherIncomeExpensesNet": -14000000,
        "incomeBeforeTax": 302000000,
        "incomeBeforeTaxRatio": 0.0814894765,
        "incomeTaxExpense": 75000000,
        "netIncome": 227000000,
        "netIncomeRatio": 0.0612520237,
        "eps": 0.6,
        "epsdiluted": 0.6,
        "weightedAverageShsOut": 379000000,
        "weightedAverageShsOutDil": 381000000,
        "link": "https://www.sec.gov/Archives/edgar/data/39911/000003991119000066/0000039911-19-000066-index.htm",
        "finalLink": "https://www.sec.gov/Archives/edgar/data/39911/000003991119000066/q1201910-qdocument.htm"
    },
    {
        "date": "2019-02-02",
        "symbol": "GPS",
        "reportedCurrency": "USD",
        "cik": "0000039911",
        "fillingDate": "2019-03-19",
        "acceptedDate": "2019-03-19 14:38:39",
        "calendarYear": "2018",
        "period": "Q4",
        "revenue": 4623000000,
        "costOfRevenue": 2978000000,
        "grossProfit": 1645000000,
        "grossProfitRatio": 0.3558295479,
        "researchAndDevelopmentExpenses": 0,
        "generalAndAdministrativeExpenses": 0,
        "sellingAndMarketingExpenses": 650000000,
        "sellingGeneralAndAdministrativeExpenses": 650000000,
        "otherExpenses": 1273000000,
        "operatingExpenses": 1273000000,
        "costAndExpenses": 4251000000,
        "interestIncome": 12000000,
        "interestExpense": 19000000,
        "depreciationAndAmortization": 153000000,
        "ebitda": 537000000,
        "ebitdaratio": 0.1161583387,
        "operatingIncome": 372000000,
        "operatingIncomeRatio": 0.0804672291,
        "totalOtherIncomeExpensesNet": -7000000,
        "incomeBeforeTax": 365000000,
        "incomeBeforeTaxRatio": 0.0789530608,
        "incomeTaxExpense": 89000000,
        "netIncome": 276000000,
        "netIncomeRatio": 0.0597014925,
        "eps": 0.72,
        "epsdiluted": 0.72,
        "weightedAverageShsOut": 381000000,
        "weightedAverageShsOutDil": 383000000,
        "link": "https://www.sec.gov/Archives/edgar/data/39911/000003991119000023/0000039911-19-000023-index.htm",
        "finalLink": "https://www.sec.gov/Archives/edgar/data/39911/000003991119000023/fy201810-k.htm"
    },
    {
        "date": "2018-11-03",
        "symbol": "GPS",
        "reportedCurrency": "USD",
        "cik": "0000039911",
        "fillingDate": "2018-11-30",
        "acceptedDate": "2018-11-30 15:08:19",
        "calendarYear": "2018",
        "period": "Q3",
        "revenue": 4089000000,
        "costOfRevenue": 2466000000,
        "grossProfit": 1623000000,
        "grossProfitRatio": 0.396918562,
        "researchAndDevelopmentExpenses": 0,
        "generalAndAdministrativeExpenses": 0,
        "sellingAndMarketingExpenses": 0,
        "sellingGeneralAndAdministrativeExpenses": 0,
        "otherExpenses": 1260000000,
        "operatingExpenses": 1260000000,
        "costAndExpenses": 3726000000,
        "interestIncome": 8000000,
        "interestExpense": 21000000,
        "depreciationAndAmortization": 145000000,
        "ebitda": 516000000,
        "ebitdaratio": 0.126192223,
        "operatingIncome": 363000000,
        "operatingIncomeRatio": 0.0887747616,
        "totalOtherIncomeExpensesNet": -13000000,
        "incomeBeforeTax": 350000000,
        "incomeBeforeTaxRatio": 0.0855955001,
        "incomeTaxExpense": 84000000,
        "netIncome": 266000000,
        "netIncomeRatio": 0.0650525801,
        "eps": 0.69,
        "epsdiluted": 0.69,
        "weightedAverageShsOut": 384000000,
        "weightedAverageShsOutDil": 387000000,
        "link": "https://www.sec.gov/Archives/edgar/data/39911/000003991118000155/0000039911-18-000155-index.htm",
        "finalLink": "https://www.sec.gov/Archives/edgar/data/39911/000003991118000155/q3201810-qdocument.htm"
    },
    {
        "date": "2018-08-04",
        "symbol": "GPS",
        "reportedCurrency": "USD",
        "cik": "0000039911",
        "fillingDate": "2018-08-31",
        "acceptedDate": "2018-08-31 14:00:43",
        "calendarYear": "2018",
        "period": "Q2",
        "revenue": 4085000000,
        "costOfRevenue": 2458000000,
        "grossProfit": 1627000000,
        "grossProfitRatio": 0.3982864137,
        "researchAndDevelopmentExpenses": 0,
        "generalAndAdministrativeExpenses": 0,
        "sellingAndMarketingExpenses": 0,
        "sellingGeneralAndAdministrativeExpenses": 0,
        "otherExpenses": 1229000000,
        "operatingExpenses": 1229000000,
        "costAndExpenses": 3687000000,
        "interestIncome": 7000000,
        "interestExpense": 17000000,
        "depreciationAndAmortization": 140000000,
        "ebitda": 545000000,
        "ebitdaratio": 0.1334149327,
        "operatingIncome": 398000000,
        "operatingIncomeRatio": 0.0974296206,
        "totalOtherIncomeExpensesNet": -10000000,
        "incomeBeforeTax": 388000000,
        "incomeBeforeTaxRatio": 0.0949816401,
        "incomeTaxExpense": 91000000,
        "netIncome": 297000000,
        "netIncomeRatio": 0.0727050184,
        "eps": 0.77,
        "epsdiluted": 0.76,
        "weightedAverageShsOut": 387000000,
        "weightedAverageShsOutDil": 390000000,
        "link": "https://www.sec.gov/Archives/edgar/data/39911/000003991118000134/0000039911-18-000134-index.htm",
        "finalLink": "https://www.sec.gov/Archives/edgar/data/39911/000003991118000134/q2201810-qdocument.htm"
    },
    {
        "date": "2018-05-05",
        "symbol": "GPS",
        "reportedCurrency": "USD",
        "cik": "0000039911",
        "fillingDate": "2018-06-01",
        "acceptedDate": "2018-06-01 15:00:31",
        "calendarYear": "2018",
        "period": "Q1",
        "revenue": 3783000000,
        "costOfRevenue": 2356000000,
        "grossProfit": 1427000000,
        "grossProfitRatio": 0.3772138514,
        "researchAndDevelopmentExpenses": 0,
        "generalAndAdministrativeExpenses": 0,
        "sellingAndMarketingExpenses": 0,
        "sellingGeneralAndAdministrativeExpenses": 1210000000,
        "otherExpenses": -12000000,
        "operatingExpenses": 1198000000,
        "costAndExpenses": 3554000000,
        "interestIncome": 6000000,
        "interestExpense": 16000000,
        "depreciationAndAmortization": 140000000,
        "ebitda": 375000000,
        "ebitdaratio": 0.0991276764,
        "operatingIncome": 229000000,
        "operatingIncomeRatio": 0.0605339678,
        "totalOtherIncomeExpensesNet": -10000000,
        "incomeBeforeTax": 219000000,
        "incomeBeforeTaxRatio": 0.057890563,
        "incomeTaxExpense": 55000000,
        "netIncome": 164000000,
        "netIncomeRatio": 0.0433518372,
        "eps": 0.42,
        "epsdiluted": 0.42,
        "weightedAverageShsOut": 389000000,
        "weightedAverageShsOutDil": 393000000,
        "link": "https://www.sec.gov/Archives/edgar/data/39911/000003991118000092/0000039911-18-000092-index.htm",
        "finalLink": "https://www.sec.gov/Archives/edgar/data/39911/000003991118000092/q1201810-qdocument.htm"
    },
    {
        "date": "2018-02-03",
        "symbol": "GPS",
        "reportedCurrency": "USD",
        "cik": "0000039911",
        "fillingDate": "2018-03-20",
        "acceptedDate": "2018-03-20 14:49:49",
        "calendarYear": "2017",
        "period": "Q4",
        "revenue": 4778000000,
        "costOfRevenue": 3019000000,
        "grossProfit": 1759000000,
        "grossProfitRatio": 0.3681456676,
        "researchAndDevelopmentExpenses": 0,
        "generalAndAdministrativeExpenses": 0,
        "sellingAndMarketingExpenses": 673000000,
        "sellingGeneralAndAdministrativeExpenses": 673000000,
        "otherExpenses": 1363000000,
        "operatingExpenses": 1363000000,
        "costAndExpenses": 4382000000,
        "interestIncome": 8000000,
        "interestExpense": 21000000,
        "depreciationAndAmortization": 141000000,
        "ebitda": 556000000,
        "ebitdaratio": 0.1163666806,
        "operatingIncome": 396000000,
        "operatingIncomeRatio": 0.0828798661,
        "totalOtherIncomeExpensesNet": -13000000,
        "incomeBeforeTax": 383000000,
        "incomeBeforeTaxRatio": 0.0801590624,
        "incomeTaxExpense": 178000000,
        "netIncome": 205000000,
        "netIncomeRatio": 0.0429049812,
        "eps": 0.53,
        "epsdiluted": 0.52,
        "weightedAverageShsOut": 389000000,
        "weightedAverageShsOutDil": 393000000,
        "link": "https://www.sec.gov/Archives/edgar/data/39911/000003991118000048/0000039911-18-000048-index.htm",
        "finalLink": "https://www.sec.gov/Archives/edgar/data/39911/000003991118000048/fy201710-k.htm"
    },
    {
        "date": "2017-10-28",
        "symbol": "GPS",
        "reportedCurrency": "USD",
        "cik": "0000039911",
        "fillingDate": "2017-11-22",
        "acceptedDate": "2017-11-22 14:45:53",
        "calendarYear": "2017",
        "period": "Q3",
        "revenue": 3838000000,
        "costOfRevenue": 2313000000,
        "grossProfit": 1525000000,
        "grossProfitRatio": 0.3973423658,
        "researchAndDevelopmentExpenses": 0,
        "generalAndAdministrativeExpenses": 0,
        "sellingAndMarketingExpenses": 0,
        "sellingGeneralAndAdministrativeExpenses": 0,
        "otherExpenses": 1147000000,
        "operatingExpenses": 1147000000,
        "costAndExpenses": 3460000000,
        "interestIncome": 4000000,
        "interestExpense": 18000000,
        "depreciationAndAmortization": 139000000,
        "ebitda": 521000000,
        "ebitdaratio": 0.1357477853,
        "operatingIncome": 378000000,
        "operatingIncomeRatio": 0.0984887962,
        "totalOtherIncomeExpensesNet": -14000000,
        "incomeBeforeTax": 364000000,
        "incomeBeforeTaxRatio": 0.0948410631,
        "incomeTaxExpense": 135000000,
        "netIncome": 229000000,
        "netIncomeRatio": 0.059666493,
        "eps": 0.59,
        "epsdiluted": 0.58,
        "weightedAverageShsOut": 391000000,
        "weightedAverageShsOutDil": 393000000,
        "link": "https://www.sec.gov/Archives/edgar/data/39911/000003991117000157/0000039911-17-000157-index.htm",
        "finalLink": "https://www.sec.gov/Archives/edgar/data/39911/000003991117000157/q3201710-qdocument.htm"
    },
    {
        "date": "2017-07-29",
        "symbol": "GPS",
        "reportedCurrency": "USD",
        "cik": "0000039911",
        "fillingDate": "2017-08-25",
        "acceptedDate": "2017-08-25 13:23:13",
        "calendarYear": "2017",
        "period": "Q2",
        "revenue": 3799000000,
        "costOfRevenue": 2320000000,
        "grossProfit": 1479000000,
        "grossProfitRatio": 0.3893129771,
        "researchAndDevelopmentExpenses": 0,
        "generalAndAdministrativeExpenses": 0,
        "sellingAndMarketingExpenses": 0,
        "sellingGeneralAndAdministrativeExpenses": 1070000000,
        "otherExpenses": -42000000,
        "operatingExpenses": 1028000000,
        "costAndExpenses": 3348000000,
        "interestIncome": 4000000,
        "interestExpense": 16000000,
        "depreciationAndAmortization": 141000000,
        "ebitda": 596000000,
        "ebitdaratio": 0.1568833904,
        "operatingIncome": 451000000,
        "operatingIncomeRatio": 0.1187154514,
        "totalOtherIncomeExpensesNet": -12000000,
        "incomeBeforeTax": 439000000,
        "incomeBeforeTaxRatio": 0.1155567255,
        "incomeTaxExpense": 168000000,
        "netIncome": 271000000,
        "netIncomeRatio": 0.0713345617,
        "eps": 0.69,
        "epsdiluted": 0.68,
        "weightedAverageShsOut": 395000000,
        "weightedAverageShsOutDil": 396000000,
        "link": "https://www.sec.gov/Archives/edgar/data/39911/000003991117000121/0000039911-17-000121-index.htm",
        "finalLink": "https://www.sec.gov/Archives/edgar/data/39911/000003991117000121/q2201710-qdocument.htm"
    },
    {
        "date": "2017-04-29",
        "symbol": "GPS",
        "reportedCurrency": "USD",
        "cik": "0000039911",
        "fillingDate": "2017-06-05",
        "acceptedDate": "2017-06-05 13:31:41",
        "calendarYear": "2017",
        "period": "Q1",
        "revenue": 3440000000,
        "costOfRevenue": 2137000000,
        "grossProfit": 1303000000,
        "grossProfitRatio": 0.3787790698,
        "researchAndDevelopmentExpenses": 0,
        "generalAndAdministrativeExpenses": 0,
        "sellingAndMarketingExpenses": 0,
        "sellingGeneralAndAdministrativeExpenses": 1037000000,
        "otherExpenses": 12000000,
        "operatingExpenses": 1049000000,
        "costAndExpenses": 3186000000,
        "interestIncome": 3000000,
        "interestExpense": 19000000,
        "depreciationAndAmortization": 138000000,
        "ebitda": 395000000,
        "ebitdaratio": 0.1148255814,
        "operatingIncome": 254000000,
        "operatingIncomeRatio": 0.0738372093,
        "totalOtherIncomeExpensesNet": -16000000,
        "incomeBeforeTax": 238000000,
        "incomeBeforeTaxRatio": 0.0691860465,
        "incomeTaxExpense": 95000000,
        "netIncome": 143000000,
        "netIncomeRatio": 0.0415697674,
        "eps": 0.36,
        "epsdiluted": 0.36,
        "weightedAverageShsOut": 399000000,
        "weightedAverageShsOutDil": 400000000,
        "link": "https://www.sec.gov/Archives/edgar/data/39911/000003991117000089/0000039911-17-000089-index.htm",
        "finalLink": "https://www.sec.gov/Archives/edgar/data/39911/000003991117000089/q1201710-qdocument.htm"
    },
    {
        "date": "2017-01-28",
        "symbol": "GPS",
        "reportedCurrency": "USD",
        "cik": "0000039911",
        "fillingDate": "2017-03-20",
        "acceptedDate": "2017-03-20 14:31:44",
        "calendarYear": "2016",
        "period": "Q4",
        "revenue": 4429000000,
        "costOfRevenue": 2928000000,
        "grossProfit": 1501000000,
        "grossProfitRatio": 0.3389026868,
        "researchAndDevelopmentExpenses": 0,
        "generalAndAdministrativeExpenses": 0,
        "sellingAndMarketingExpenses": 601000000,
        "sellingGeneralAndAdministrativeExpenses": 601000000,
        "otherExpenses": 0,
        "operatingExpenses": 1200000000,
        "costAndExpenses": 4128000000,
        "interestIncome": 2000000,
        "interestExpense": 18000000,
        "depreciationAndAmortization": 144000000,
        "ebitda": 447000000,
        "ebitdaratio": 0.1009257169,
        "operatingIncome": 301000000,
        "operatingIncomeRatio": 0.067961165,
        "totalOtherIncomeExpensesNet": -16000000,
        "incomeBeforeTax": 285000000,
        "incomeBeforeTaxRatio": 0.0643486114,
        "incomeTaxExpense": 65000000,
        "netIncome": 220000000,
        "netIncomeRatio": 0.0496726123,
        "eps": 0.55,
        "epsdiluted": 0.55,
        "weightedAverageShsOut": 399000000,
        "weightedAverageShsOutDil": 401000000,
        "link": "https://www.sec.gov/Archives/edgar/data/39911/000003991117000058/0000039911-17-000058-index.htm",
        "finalLink": "https://www.sec.gov/Archives/edgar/data/39911/000003991117000058/fy201610-k.htm"
    },
    {
        "date": "2016-10-29",
        "symbol": "GPS",
        "reportedCurrency": "USD",
        "cik": "0000039911",
        "fillingDate": "2016-12-05",
        "acceptedDate": "2016-12-05 13:55:54",
        "calendarYear": "2016",
        "period": "Q3",
        "revenue": 3798000000,
        "costOfRevenue": 2305000000,
        "grossProfit": 1493000000,
        "grossProfitRatio": 0.3931016324,
        "researchAndDevelopmentExpenses": 0,
        "generalAndAdministrativeExpenses": 0,
        "sellingAndMarketingExpenses": 0,
        "sellingGeneralAndAdministrativeExpenses": 0,
        "otherExpenses": 1104000000,
        "operatingExpenses": 1104000000,
        "costAndExpenses": 3409000000,
        "interestIncome": 3000000,
        "interestExpense": 20000000,
        "depreciationAndAmortization": 146000000,
        "ebitda": 538000000,
        "ebitdaratio": 0.1416535018,
        "operatingIncome": 389000000,
        "operatingIncomeRatio": 0.1024223275,
        "totalOtherIncomeExpensesNet": -17000000,
        "incomeBeforeTax": 372000000,
        "incomeBeforeTaxRatio": 0.0979462875,
        "incomeTaxExpense": 168000000,
        "netIncome": 204000000,
        "netIncomeRatio": 0.0537124803,
        "eps": 0.51,
        "epsdiluted": 0.51,
        "weightedAverageShsOut": 399000000,
        "weightedAverageShsOutDil": 400000000,
        "link": "https://www.sec.gov/Archives/edgar/data/39911/000003991116000388/0000039911-16-000388-index.htm",
        "finalLink": "https://www.sec.gov/Archives/edgar/data/39911/000003991116000388/q3201610-qdocument.htm"
    },
    {
        "date": "2016-07-30",
        "symbol": "GPS",
        "reportedCurrency": "USD",
        "cik": "0000039911",
        "fillingDate": "2016-09-02",
        "acceptedDate": "2016-09-02 14:34:21",
        "calendarYear": "2016",
        "period": "Q2",
        "revenue": 3851000000,
        "costOfRevenue": 2414000000,
        "grossProfit": 1437000000,
        "grossProfitRatio": 0.3731498312,
        "researchAndDevelopmentExpenses": 0,
        "generalAndAdministrativeExpenses": 0,
        "sellingAndMarketingExpenses": 0,
        "sellingGeneralAndAdministrativeExpenses": 1023000000,
        "otherExpenses": 0,
        "operatingExpenses": 1158000000,
        "costAndExpenses": 3572000000,
        "interestIncome": 2000000,
        "interestExpense": 18000000,
        "depreciationAndAmortization": 155000000,
        "ebitda": 436000000,
        "ebitdaratio": 0.1132173461,
        "operatingIncome": 279000000,
        "operatingIncomeRatio": 0.0724487146,
        "totalOtherIncomeExpensesNet": -16000000,
        "incomeBeforeTax": 263000000,
        "incomeBeforeTaxRatio": 0.0682939496,
        "incomeTaxExpense": 138000000,
        "netIncome": 125000000,
        "netIncomeRatio": 0.0324591015,
        "eps": 0.31,
        "epsdiluted": 0.31,
        "weightedAverageShsOut": 398000000,
        "weightedAverageShsOutDil": 399000000,
        "link": "https://www.sec.gov/Archives/edgar/data/39911/000003991116000358/0000039911-16-000358-index.htm",
        "finalLink": "https://www.sec.gov/Archives/edgar/data/39911/000003991116000358/q2201610-qdocument.htm"
    },
    {
        "date": "2016-04-30",
        "symbol": "GPS",
        "reportedCurrency": "USD",
        "cik": "0000039911",
        "fillingDate": "2016-06-03",
        "acceptedDate": "2016-06-03 14:46:13",
        "calendarYear": "2016",
        "period": "Q1",
        "revenue": 3438000000,
        "costOfRevenue": 2229000000,
        "grossProfit": 1209000000,
        "grossProfitRatio": 0.3516579407,
        "researchAndDevelopmentExpenses": 0,
        "generalAndAdministrativeExpenses": 0,
        "sellingAndMarketingExpenses": 0,
        "sellingGeneralAndAdministrativeExpenses": 0,
        "otherExpenses": 987000000,
        "operatingExpenses": 987000000,
        "costAndExpenses": 3216000000,
        "interestIncome": 1000000,
        "interestExpense": 19000000,
        "depreciationAndAmortization": 148000000,
        "ebitda": 371000000,
        "ebitdaratio": 0.1079115765,
        "operatingIncome": 222000000,
        "operatingIncomeRatio": 0.0645724258,
        "totalOtherIncomeExpensesNet": -18000000,
        "incomeBeforeTax": 204000000,
        "incomeBeforeTaxRatio": 0.0593368237,
        "incomeTaxExpense": 77000000,
        "netIncome": 127000000,
        "netIncomeRatio": 0.0369400814,
        "eps": 0.32,
        "epsdiluted": 0.32,
        "weightedAverageShsOut": 398000000,
        "weightedAverageShsOutDil": 399000000,
        "link": "https://www.sec.gov/Archives/edgar/data/39911/000003991116000317/0000039911-16-000317-index.htm",
        "finalLink": "https://www.sec.gov/Archives/edgar/data/39911/000003991116000317/q1201610-qdocument.htm"
    },
    {
        "date": "2016-01-30",
        "symbol": "GPS",
        "reportedCurrency": "USD",
        "cik": "0000039911",
        "fillingDate": "2016-03-21",
        "acceptedDate": "2016-03-21 14:19:43",
        "calendarYear": "2015",
        "period": "Q4",
        "revenue": 4385000000,
        "costOfRevenue": 2945000000,
        "grossProfit": 1440000000,
        "grossProfitRatio": 0.3283922463,
        "researchAndDevelopmentExpenses": 0,
        "generalAndAdministrativeExpenses": 0,
        "sellingAndMarketingExpenses": 578000000,
        "sellingGeneralAndAdministrativeExpenses": 578000000,
        "otherExpenses": 1085000000,
        "operatingExpenses": 1085000000,
        "costAndExpenses": 4030000000,
        "interestIncome": 3000000,
        "interestExpense": 18000000,
        "depreciationAndAmortization": -438000000,
        "ebitda": 512000000,
        "ebitdaratio": 0.1167616876,
        "operatingIncome": 355000000,
        "operatingIncomeRatio": 0.0809578107,
        "totalOtherIncomeExpensesNet": -15000000,
        "incomeBeforeTax": 340000000,
        "incomeBeforeTaxRatio": 0.0775370582,
        "incomeTaxExpense": 126000000,
        "netIncome": 214000000,
        "netIncomeRatio": 0.0488027366,
        "eps": 0.54,
        "epsdiluted": 0.53,
        "weightedAverageShsOut": 400000000,
        "weightedAverageShsOutDil": 402000000,
        "link": "https://www.sec.gov/Archives/edgar/data/39911/000003991116000269/0000039911-16-000269-index.htm",
        "finalLink": "https://www.sec.gov/Archives/edgar/data/39911/000003991116000269/fy201510-k.htm"
    },
    {
        "date": "2015-10-31",
        "symbol": "GPS",
        "reportedCurrency": "USD",
        "cik": "0000039911",
        "fillingDate": "2015-12-08",
        "acceptedDate": "2015-12-08 13:26:48",
        "calendarYear": "2015",
        "period": "Q3",
        "revenue": 3857000000,
        "costOfRevenue": 2417000000,
        "grossProfit": 1440000000,
        "grossProfitRatio": 0.373347161,
        "researchAndDevelopmentExpenses": 0,
        "generalAndAdministrativeExpenses": 0,
        "sellingAndMarketingExpenses": 0,
        "sellingGeneralAndAdministrativeExpenses": 0,
        "otherExpenses": 1026000000,
        "operatingExpenses": 1026000000,
        "costAndExpenses": 3443000000,
        "interestIncome": 1000000,
        "interestExpense": 19000000,
        "depreciationAndAmortization": 144000000,
        "ebitda": 559000000,
        "ebitdaratio": 0.1449312938,
        "operatingIncome": 414000000,
        "operatingIncomeRatio": 0.1073373088,
        "totalOtherIncomeExpensesNet": -18000000,
        "incomeBeforeTax": 396000000,
        "incomeBeforeTaxRatio": 0.1026704693,
        "incomeTaxExpense": 148000000,
        "netIncome": 248000000,
        "netIncomeRatio": 0.0642986777,
        "eps": 0.61,
        "epsdiluted": 0.61,
        "weightedAverageShsOut": 406000000,
        "weightedAverageShsOutDil": 408000000,
        "link": "https://www.sec.gov/Archives/edgar/data/39911/000003991115000215/0000039911-15-000215-index.htm",
        "finalLink": "https://www.sec.gov/Archives/edgar/data/39911/000003991115000215/q3201510-qdocument.htm"
    },
    {
        "date": "2015-08-01",
        "symbol": "GPS",
        "reportedCurrency": "USD",
        "cik": "0000039911",
        "fillingDate": "2015-09-08",
        "acceptedDate": "2015-09-08 13:33:39",
        "calendarYear": "2015",
        "period": "Q2",
        "revenue": 3898000000,
        "costOfRevenue": 2440000000,
        "grossProfit": 1458000000,
        "grossProfitRatio": 0.3740379682,
        "researchAndDevelopmentExpenses": 0,
        "generalAndAdministrativeExpenses": 0,
        "sellingAndMarketingExpenses": 0,
        "sellingGeneralAndAdministrativeExpenses": 0,
        "otherExpenses": 1089000000,
        "operatingExpenses": 1089000000,
        "costAndExpenses": 3529000000,
        "interestIncome": 1000000,
        "interestExpense": 17000000,
        "depreciationAndAmortization": 146000000,
        "ebitda": 516000000,
        "ebitdaratio": 0.1323755772,
        "operatingIncome": 369000000,
        "operatingIncomeRatio": 0.0946639302,
        "totalOtherIncomeExpensesNet": -16000000,
        "incomeBeforeTax": 353000000,
        "incomeBeforeTaxRatio": 0.0905592612,
        "incomeTaxExpense": 134000000,
        "netIncome": 219000000,
        "netIncomeRatio": 0.0561826578,
        "eps": 0.53,
        "epsdiluted": 0.52,
        "weightedAverageShsOut": 417000000,
        "weightedAverageShsOutDil": 418000000,
        "link": "https://www.sec.gov/Archives/edgar/data/39911/000003991115000180/0000039911-15-000180-index.htm",
        "finalLink": "https://www.sec.gov/Archives/edgar/data/39911/000003991115000180/q2201510-qdocument.htm"
    },
    {
        "date": "2015-05-02",
        "symbol": "GPS",
        "reportedCurrency": "USD",
        "cik": "0000039911",
        "fillingDate": "2015-06-08",
        "acceptedDate": "2015-06-08 13:52:57",
        "calendarYear": "2015",
        "period": "Q1",
        "revenue": 3657000000,
        "costOfRevenue": 2275000000,
        "grossProfit": 1382000000,
        "grossProfitRatio": 0.3779053869,
        "researchAndDevelopmentExpenses": 0,
        "generalAndAdministrativeExpenses": 0,
        "sellingAndMarketingExpenses": 0,
        "sellingGeneralAndAdministrativeExpenses": 0,
        "otherExpenses": 996000000,
        "operatingExpenses": 996000000,
        "costAndExpenses": 3271000000,
        "interestIncome": 1000000,
        "interestExpense": 5000000,
        "depreciationAndAmortization": 148000000,
        "ebitda": 535000000,
        "ebitdaratio": 0.1462947771,
        "operatingIncome": 386000000,
        "operatingIncomeRatio": 0.1055509981,
        "totalOtherIncomeExpensesNet": -4000000,
        "incomeBeforeTax": 382000000,
        "incomeBeforeTaxRatio": 0.1044572054,
        "incomeTaxExpense": 143000000,
        "netIncome": 239000000,
        "netIncomeRatio": 0.0653541154,
        "eps": 0.57,
        "epsdiluted": 0.56,
        "weightedAverageShsOut": 421000000,
        "weightedAverageShsOutDil": 424000000,
        "link": "https://www.sec.gov/Archives/edgar/data/39911/000003991115000130/0000039911-15-000130-index.htm",
        "finalLink": "https://www.sec.gov/Archives/edgar/data/39911/000003991115000130/q1201510-qdocument.htm"
    },
    {
        "date": "2015-01-31",
        "symbol": "GPS",
        "reportedCurrency": "USD",
        "cik": "0000039911",
        "fillingDate": "2015-03-23",
        "acceptedDate": "2015-03-23 15:06:47",
        "calendarYear": "2014",
        "period": "Q4",
        "revenue": 4708000000,
        "costOfRevenue": 3050000000,
        "grossProfit": 1658000000,
        "grossProfitRatio": 0.3521665251,
        "researchAndDevelopmentExpenses": 0,
        "generalAndAdministrativeExpenses": 0,
        "sellingAndMarketingExpenses": 639000000,
        "sellingGeneralAndAdministrativeExpenses": 639000000,
        "otherExpenses": 1139000000,
        "operatingExpenses": 1139000000,
        "costAndExpenses": 4189000000,
        "interestIncome": 3000000,
        "interestExpense": 20000000,
        "depreciationAndAmortization": 135000000,
        "ebitda": 674000000,
        "ebitdaratio": 0.1431605777,
        "operatingIncome": 519000000,
        "operatingIncomeRatio": 0.1102378929,
        "totalOtherIncomeExpensesNet": -17000000,
        "incomeBeforeTax": 502000000,
        "incomeBeforeTaxRatio": 0.1066270178,
        "incomeTaxExpense": 183000000,
        "netIncome": 319000000,
        "netIncomeRatio": 0.0677570093,
        "eps": 0.75,
        "epsdiluted": 0.75,
        "weightedAverageShsOut": 424645973,
        "weightedAverageShsOutDil": 428000000,
        "link": "https://www.sec.gov/Archives/edgar/data/39911/000003991115000101/0000039911-15-000101-index.htm",
        "finalLink": "https://www.sec.gov/Archives/edgar/data/39911/000003991115000101/fy201410-k.htm"
    },
    {
        "date": "2014-11-01",
        "symbol": "GPS",
        "reportedCurrency": "USD",
        "cik": "0000039911",
        "fillingDate": "2014-12-08",
        "acceptedDate": "2014-12-08 15:44:44",
        "calendarYear": "2014",
        "period": "Q3",
        "revenue": 3972000000,
        "costOfRevenue": 2376000000,
        "grossProfit": 1596000000,
        "grossProfitRatio": 0.4018126888,
        "researchAndDevelopmentExpenses": 0,
        "generalAndAdministrativeExpenses": 0,
        "sellingAndMarketingExpenses": 0,
        "sellingGeneralAndAdministrativeExpenses": 0,
        "otherExpenses": 1042000000,
        "operatingExpenses": 1042000000,
        "costAndExpenses": 3418000000,
        "interestIncome": 1000000,
        "interestExpense": 19000000,
        "depreciationAndAmortization": 141000000,
        "ebitda": 696000000,
        "ebitdaratio": 0.1752265861,
        "operatingIncome": 554000000,
        "operatingIncomeRatio": 0.1394763343,
        "totalOtherIncomeExpensesNet": -18000000,
        "incomeBeforeTax": 536000000,
        "incomeBeforeTaxRatio": 0.1349446123,
        "incomeTaxExpense": 185000000,
        "netIncome": 351000000,
        "netIncomeRatio": 0.0883685801,
        "eps": 0.81,
        "epsdiluted": 0.8,
        "weightedAverageShsOut": 432000000,
        "weightedAverageShsOutDil": 437000000,
        "link": "https://www.sec.gov/Archives/edgar/data/39911/000003991114000175/0000039911-14-000175-index.htm",
        "finalLink": "https://www.sec.gov/Archives/edgar/data/39911/000003991114000175/q3201410-qdocument.htm"
    },
    {
        "date": "2014-08-02",
        "symbol": "GPS",
        "reportedCurrency": "USD",
        "cik": "0000039911",
        "fillingDate": "2014-09-05",
        "acceptedDate": "2014-09-05 14:53:27",
        "calendarYear": "2014",
        "period": "Q2",
        "revenue": 3981000000,
        "costOfRevenue": 2412000000,
        "grossProfit": 1569000000,
        "grossProfitRatio": 0.3941220799,
        "researchAndDevelopmentExpenses": 0,
        "generalAndAdministrativeExpenses": 0,
        "sellingAndMarketingExpenses": 0,
        "sellingGeneralAndAdministrativeExpenses": 0,
        "otherExpenses": 1002000000,
        "operatingExpenses": 1002000000,
        "costAndExpenses": 3414000000,
        "interestIncome": 1000000,
        "interestExpense": 19000000,
        "depreciationAndAmortization": 138000000,
        "ebitda": 706000000,
        "ebitdaratio": 0.1773423763,
        "operatingIncome": 567000000,
        "operatingIncomeRatio": 0.142426526,
        "totalOtherIncomeExpensesNet": -18000000,
        "incomeBeforeTax": 549000000,
        "incomeBeforeTaxRatio": 0.137905049,
        "incomeTaxExpense": 217000000,
        "netIncome": 332000000,
        "netIncomeRatio": 0.0833961316,
        "eps": 0.76,
        "epsdiluted": 0.75,
        "weightedAverageShsOut": 439000000,
        "weightedAverageShsOutDil": 443000000,
        "link": "https://www.sec.gov/Archives/edgar/data/39911/000003991114000142/0000039911-14-000142-index.htm",
        "finalLink": "https://www.sec.gov/Archives/edgar/data/39911/000003991114000142/q2201410-qdocument.htm"
    },
    {
        "date": "2014-05-03",
        "symbol": "GPS",
        "reportedCurrency": "USD",
        "cik": "0000039911",
        "fillingDate": "2014-10-10",
        "acceptedDate": "2014-10-10 16:38:13",
        "calendarYear": "2014",
        "period": "Q1",
        "revenue": 3774000000,
        "costOfRevenue": 2308000000,
        "grossProfit": 1466000000,
        "grossProfitRatio": 0.3884472708,
        "researchAndDevelopmentExpenses": 0,
        "generalAndAdministrativeExpenses": 0,
        "sellingAndMarketingExpenses": 0,
        "sellingGeneralAndAdministrativeExpenses": 0,
        "otherExpenses": 1023000000,
        "operatingExpenses": 1023000000,
        "costAndExpenses": 3331000000,
        "interestIncome": 0,
        "interestExpense": 17000000,
        "depreciationAndAmortization": 133000000,
        "ebitda": 576000000,
        "ebitdaratio": 0.1526232114,
        "operatingIncome": 443000000,
        "operatingIncomeRatio": 0.117382088,
        "totalOtherIncomeExpensesNet": -17000000,
        "incomeBeforeTax": 426000000,
        "incomeBeforeTaxRatio": 0.1128775835,
        "incomeTaxExpense": 166000000,
        "netIncome": 260000000,
        "netIncomeRatio": 0.0688924218,
        "eps": 0.58,
        "epsdiluted": 0.58,
        "weightedAverageShsOut": 445000000,
        "weightedAverageShsOutDil": 451000000,
        "link": "https://www.sec.gov/Archives/edgar/data/39911/000003991114000154/0000039911-14-000154-index.htm",
        "finalLink": "https://www.sec.gov/Archives/edgar/data/39911/000003991114000154/q1201410-qa.htm"
    },
    {
        "date": "2014-02-01",
        "symbol": "GPS",
        "reportedCurrency": "USD",
        "cik": "0000039911",
        "fillingDate": "2014-03-24",
        "acceptedDate": "2014-03-24 15:34:12",
        "calendarYear": "2013",
        "period": "Q4",
        "revenue": 4575000000,
        "costOfRevenue": 2982000000,
        "grossProfit": 1593000000,
        "grossProfitRatio": 0.3481967213,
        "researchAndDevelopmentExpenses": 0,
        "generalAndAdministrativeExpenses": 0,
        "sellingAndMarketingExpenses": 637000000,
        "sellingGeneralAndAdministrativeExpenses": 637000000,
        "otherExpenses": 1071000000,
        "operatingExpenses": 1071000000,
        "costAndExpenses": 4053000000,
        "interestIncome": 2000000,
        "interestExpense": 20000000,
        "depreciationAndAmortization": 121000000,
        "ebitda": 662000000,
        "ebitdaratio": 0.1446994536,
        "operatingIncome": 522000000,
        "operatingIncomeRatio": 0.1140983607,
        "totalOtherIncomeExpensesNet": -18000000,
        "incomeBeforeTax": 504000000,
        "incomeBeforeTaxRatio": 0.1101639344,
        "incomeTaxExpense": 197000000,
        "netIncome": 307000000,
        "netIncomeRatio": 0.0671038251,
        "eps": 0.69,
        "epsdiluted": 0.68,
        "weightedAverageShsOut": 448000000,
        "weightedAverageShsOutDil": 454000000,
        "link": "https://www.sec.gov/Archives/edgar/data/39911/000003991114000045/0000039911-14-000045-index.htm",
        "finalLink": "https://www.sec.gov/Archives/edgar/data/39911/000003991114000045/fy201310-k.htm"
    },
    {
        "date": "2013-11-02",
        "symbol": "GPS",
        "reportedCurrency": "USD",
        "cik": "0000039911",
        "fillingDate": "2013-12-09",
        "acceptedDate": "2013-12-09 14:43:28",
        "calendarYear": "2013",
        "period": "Q3",
        "revenue": 3976000000,
        "costOfRevenue": 2387000000,
        "grossProfit": 1589000000,
        "grossProfitRatio": 0.3996478873,
        "researchAndDevelopmentExpenses": 0,
        "generalAndAdministrativeExpenses": 0,
        "sellingAndMarketingExpenses": 0,
        "sellingGeneralAndAdministrativeExpenses": 0,
        "otherExpenses": 1013000000,
        "operatingExpenses": 1013000000,
        "costAndExpenses": 3400000000,
        "interestIncome": 1000000,
        "interestExpense": 21000000,
        "depreciationAndAmortization": 131000000,
        "ebitda": 708000000,
        "ebitdaratio": 0.1780684105,
        "operatingIncome": 576000000,
        "operatingIncomeRatio": 0.1448692153,
        "totalOtherIncomeExpensesNet": -20000000,
        "incomeBeforeTax": 556000000,
        "incomeBeforeTaxRatio": 0.1398390342,
        "incomeTaxExpense": 219000000,
        "netIncome": 337000000,
        "netIncomeRatio": 0.0847585513,
        "eps": 0.73,
        "epsdiluted": 0.72,
        "weightedAverageShsOut": 463000000,
        "weightedAverageShsOutDil": 468000000,
        "link": "https://www.sec.gov/Archives/edgar/data/39911/000003991113000190/0000039911-13-000190-index.htm",
        "finalLink": "https://www.sec.gov/Archives/edgar/data/39911/000003991113000190/q3201310-qdocument.htm"
    },
    {
        "date": "2013-08-03",
        "symbol": "GPS",
        "reportedCurrency": "USD",
        "cik": "0000039911",
        "fillingDate": "2013-09-06",
        "acceptedDate": "2013-09-06 15:01:10",
        "calendarYear": "2013",
        "period": "Q2",
        "revenue": 3868000000,
        "costOfRevenue": 2301000000,
        "grossProfit": 1567000000,
        "grossProfitRatio": 0.4051189245,
        "researchAndDevelopmentExpenses": 0,
        "generalAndAdministrativeExpenses": 0,
        "sellingAndMarketingExpenses": 0,
        "sellingGeneralAndAdministrativeExpenses": 0,
        "otherExpenses": 1046000000,
        "operatingExpenses": 1046000000,
        "costAndExpenses": 3347000000,
        "interestIncome": 1000000,
        "interestExpense": 19000000,
        "depreciationAndAmortization": 133000000,
        "ebitda": 655000000,
        "ebitdaratio": 0.1693381593,
        "operatingIncome": 521000000,
        "operatingIncomeRatio": 0.1346949328,
        "totalOtherIncomeExpensesNet": -18000000,
        "incomeBeforeTax": 503000000,
        "incomeBeforeTaxRatio": 0.130041365,
        "incomeTaxExpense": 200000000,
        "netIncome": 303000000,
        "netIncomeRatio": 0.0783350569,
        "eps": 0.65,
        "epsdiluted": 0.64,
        "weightedAverageShsOut": 468000000,
        "weightedAverageShsOutDil": 473000000,
        "link": "https://www.sec.gov/Archives/edgar/data/39911/000003991113000143/0000039911-13-000143-index.htm",
        "finalLink": "https://www.sec.gov/Archives/edgar/data/39911/000003991113000143/q2201310-qdocument.htm"
    },
    {
        "date": "2013-05-04",
        "symbol": "GPS",
        "reportedCurrency": "USD",
        "cik": "0000039911",
        "fillingDate": "2013-06-11",
        "acceptedDate": "2013-06-11 14:20:10",
        "calendarYear": "2013",
        "period": "Q1",
        "revenue": 3729000000,
        "costOfRevenue": 2185000000,
        "grossProfit": 1544000000,
        "grossProfitRatio": 0.4140520247,
        "researchAndDevelopmentExpenses": 0,
        "generalAndAdministrativeExpenses": 0,
        "sellingAndMarketingExpenses": 0,
        "sellingGeneralAndAdministrativeExpenses": 0,
        "otherExpenses": 1014000000,
        "operatingExpenses": 1014000000,
        "costAndExpenses": 3199000000,
        "interestIncome": 1000000,
        "interestExpense": 1000000,
        "depreciationAndAmortization": 134000000,
        "ebitda": 665000000,
        "ebitdaratio": 0.1783319925,
        "operatingIncome": 530000000,
        "operatingIncomeRatio": 0.1421292572,
        "totalOtherIncomeExpensesNet": 0,
        "incomeBeforeTax": 530000000,
        "incomeBeforeTaxRatio": 0.1421292572,
        "incomeTaxExpense": 197000000,
        "netIncome": 333000000,
        "netIncomeRatio": 0.0893000805,
        "eps": 0.72,
        "epsdiluted": 0.71,
        "weightedAverageShsOut": 464000000,
        "weightedAverageShsOutDil": 471000000,
        "link": "https://www.sec.gov/Archives/edgar/data/39911/000003991113000103/0000039911-13-000103-index.htm",
        "finalLink": "https://www.sec.gov/Archives/edgar/data/39911/000003991113000103/q1201310-qdocument.htm"
    },
    {
        "date": "2013-02-02",
        "symbol": "GPS",
        "reportedCurrency": "USD",
        "cik": "0000039911",
        "fillingDate": "2013-03-26",
        "acceptedDate": "2013-03-26 12:25:54",
        "calendarYear": "2012",
        "period": "Q4",
        "revenue": 4725000000,
        "costOfRevenue": 2949000000,
        "grossProfit": 1776000000,
        "grossProfitRatio": 0.3758730159,
        "researchAndDevelopmentExpenses": 0,
        "generalAndAdministrativeExpenses": 0,
        "sellingAndMarketingExpenses": 653000000,
        "sellingGeneralAndAdministrativeExpenses": 653000000,
        "otherExpenses": 1174000000,
        "operatingExpenses": 1174000000,
        "costAndExpenses": 4123000000,
        "interestIncome": 2000000,
        "interestExpense": 20000000,
        "depreciationAndAmortization": 120000000,
        "ebitda": 742000000,
        "ebitdaratio": 0.157037037,
        "operatingIncome": 602000000,
        "operatingIncomeRatio": 0.1274074074,
        "totalOtherIncomeExpensesNet": -18000000,
        "incomeBeforeTax": 584000000,
        "incomeBeforeTaxRatio": 0.1235978836,
        "incomeTaxExpense": 233000000,
        "netIncome": 351000000,
        "netIncomeRatio": 0.0742857143,
        "eps": 0.74,
        "epsdiluted": 0.73,
        "weightedAverageShsOut": 472000000,
        "weightedAverageShsOutDil": 479000000,
        "link": "https://www.sec.gov/Archives/edgar/data/39911/000003991113000057/0000039911-13-000057-index.htm",
        "finalLink": "https://www.sec.gov/Archives/edgar/data/39911/000003991113000057/fy1210-k.htm"
    },
    {
        "date": "2012-10-27",
        "symbol": "GPS",
        "reportedCurrency": "USD",
        "cik": "0000039911",
        "fillingDate": "2012-12-03",
        "acceptedDate": "2012-12-03 14:46:24",
        "calendarYear": "2012",
        "period": "Q3",
        "revenue": 3864000000,
        "costOfRevenue": 2271000000,
        "grossProfit": 1593000000,
        "grossProfitRatio": 0.4122670807,
        "researchAndDevelopmentExpenses": 0,
        "generalAndAdministrativeExpenses": 0,
        "sellingAndMarketingExpenses": 0,
        "sellingGeneralAndAdministrativeExpenses": 0,
        "otherExpenses": 1073000000,
        "operatingExpenses": 1073000000,
        "costAndExpenses": 3344000000,
        "interestIncome": 1000000,
        "interestExpense": 22000000,
        "depreciationAndAmortization": 136000000,
        "ebitda": 657000000,
        "ebitdaratio": 0.1700310559,
        "operatingIncome": 520000000,
        "operatingIncomeRatio": 0.1345755694,
        "totalOtherIncomeExpensesNet": -21000000,
        "incomeBeforeTax": 499000000,
        "incomeBeforeTaxRatio": 0.1291407867,
        "incomeTaxExpense": 191000000,
        "netIncome": 308000000,
        "netIncomeRatio": 0.0797101449,
        "eps": 0.64,
        "epsdiluted": 0.63,
        "weightedAverageShsOut": 481000000,
        "weightedAverageShsOutDil": 488000000,
        "link": "https://www.sec.gov/Archives/edgar/data/39911/000003991112000097/0000039911-12-000097-index.htm",
        "finalLink": "https://www.sec.gov/Archives/edgar/data/39911/000003991112000097/gps-20121027x10q.htm"
    },
    {
        "date": "2012-07-28",
        "symbol": "GPS",
        "reportedCurrency": "USD",
        "cik": "0000039911",
        "fillingDate": "2012-08-31",
        "acceptedDate": "2012-08-31 14:31:49",
        "calendarYear": "2012",
        "period": "Q2",
        "revenue": 3575000000,
        "costOfRevenue": 2148000000,
        "grossProfit": 1427000000,
        "grossProfitRatio": 0.3991608392,
        "researchAndDevelopmentExpenses": 0,
        "generalAndAdministrativeExpenses": 0,
        "sellingAndMarketingExpenses": 0,
        "sellingGeneralAndAdministrativeExpenses": 0,
        "otherExpenses": 1002000000,
        "operatingExpenses": 1002000000,
        "costAndExpenses": 3150000000,
        "interestIncome": 2000000,
        "interestExpense": 22000000,
        "depreciationAndAmortization": 141000000,
        "ebitda": 568000000,
        "ebitdaratio": 0.1588811189,
        "operatingIncome": 425000000,
        "operatingIncomeRatio": 0.1188811189,
        "totalOtherIncomeExpensesNet": -20000000,
        "incomeBeforeTax": 405000000,
        "incomeBeforeTaxRatio": 0.1132867133,
        "incomeTaxExpense": 162000000,
        "netIncome": 243000000,
        "netIncomeRatio": 0.067972028,
        "eps": 0.5,
        "epsdiluted": 0.49,
        "weightedAverageShsOut": 486000000,
        "weightedAverageShsOutDil": 491000000,
        "link": "https://www.sec.gov/Archives/edgar/data/39911/000119312512377297/0001193125-12-377297-index.htm",
        "finalLink": "https://www.sec.gov/Archives/edgar/data/39911/000119312512377297/d375481d10q.htm"
    },
    {
        "date": "2012-04-28",
        "symbol": "GPS",
        "reportedCurrency": "USD",
        "cik": "0000039911",
        "fillingDate": "2012-06-06",
        "acceptedDate": "2012-06-06 15:09:16",
        "calendarYear": "2012",
        "period": "Q1",
        "revenue": 3487000000,
        "costOfRevenue": 2112000000,
        "grossProfit": 1375000000,
        "grossProfitRatio": 0.3943217666,
        "researchAndDevelopmentExpenses": 0,
        "generalAndAdministrativeExpenses": 0,
        "sellingAndMarketingExpenses": 0,
        "sellingGeneralAndAdministrativeExpenses": 0,
        "otherExpenses": 980000000,
        "operatingExpenses": 980000000,
        "costAndExpenses": 3092000000,
        "interestIncome": 1000000,
        "interestExpense": 23000000,
        "depreciationAndAmortization": 144000000,
        "ebitda": 540000000,
        "ebitdaratio": 0.154860912,
        "operatingIncome": 395000000,
        "operatingIncomeRatio": 0.1132778893,
        "totalOtherIncomeExpensesNet": -22000000,
        "incomeBeforeTax": 373000000,
        "incomeBeforeTaxRatio": 0.106968741,
        "incomeTaxExpense": 140000000,
        "netIncome": 233000000,
        "netIncomeRatio": 0.0668196157,
        "eps": 0.48,
        "epsdiluted": 0.47,
        "weightedAverageShsOut": 489000000,
        "weightedAverageShsOutDil": 494000000,
        "link": "https://www.sec.gov/Archives/edgar/data/39911/000119312512261722/0001193125-12-261722-index.htm",
        "finalLink": "https://www.sec.gov/Archives/edgar/data/39911/000119312512261722/d340995d10q.htm"
    },
    {
        "date": "2012-01-28",
        "symbol": "GPS",
        "reportedCurrency": "USD",
        "cik": "0000039911",
        "fillingDate": "2012-03-26",
        "acceptedDate": "2012-03-26 16:16:00",
        "calendarYear": "2011",
        "period": "Q4",
        "revenue": 4283000000,
        "costOfRevenue": 2878000000,
        "grossProfit": 1405000000,
        "grossProfitRatio": 0.3280410927,
        "researchAndDevelopmentExpenses": 0,
        "generalAndAdministrativeExpenses": 0,
        "sellingAndMarketingExpenses": 0,
        "sellingGeneralAndAdministrativeExpenses": 0,
        "otherExpenses": 1033000000,
        "operatingExpenses": 1033000000,
        "costAndExpenses": 3911000000,
        "interestIncome": 2000000,
        "interestExpense": 24000000,
        "depreciationAndAmortization": -444000000,
        "ebitda": 522000000,
        "ebitdaratio": 0.1218771889,
        "operatingIncome": 372000000,
        "operatingIncomeRatio": 0.0868550082,
        "totalOtherIncomeExpensesNet": -22000000,
        "incomeBeforeTax": 350000000,
        "incomeBeforeTaxRatio": 0.0817184217,
        "incomeTaxExpense": 132000000,
        "netIncome": 218000000,
        "netIncomeRatio": 0.0508989026,
        "eps": 0.44,
        "epsdiluted": 0.44,
        "weightedAverageShsOut": 529000000,
        "weightedAverageShsOutDil": 533000000,
        "link": "https://www.sec.gov/Archives/edgar/data/39911/000119312512132098/0001193125-12-132098-index.htm",
        "finalLink": "https://www.sec.gov/Archives/edgar/data/39911/000119312512132098/d279340d10k.htm"
    },
    {
        "date": "2011-10-29",
        "symbol": "GPS",
        "reportedCurrency": "USD",
        "cik": "0000039911",
        "fillingDate": "2011-12-07",
        "acceptedDate": "2011-12-07 16:09:14",
        "calendarYear": "2011",
        "period": "Q3",
        "revenue": 3585000000,
        "costOfRevenue": 2271000000,
        "grossProfit": 1314000000,
        "grossProfitRatio": 0.3665271967,
        "researchAndDevelopmentExpenses": 0,
        "generalAndAdministrativeExpenses": 0,
        "sellingAndMarketingExpenses": 0,
        "sellingGeneralAndAdministrativeExpenses": 0,
        "otherExpenses": 968000000,
        "operatingExpenses": 968000000,
        "costAndExpenses": 3239000000,
        "interestIncome": 1000000,
        "interestExpense": 22000000,
        "depreciationAndAmortization": 148000000,
        "ebitda": 495000000,
        "ebitdaratio": 0.1380753138,
        "operatingIncome": 346000000,
        "operatingIncomeRatio": 0.0965132497,
        "totalOtherIncomeExpensesNet": -21000000,
        "incomeBeforeTax": 325000000,
        "incomeBeforeTaxRatio": 0.0906555091,
        "incomeTaxExpense": 132000000,
        "netIncome": 193000000,
        "netIncomeRatio": 0.0538354254,
        "eps": 0.38,
        "epsdiluted": 0.38,
        "weightedAverageShsOut": 503000000,
        "weightedAverageShsOutDil": 505000000,
        "link": "https://www.sec.gov/Archives/edgar/data/39911/000119312511333590/0001193125-11-333590-index.htm",
        "finalLink": "https://www.sec.gov/Archives/edgar/data/39911/000119312511333590/d244473d10q.htm"
    },
    {
        "date": "2011-07-30",
        "symbol": "GPS",
        "reportedCurrency": "USD",
        "cik": "0000039911",
        "fillingDate": "2011-09-07",
        "acceptedDate": "2011-09-07 15:08:41",
        "calendarYear": "2011",
        "period": "Q2",
        "revenue": 3386000000,
        "costOfRevenue": 2135000000,
        "grossProfit": 1251000000,
        "grossProfitRatio": 0.3694624926,
        "researchAndDevelopmentExpenses": 0,
        "generalAndAdministrativeExpenses": 0,
        "sellingAndMarketingExpenses": 0,
        "sellingGeneralAndAdministrativeExpenses": 0,
        "otherExpenses": 917000000,
        "operatingExpenses": 917000000,
        "costAndExpenses": 3052000000,
        "interestIncome": 1000000,
        "interestExpense": 22000000,
        "depreciationAndAmortization": 145000000,
        "ebitda": 480000000,
        "ebitdaratio": 0.141760189,
        "operatingIncome": 334000000,
        "operatingIncomeRatio": 0.0986414649,
        "totalOtherIncomeExpensesNet": -21000000,
        "incomeBeforeTax": 313000000,
        "incomeBeforeTaxRatio": 0.0924394566,
        "incomeTaxExpense": 124000000,
        "netIncome": 189000000,
        "netIncomeRatio": 0.0558180744,
        "eps": 0.35,
        "epsdiluted": 0.35,
        "weightedAverageShsOut": 542000000,
        "weightedAverageShsOutDil": 545000000,
        "link": "https://www.sec.gov/Archives/edgar/data/39911/000119312511242252/0001193125-11-242252-index.htm",
        "finalLink": "https://www.sec.gov/Archives/edgar/data/39911/000119312511242252/d10q.htm"
    },
    {
        "date": "2011-04-30",
        "symbol": "GPS",
        "reportedCurrency": "USD",
        "cik": "0000039911",
        "fillingDate": "2011-06-08",
        "acceptedDate": "2011-06-08 16:48:07",
        "calendarYear": "2011",
        "period": "Q1",
        "revenue": 3295000000,
        "costOfRevenue": 1991000000,
        "grossProfit": 1304000000,
        "grossProfitRatio": 0.3957511381,
        "researchAndDevelopmentExpenses": 0,
        "generalAndAdministrativeExpenses": 0,
        "sellingAndMarketingExpenses": 0,
        "sellingGeneralAndAdministrativeExpenses": 0,
        "otherExpenses": 918000000,
        "operatingExpenses": 918000000,
        "costAndExpenses": 2909000000,
        "interestIncome": 1000000,
        "interestExpense": 6000000,
        "depreciationAndAmortization": 151000000,
        "ebitda": 538000000,
        "ebitdaratio": 0.1632776935,
        "operatingIncome": 386000000,
        "operatingIncomeRatio": 0.1171471927,
        "totalOtherIncomeExpensesNet": -5000000,
        "incomeBeforeTax": 381000000,
        "incomeBeforeTaxRatio": 0.115629742,
        "incomeTaxExpense": 148000000,
        "netIncome": 233000000,
        "netIncomeRatio": 0.0707132018,
        "eps": 0.4,
        "epsdiluted": 0.4,
        "weightedAverageShsOut": 583000000,
        "weightedAverageShsOutDil": 588000000,
        "link": "https://www.sec.gov/Archives/edgar/data/39911/000119312511161251/0001193125-11-161251-index.htm",
        "finalLink": "https://www.sec.gov/Archives/edgar/data/39911/000119312511161251/d10q.htm"
    },
    {
        "date": "2011-01-29",
        "symbol": "GPS",
        "reportedCurrency": "USD",
        "cik": "0000039911",
        "fillingDate": "2011-03-28",
        "acceptedDate": "2011-03-28 15:51:43",
        "calendarYear": "2010",
        "period": "Q4",
        "revenue": 4364000000,
        "costOfRevenue": 2695000000,
        "grossProfit": 1669000000,
        "grossProfitRatio": 0.3824472961,
        "researchAndDevelopmentExpenses": 0,
        "generalAndAdministrativeExpenses": 0,
        "sellingAndMarketingExpenses": 0,
        "sellingGeneralAndAdministrativeExpenses": 0,
        "otherExpenses": 1076000000,
        "operatingExpenses": 1076000000,
        "costAndExpenses": 3771000000,
        "interestIncome": 4000000,
        "interestExpense": 0,
        "depreciationAndAmortization": 156000000,
        "ebitda": 753000000,
        "ebitdaratio": 0.172548121,
        "operatingIncome": 593000000,
        "operatingIncomeRatio": 0.1358845096,
        "totalOtherIncomeExpensesNet": 4000000,
        "incomeBeforeTax": 597000000,
        "incomeBeforeTaxRatio": 0.1368010999,
        "incomeTaxExpense": 232000000,
        "netIncome": 365000000,
        "netIncomeRatio": 0.0836388634,
        "eps": 0.6,
        "epsdiluted": 0.6,
        "weightedAverageShsOut": 636000000,
        "weightedAverageShsOutDil": 641000000,
        "link": "https://www.sec.gov/Archives/edgar/data/39911/000119312511079691/0001193125-11-079691-index.htm",
        "finalLink": "https://www.sec.gov/Archives/edgar/data/39911/000119312511079691/d10k.htm"
    },
    {
        "date": "2010-10-30",
        "symbol": "GPS",
        "reportedCurrency": "USD",
        "cik": "0000039911",
        "fillingDate": "2010-12-08",
        "acceptedDate": "2010-12-08 15:55:58",
        "calendarYear": "2010",
        "period": "Q3",
        "revenue": 3654000000,
        "costOfRevenue": 2149000000,
        "grossProfit": 1505000000,
        "grossProfitRatio": 0.4118773946,
        "researchAndDevelopmentExpenses": 0,
        "generalAndAdministrativeExpenses": 0,
        "sellingAndMarketingExpenses": 0,
        "sellingGeneralAndAdministrativeExpenses": 0,
        "otherExpenses": 1001000000,
        "operatingExpenses": 1001000000,
        "costAndExpenses": 3150000000,
        "interestIncome": 1000000,
        "interestExpense": 3000000,
        "depreciationAndAmortization": 160000000,
        "ebitda": 665000000,
        "ebitdaratio": 0.1819923372,
        "operatingIncome": 504000000,
        "operatingIncomeRatio": 0.1379310345,
        "totalOtherIncomeExpensesNet": -2000000,
        "incomeBeforeTax": 502000000,
        "incomeBeforeTaxRatio": 0.1373836891,
        "incomeTaxExpense": 199000000,
        "netIncome": 303000000,
        "netIncomeRatio": 0.0829228243,
        "eps": 0.49,
        "epsdiluted": 0.48,
        "weightedAverageShsOut": 622000000,
        "weightedAverageShsOutDil": 626000000,
        "link": "https://www.sec.gov/Archives/edgar/data/39911/000119312510276610/0001193125-10-276610-index.htm",
        "finalLink": "https://www.sec.gov/Archives/edgar/data/39911/000119312510276610/d10q.htm"
    },
    {
        "date": "2010-07-31",
        "symbol": "GPS",
        "reportedCurrency": "USD",
        "cik": "0000039911",
        "fillingDate": "2010-09-09",
        "acceptedDate": "2010-09-09 14:03:47",
        "calendarYear": "2010",
        "period": "Q2",
        "revenue": 3317000000,
        "costOfRevenue": 2003000000,
        "grossProfit": 1314000000,
        "grossProfitRatio": 0.3961410913,
        "researchAndDevelopmentExpenses": 0,
        "generalAndAdministrativeExpenses": 0,
        "sellingAndMarketingExpenses": 0,
        "sellingGeneralAndAdministrativeExpenses": 0,
        "otherExpenses": 917000000,
        "operatingExpenses": 917000000,
        "costAndExpenses": 2920000000,
        "interestIncome": 2000000,
        "interestExpense": 1000000,
        "depreciationAndAmortization": 142000000,
        "ebitda": 541000000,
        "ebitdaratio": 0.163099186,
        "operatingIncome": 397000000,
        "operatingIncomeRatio": 0.1196864637,
        "totalOtherIncomeExpensesNet": 1000000,
        "incomeBeforeTax": 398000000,
        "incomeBeforeTaxRatio": 0.1199879409,
        "incomeTaxExpense": 164000000,
        "netIncome": 234000000,
        "netIncomeRatio": 0.0705456738,
        "eps": 0.36,
        "epsdiluted": 0.36,
        "weightedAverageShsOut": 646000000,
        "weightedAverageShsOutDil": 651000000,
        "link": "https://www.sec.gov/Archives/edgar/data/39911/000119312510207336/0001193125-10-207336-index.htm",
        "finalLink": "https://www.sec.gov/Archives/edgar/data/39911/000119312510207336/d10q.htm"
    },
    {
        "date": "2010-05-01",
        "symbol": "GPS",
        "reportedCurrency": "USD",
        "cik": "0000039911",
        "fillingDate": "2010-06-08",
        "acceptedDate": "2010-06-08 17:04:51",
        "calendarYear": "2010",
        "period": "Q1",
        "revenue": 3329000000,
        "costOfRevenue": 1928000000,
        "grossProfit": 1401000000,
        "grossProfitRatio": 0.4208471012,
        "researchAndDevelopmentExpenses": 0,
        "generalAndAdministrativeExpenses": 0,
        "sellingAndMarketingExpenses": 0,
        "sellingGeneralAndAdministrativeExpenses": 0,
        "otherExpenses": 927000000,
        "operatingExpenses": 927000000,
        "costAndExpenses": 2855000000,
        "interestIncome": 11000000,
        "interestExpense": 0,
        "depreciationAndAmortization": 166000000,
        "ebitda": 651000000,
        "ebitdaratio": 0.1955542205,
        "operatingIncome": 474000000,
        "operatingIncomeRatio": 0.1423851006,
        "totalOtherIncomeExpensesNet": 11000000,
        "incomeBeforeTax": 485000000,
        "incomeBeforeTaxRatio": 0.1456893962,
        "incomeTaxExpense": 183000000,
        "netIncome": 302000000,
        "netIncomeRatio": 0.0907179333,
        "eps": 0.45,
        "epsdiluted": 0.45,
        "weightedAverageShsOut": 668000000,
        "weightedAverageShsOutDil": 676000000,
        "link": "https://www.sec.gov/Archives/edgar/data/39911/000119312510134995/0001193125-10-134995-index.htm",
        "finalLink": "https://www.sec.gov/Archives/edgar/data/39911/000119312510134995/d10q.htm"
    },
    {
        "date": "2010-01-30",
        "symbol": "GPS",
        "reportedCurrency": "USD",
        "cik": "0000039911",
        "fillingDate": "2010-03-26",
        "acceptedDate": "2010-03-26 14:23:07",
        "calendarYear": "2009",
        "period": "Q4",
        "revenue": 4236000000,
        "costOfRevenue": 2563000000,
        "grossProfit": 1673000000,
        "grossProfitRatio": 0.3949480642,
        "researchAndDevelopmentExpenses": 0,
        "generalAndAdministrativeExpenses": 0,
        "sellingAndMarketingExpenses": -148273000,
        "sellingGeneralAndAdministrativeExpenses": -148273000,
        "otherExpenses": 1086000000,
        "operatingExpenses": 1086000000,
        "costAndExpenses": 3649000000,
        "interestIncome": 2000000,
        "interestExpense": 2000000,
        "depreciationAndAmortization": -491000000,
        "ebitda": 753000000,
        "ebitdaratio": 0.1777620397,
        "operatingIncome": 587000000,
        "operatingIncomeRatio": 0.1385741265,
        "totalOtherIncomeExpensesNet": 0,
        "incomeBeforeTax": 587000000,
        "incomeBeforeTaxRatio": 0.1385741265,
        "incomeTaxExpense": 235000000,
        "netIncome": 352000000,
        "netIncomeRatio": 0.0830972616,
        "eps": 0.51,
        "epsdiluted": 0.51,
        "weightedAverageShsOut": 685000000,
        "weightedAverageShsOutDil": 699000000,
        "link": "https://www.sec.gov/Archives/edgar/data/39911/000119312510068386/0001193125-10-068386-index.htm",
        "finalLink": "https://www.sec.gov/Archives/edgar/data/39911/000119312510068386/d10k.htm"
    },
    {
        "date": "2009-10-31",
        "symbol": "GPS",
        "reportedCurrency": "USD",
        "cik": "0000039911",
        "fillingDate": "2009-12-08",
        "acceptedDate": "2009-12-08 14:53:36",
        "calendarYear": "2009",
        "period": "Q3",
        "revenue": 3589000000,
        "costOfRevenue": 2065000000,
        "grossProfit": 1524000000,
        "grossProfitRatio": 0.4246308164,
        "researchAndDevelopmentExpenses": 0,
        "generalAndAdministrativeExpenses": 0,
        "sellingAndMarketingExpenses": 0,
        "sellingGeneralAndAdministrativeExpenses": 0,
        "otherExpenses": 1024000000,
        "operatingExpenses": 1024000000,
        "costAndExpenses": 3089000000,
        "interestIncome": 1000000,
        "interestExpense": 1000000,
        "depreciationAndAmortization": 168000000,
        "ebitda": 669000000,
        "ebitdaratio": 0.1864028977,
        "operatingIncome": 500000000,
        "operatingIncomeRatio": 0.1393145723,
        "totalOtherIncomeExpensesNet": 0,
        "incomeBeforeTax": 500000000,
        "incomeBeforeTaxRatio": 0.1393145723,
        "incomeTaxExpense": 193000000,
        "netIncome": 307000000,
        "netIncomeRatio": 0.0855391474,
        "eps": 0.44,
        "epsdiluted": 0.44,
        "weightedAverageShsOut": 698000000,
        "weightedAverageShsOutDil": 704000000,
        "link": "https://www.sec.gov/Archives/edgar/data/39911/000119312509249204/0001193125-09-249204-index.htm",
        "finalLink": "https://www.sec.gov/Archives/edgar/data/39911/000119312509249204/d10q.htm"
    },
    {
        "date": "2009-08-01",
        "symbol": "GPS",
        "reportedCurrency": "USD",
        "cik": "0000039911",
        "fillingDate": "2009-09-09",
        "acceptedDate": "2009-09-09 14:41:14",
        "calendarYear": "2009",
        "period": "Q2",
        "revenue": 3245000000,
        "costOfRevenue": 1957000000,
        "grossProfit": 1288000000,
        "grossProfitRatio": 0.3969183359,
        "researchAndDevelopmentExpenses": 0,
        "generalAndAdministrativeExpenses": 0,
        "sellingAndMarketingExpenses": 0,
        "sellingGeneralAndAdministrativeExpenses": 0,
        "otherExpenses": 913000000,
        "operatingExpenses": 913000000,
        "costAndExpenses": 2870000000,
        "interestIncome": 2000000,
        "interestExpense": 1000000,
        "depreciationAndAmortization": 161000000,
        "ebitda": 538000000,
        "ebitdaratio": 0.1657935285,
        "operatingIncome": 375000000,
        "operatingIncomeRatio": 0.1155624037,
        "totalOtherIncomeExpensesNet": 1000000,
        "incomeBeforeTax": 376000000,
        "incomeBeforeTaxRatio": 0.1158705701,
        "incomeTaxExpense": 148000000,
        "netIncome": 228000000,
        "netIncomeRatio": 0.0702619414,
        "eps": 0.33,
        "epsdiluted": 0.33,
        "weightedAverageShsOut": 697000000,
        "weightedAverageShsOutDil": 700000000,
        "link": "https://www.sec.gov/Archives/edgar/data/39911/000119312509189281/0001193125-09-189281-index.htm",
        "finalLink": "https://www.sec.gov/Archives/edgar/data/39911/000119312509189281/d10q.htm"
    },
    {
        "date": "2009-05-02",
        "symbol": "GPS",
        "reportedCurrency": "USD",
        "cik": "0000039911",
        "fillingDate": "2009-06-09",
        "acceptedDate": "2009-06-09 16:20:46",
        "calendarYear": "2009",
        "period": "Q1",
        "revenue": 3127000000,
        "costOfRevenue": 1888000000,
        "grossProfit": 1239000000,
        "grossProfitRatio": 0.3962264151,
        "researchAndDevelopmentExpenses": 0,
        "generalAndAdministrativeExpenses": 0,
        "sellingAndMarketingExpenses": 0,
        "sellingGeneralAndAdministrativeExpenses": 0,
        "otherExpenses": 886000000,
        "operatingExpenses": 886000000,
        "costAndExpenses": 2774000000,
        "interestIncome": 2000000,
        "interestExpense": 2000000,
        "depreciationAndAmortization": 143000000,
        "ebitda": 498000000,
        "ebitdaratio": 0.1592580748,
        "operatingIncome": 353000000,
        "operatingIncomeRatio": 0.1128877518,
        "totalOtherIncomeExpensesNet": 0,
        "incomeBeforeTax": 353000000,
        "incomeBeforeTaxRatio": 0.1128877518,
        "incomeTaxExpense": 138000000,
        "netIncome": 215000000,
        "netIncomeRatio": 0.0687559962,
        "eps": 0.31,
        "epsdiluted": 0.31,
        "weightedAverageShsOut": 695000000,
        "weightedAverageShsOutDil": 697000000,
        "link": "https://www.sec.gov/Archives/edgar/data/39911/000119312509127926/0001193125-09-127926-index.htm",
        "finalLink": "https://www.sec.gov/Archives/edgar/data/39911/000119312509127926/d10q.htm"
    },
    {
        "date": "2009-01-31",
        "symbol": "GPS",
        "reportedCurrency": "USD",
        "cik": "0000039911",
        "fillingDate": "2009-03-27",
        "acceptedDate": "2009-03-27 16:11:44",
        "calendarYear": "2008",
        "period": "Q4",
        "revenue": 4082000000,
        "costOfRevenue": 2693000000,
        "grossProfit": 1389000000,
        "grossProfitRatio": 0.3402743753,
        "researchAndDevelopmentExpenses": 0,
        "generalAndAdministrativeExpenses": 0,
        "sellingAndMarketingExpenses": 0,
        "sellingGeneralAndAdministrativeExpenses": 0,
        "otherExpenses": 991000000,
        "operatingExpenses": 991000000,
        "costAndExpenses": 3684000000,
        "interestIncome": 0,
        "interestExpense": 1000000,
        "depreciationAndAmortization": 146000000,
        "ebitda": 544000000,
        "ebitdaratio": 0.1332680059,
        "operatingIncome": 398000000,
        "operatingIncomeRatio": 0.0975012249,
        "totalOtherIncomeExpensesNet": 3000000,
        "incomeBeforeTax": 401000000,
        "incomeBeforeTaxRatio": 0.0982361587,
        "incomeTaxExpense": 158000000,
        "netIncome": 243000000,
        "netIncomeRatio": 0.0595296423,
        "eps": 0.34,
        "epsdiluted": 0.34,
        "weightedAverageShsOut": 712000000,
        "weightedAverageShsOutDil": 719000000,
        "link": "https://www.sec.gov/Archives/edgar/data/39911/000119312509066067/0001193125-09-066067-index.htm",
        "finalLink": "https://www.sec.gov/Archives/edgar/data/39911/000119312509066067/d10k.htm"
    },
    {
        "date": "2008-11-01",
        "symbol": "GPS",
        "reportedCurrency": "USD",
        "cik": "0000039911",
        "fillingDate": "2008-12-09",
        "acceptedDate": "2008-12-09 16:49:20",
        "calendarYear": "2008",
        "period": "Q3",
        "revenue": 3561000000,
        "costOfRevenue": 2183000000,
        "grossProfit": 1378000000,
        "grossProfitRatio": 0.3869699523,
        "researchAndDevelopmentExpenses": 0,
        "generalAndAdministrativeExpenses": 0,
        "sellingAndMarketingExpenses": 0,
        "sellingGeneralAndAdministrativeExpenses": 0,
        "otherExpenses": 984000000,
        "operatingExpenses": 984000000,
        "costAndExpenses": 3167000000,
        "interestIncome": 0,
        "interestExpense": 0,
        "depreciationAndAmortization": 99000000,
        "ebitda": 493000000,
        "ebitdaratio": 0.1384442572,
        "operatingIncome": 394000000,
        "operatingIncomeRatio": 0.1106430778,
        "totalOtherIncomeExpensesNet": 4000000,
        "incomeBeforeTax": 398000000,
        "incomeBeforeTaxRatio": 0.1117663578,
        "incomeTaxExpense": 152000000,
        "netIncome": 246000000,
        "netIncomeRatio": 0.0690817186,
        "eps": 0.35,
        "epsdiluted": 0.35,
        "weightedAverageShsOut": 709000000,
        "weightedAverageShsOutDil": 712000000,
        "link": "https://www.sec.gov/Archives/edgar/data/39911/000119312508250520/0001193125-08-250520-index.htm",
        "finalLink": "https://www.sec.gov/Archives/edgar/data/39911/000119312508250520/d10q.htm"
    },
    {
        "date": "2008-08-02",
        "symbol": "GPS",
        "reportedCurrency": "USD",
        "cik": "0000039911",
        "fillingDate": "2008-09-09",
        "acceptedDate": "2008-09-09 16:37:55",
        "calendarYear": "2008",
        "period": "Q2",
        "revenue": 3499000000,
        "costOfRevenue": 2161000000,
        "grossProfit": 1338000000,
        "grossProfitRatio": 0.38239497,
        "researchAndDevelopmentExpenses": 0,
        "generalAndAdministrativeExpenses": 0,
        "sellingAndMarketingExpenses": 0,
        "sellingGeneralAndAdministrativeExpenses": 0,
        "otherExpenses": 965000000,
        "operatingExpenses": 965000000,
        "costAndExpenses": 3126000000,
        "interestIncome": 10000000,
        "interestExpense": 6000000,
        "depreciationAndAmortization": 184000000,
        "ebitda": 567000000,
        "ebitdaratio": 0.1620462989,
        "operatingIncome": 373000000,
        "operatingIncomeRatio": 0.1066018863,
        "totalOtherIncomeExpensesNet": 4000000,
        "incomeBeforeTax": 377000000,
        "incomeBeforeTaxRatio": 0.10774507,
        "incomeTaxExpense": 148000000,
        "netIncome": 229000000,
        "netIncomeRatio": 0.0654472706,
        "eps": 0.32,
        "epsdiluted": 0.32,
        "weightedAverageShsOut": 717000000,
        "weightedAverageShsOutDil": 719000000,
        "link": "https://www.sec.gov/Archives/edgar/data/39911/000119312508193045/0001193125-08-193045-index.htm",
        "finalLink": "https://www.sec.gov/Archives/edgar/data/39911/000119312508193045/d10q.htm"
    },
    {
        "date": "2008-05-03",
        "symbol": "GPS",
        "reportedCurrency": "USD",
        "cik": "0000039911",
        "fillingDate": "2008-06-10",
        "acceptedDate": "2008-06-10 15:12:59",
        "calendarYear": "2008",
        "period": "Q1",
        "revenue": 3384000000,
        "costOfRevenue": 2042000000,
        "grossProfit": 1342000000,
        "grossProfitRatio": 0.396572104,
        "researchAndDevelopmentExpenses": 0,
        "generalAndAdministrativeExpenses": 0,
        "sellingAndMarketingExpenses": 0,
        "sellingGeneralAndAdministrativeExpenses": 0,
        "otherExpenses": 959000000,
        "operatingExpenses": 959000000,
        "costAndExpenses": 3001000000,
        "interestIncome": 13000000,
        "interestExpense": 12000000,
        "depreciationAndAmortization": 139000000,
        "ebitda": 559000000,
        "ebitdaratio": 0.1651891253,
        "operatingIncome": 383000000,
        "operatingIncomeRatio": 0.113179669,
        "totalOtherIncomeExpensesNet": 25000000,
        "incomeBeforeTax": 408000000,
        "incomeBeforeTaxRatio": 0.1205673759,
        "incomeTaxExpense": 159000000,
        "netIncome": 249000000,
        "netIncomeRatio": 0.0735815603,
        "eps": 0.34,
        "epsdiluted": 0.34,
        "weightedAverageShsOut": 733000000,
        "weightedAverageShsOutDil": 736000000,
        "link": "https://www.sec.gov/Archives/edgar/data/39911/000119312508131078/0001193125-08-131078-index.htm",
        "finalLink": "https://www.sec.gov/Archives/edgar/data/39911/000119312508131078/d10q.htm"
    },
    {
        "date": "2008-02-02",
        "symbol": "GPS",
        "reportedCurrency": "USD",
        "cik": "0000039911",
        "fillingDate": "2008-03-28",
        "acceptedDate": "2008-03-28 15:32:08",
        "calendarYear": "2007",
        "period": "Q4",
        "revenue": 4675000000,
        "costOfRevenue": 3049000000,
        "grossProfit": 1626000000,
        "grossProfitRatio": 0.3478074866,
        "researchAndDevelopmentExpenses": 0,
        "generalAndAdministrativeExpenses": 0,
        "sellingAndMarketingExpenses": 0,
        "sellingGeneralAndAdministrativeExpenses": 0,
        "otherExpenses": 1208000000,
        "operatingExpenses": 1208000000,
        "costAndExpenses": 4257000000,
        "interestIncome": 0,
        "interestExpense": 0,
        "depreciationAndAmortization": 140000000,
        "ebitda": 558000000,
        "ebitdaratio": 0.1193582888,
        "operatingIncome": 418000000,
        "operatingIncomeRatio": 0.0894117647,
        "totalOtherIncomeExpensesNet": 15000000,
        "incomeBeforeTax": 433000000,
        "incomeBeforeTaxRatio": 0.0926203209,
        "incomeTaxExpense": 168000000,
        "netIncome": 265000000,
        "netIncomeRatio": 0.056684492,
        "eps": 0.35,
        "epsdiluted": 0.35,
        "weightedAverageShsOut": 791000000,
        "weightedAverageShsOutDil": 794000000,
        "link": "https://www.sec.gov/Archives/edgar/data/39911/000119312508069025/0001193125-08-069025-index.htm",
        "finalLink": "https://www.sec.gov/Archives/edgar/data/39911/000119312508069025/d10k.htm"
    },
    {
        "date": "2007-11-03",
        "symbol": "GPS",
        "reportedCurrency": "USD",
        "cik": "0000039911",
        "fillingDate": "2007-12-12",
        "acceptedDate": "2007-12-11 19:35:20",
        "calendarYear": "2007",
        "period": "Q3",
        "revenue": 3854000000,
        "costOfRevenue": 2407000000,
        "grossProfit": 1447000000,
        "grossProfitRatio": 0.3754540737,
        "researchAndDevelopmentExpenses": 0,
        "generalAndAdministrativeExpenses": 0,
        "sellingAndMarketingExpenses": 0,
        "sellingGeneralAndAdministrativeExpenses": 0,
        "otherExpenses": 1079000000,
        "operatingExpenses": 1079000000,
        "costAndExpenses": 3486000000,
        "interestIncome": 0,
        "interestExpense": 0,
        "depreciationAndAmortization": 140000000,
        "ebitda": 508000000,
        "ebitdaratio": 0.1318111053,
        "operatingIncome": 368000000,
        "operatingIncomeRatio": 0.0954852102,
        "totalOtherIncomeExpensesNet": 27000000,
        "incomeBeforeTax": 395000000,
        "incomeBeforeTaxRatio": 0.1024909185,
        "incomeTaxExpense": 156000000,
        "netIncome": 238000000,
        "netIncomeRatio": 0.0617540218,
        "eps": 0.3,
        "epsdiluted": 0.3,
        "weightedAverageShsOut": 788000000,
        "weightedAverageShsOutDil": 791000000,
        "link": "https://www.sec.gov/Archives/edgar/data/39911/000119312507263263/0001193125-07-263263-index.htm",
        "finalLink": "https://www.sec.gov/Archives/edgar/data/39911/000119312507263263/d10q.htm"
    },
    {
        "date": "2007-08-04",
        "symbol": "GPS",
        "reportedCurrency": "USD",
        "cik": "0000039911",
        "fillingDate": "2007-09-12",
        "acceptedDate": "2007-09-12 13:56:00",
        "calendarYear": "2007",
        "period": "Q2",
        "revenue": 3685000000,
        "costOfRevenue": 2421000000,
        "grossProfit": 1264000000,
        "grossProfitRatio": 0.3430122117,
        "researchAndDevelopmentExpenses": 0,
        "generalAndAdministrativeExpenses": 0,
        "sellingAndMarketingExpenses": 0,
        "sellingGeneralAndAdministrativeExpenses": 0,
        "otherExpenses": 1039000000,
        "operatingExpenses": 1039000000,
        "costAndExpenses": 3460000000,
        "interestIncome": 0,
        "interestExpense": 0,
        "depreciationAndAmortization": 133000000,
        "ebitda": 358000000,
        "ebitdaratio": 0.0971506106,
        "operatingIncome": 225000000,
        "operatingIncomeRatio": 0.0610583446,
        "totalOtherIncomeExpensesNet": 26000000,
        "incomeBeforeTax": 251000000,
        "incomeBeforeTaxRatio": 0.0681139756,
        "incomeTaxExpense": 93000000,
        "netIncome": 152000000,
        "netIncomeRatio": 0.0412483039,
        "eps": 0.19,
        "epsdiluted": 0.19,
        "weightedAverageShsOut": 813737000,
        "weightedAverageShsOutDil": 816765000,
        "link": "https://www.sec.gov/Archives/edgar/data/39911/000119312507199665/0001193125-07-199665-index.htm",
        "finalLink": "https://www.sec.gov/Archives/edgar/data/39911/000119312507199665/d10q.htm"
    },
    {
        "date": "2007-05-05",
        "symbol": "GPS",
        "reportedCurrency": "USD",
        "cik": "0000039911",
        "fillingDate": "2007-06-12",
        "acceptedDate": "2007-06-12 16:04:13",
        "calendarYear": "2007",
        "period": "Q1",
        "revenue": 3549000000,
        "costOfRevenue": 2204000000,
        "grossProfit": 1345000000,
        "grossProfitRatio": 0.3789799944,
        "researchAndDevelopmentExpenses": 0,
        "generalAndAdministrativeExpenses": 0,
        "sellingAndMarketingExpenses": 0,
        "sellingGeneralAndAdministrativeExpenses": 0,
        "otherExpenses": 1051000000,
        "operatingExpenses": 1051000000,
        "costAndExpenses": 3245000000,
        "interestIncome": 0,
        "interestExpense": 0,
        "depreciationAndAmortization": 134000000,
        "ebitda": 438000000,
        "ebitdaratio": 0.1234150465,
        "operatingIncome": 304000000,
        "operatingIncomeRatio": 0.0856579318,
        "totalOtherIncomeExpensesNet": 23000000,
        "incomeBeforeTax": 327000000,
        "incomeBeforeTaxRatio": 0.0921386306,
        "incomeTaxExpense": 122000000,
        "netIncome": 178000000,
        "netIncomeRatio": 0.0501549732,
        "eps": 0.22,
        "epsdiluted": 0.22,
        "weightedAverageShsOut": 815000000,
        "weightedAverageShsOutDil": 819000000,
        "link": "https://www.sec.gov/Archives/edgar/data/39911/000119312507134087/0001193125-07-134087-index.htm",
        "finalLink": "https://www.sec.gov/Archives/edgar/data/39911/000119312507134087/d10q.htm"
    },
    {
        "date": "2007-02-03",
        "symbol": "GPS",
        "reportedCurrency": "USD",
        "cik": "0000039911",
        "fillingDate": "2007-04-02",
        "acceptedDate": "2007-03-30 20:37:19",
        "calendarYear": "2006",
        "period": "Q4",
        "revenue": 4930000000,
        "costOfRevenue": 3327000000,
        "grossProfit": 1603000000,
        "grossProfitRatio": 0.3251521298,
        "researchAndDevelopmentExpenses": 0,
        "generalAndAdministrativeExpenses": 0,
        "sellingAndMarketingExpenses": 0,
        "sellingGeneralAndAdministrativeExpenses": 0,
        "otherExpenses": 1254000000,
        "operatingExpenses": 1254000000,
        "costAndExpenses": 4581000000,
        "interestIncome": 0,
        "interestExpense": 0,
        "depreciationAndAmortization": 126000000,
        "ebitda": 475000000,
        "ebitdaratio": 0.0963488844,
        "operatingIncome": 349000000,
        "operatingIncomeRatio": 0.0707910751,
        "totalOtherIncomeExpensesNet": 24000000,
        "incomeBeforeTax": 373000000,
        "incomeBeforeTaxRatio": 0.0756592292,
        "incomeTaxExpense": 154000000,
        "netIncome": 219000000,
        "netIncomeRatio": 0.0444219067,
        "eps": 0.27,
        "epsdiluted": 0.26,
        "weightedAverageShsOut": 823000000,
        "weightedAverageShsOutDil": 827500000,
        "link": "https://www.sec.gov/Archives/edgar/data/39911/000119312507070941/0001193125-07-070941-index.htm",
        "finalLink": "https://www.sec.gov/Archives/edgar/data/39911/000119312507070941/d10k.htm"
    },
    {
        "date": "2006-10-28",
        "symbol": "GPS",
        "reportedCurrency": "USD",
        "cik": "0000039911",
        "fillingDate": "2006-12-01",
        "acceptedDate": "2006-12-01 15:53:18",
        "calendarYear": "2006",
        "period": "Q3",
        "revenue": 3856000000,
        "costOfRevenue": 2415000000,
        "grossProfit": 1441000000,
        "grossProfitRatio": 0.3737033195,
        "researchAndDevelopmentExpenses": 0,
        "generalAndAdministrativeExpenses": 0,
        "sellingAndMarketingExpenses": 0,
        "sellingGeneralAndAdministrativeExpenses": 12000000,
        "otherExpenses": 1161000000,
        "operatingExpenses": 1173000000,
        "costAndExpenses": 3588000000,
        "interestIncome": 0,
        "interestExpense": 0,
        "depreciationAndAmortization": 129000000,
        "ebitda": 410000000,
        "ebitdaratio": 0.1063278008,
        "operatingIncome": 281000000,
        "operatingIncomeRatio": 0.072873444,
        "totalOtherIncomeExpensesNet": 24000000,
        "incomeBeforeTax": 305000000,
        "incomeBeforeTaxRatio": 0.0790975104,
        "incomeTaxExpense": 108000000,
        "netIncome": 189000000,
        "netIncomeRatio": 0.0490145228,
        "eps": 0.23,
        "epsdiluted": 0.23,
        "weightedAverageShsOut": 825000000,
        "weightedAverageShsOutDil": 832000000,
        "link": "https://www.sec.gov/Archives/edgar/data/39911/000119312506245289/0001193125-06-245289-index.htm",
        "finalLink": "https://www.sec.gov/Archives/edgar/data/39911/000119312506245289/d10q.htm"
    },
    {
        "date": "2006-07-29",
        "symbol": "GPS",
        "reportedCurrency": "USD",
        "cik": "0000039911",
        "fillingDate": "2006-09-07",
        "acceptedDate": "2006-09-06 20:55:29",
        "calendarYear": "2006",
        "period": "Q2",
        "revenue": 3716000000,
        "costOfRevenue": 2493000000,
        "grossProfit": 1223000000,
        "grossProfitRatio": 0.3291173305,
        "researchAndDevelopmentExpenses": 0,
        "generalAndAdministrativeExpenses": 0,
        "sellingAndMarketingExpenses": 0,
        "sellingGeneralAndAdministrativeExpenses": 8000000,
        "otherExpenses": 1031000000,
        "operatingExpenses": 1039000000,
        "costAndExpenses": 3532000000,
        "interestIncome": 0,
        "interestExpense": 0,
        "depreciationAndAmortization": 140000000,
        "ebitda": 334000000,
        "ebitdaratio": 0.0898815931,
        "operatingIncome": 194000000,
        "operatingIncomeRatio": 0.0522066738,
        "totalOtherIncomeExpensesNet": 21000000,
        "incomeBeforeTax": 215000000,
        "incomeBeforeTaxRatio": 0.0578579117,
        "incomeTaxExpense": 81000000,
        "netIncome": 128000000,
        "netIncomeRatio": 0.0344456405,
        "eps": 0.15,
        "epsdiluted": 0.15,
        "weightedAverageShsOut": 835060000,
        "weightedAverageShsOutDil": 841941000,
        "link": "https://www.sec.gov/Archives/edgar/data/39911/000119312506186227/0001193125-06-186227-index.htm",
        "finalLink": "https://www.sec.gov/Archives/edgar/data/39911/000119312506186227/d10q.htm"
    },
    {
        "date": "2006-04-29",
        "symbol": "GPS",
        "reportedCurrency": "USD",
        "cik": "0000039911",
        "fillingDate": "2006-06-02",
        "acceptedDate": "2006-06-01 18:03:28",
        "calendarYear": "2006",
        "period": "Q1",
        "revenue": 3441000000,
        "costOfRevenue": 2059000000,
        "grossProfit": 1382000000,
        "grossProfitRatio": 0.4016274339,
        "researchAndDevelopmentExpenses": 0,
        "generalAndAdministrativeExpenses": 0,
        "sellingAndMarketingExpenses": 0,
        "sellingGeneralAndAdministrativeExpenses": 1009000000,
        "otherExpenses": 0,
        "operatingExpenses": 1009000000,
        "costAndExpenses": 3068000000,
        "interestIncome": 0,
        "interestExpense": 0,
        "depreciationAndAmortization": 135000000,
        "ebitda": 508000000,
        "ebitdaratio": 0.1476315025,
        "operatingIncome": 373000000,
        "operatingIncomeRatio": 0.1083987213,
        "totalOtherIncomeExpensesNet": 21000000,
        "incomeBeforeTax": 394000000,
        "incomeBeforeTaxRatio": 0.1145015984,
        "incomeTaxExpense": 152000000,
        "netIncome": 242000000,
        "netIncomeRatio": 0.0703283929,
        "eps": 0.28,
        "epsdiluted": 0.28,
        "weightedAverageShsOut": 852739000,
        "weightedAverageShsOutDil": 860681000,
        "link": "https://www.sec.gov/Archives/edgar/data/39911/000119312506122930/0001193125-06-122930-index.htm",
        "finalLink": "https://www.sec.gov/Archives/edgar/data/39911/000119312506122930/d10q.htm"
    },
    {
        "date": "2006-01-28",
        "symbol": "GPS",
        "reportedCurrency": "USD",
        "cik": "0000039911",
        "fillingDate": "2006-03-28",
        "acceptedDate": "2006-03-28 14:40:53",
        "calendarYear": "2005",
        "period": "Q4",
        "revenue": 4821000000,
        "costOfRevenue": 3180000000,
        "grossProfit": 1641000000,
        "grossProfitRatio": 0.3403858121,
        "researchAndDevelopmentExpenses": 0,
        "generalAndAdministrativeExpenses": 1016000000,
        "sellingAndMarketingExpenses": 1980000000,
        "sellingGeneralAndAdministrativeExpenses": 2996000000,
        "otherExpenses": 1129000000,
        "operatingExpenses": 1129000000,
        "costAndExpenses": 4309000000,
        "interestIncome": 0,
        "interestExpense": 0,
        "depreciationAndAmortization": 201000000,
        "ebitda": 713000000,
        "ebitdaratio": 0.1478946277,
        "operatingIncome": 512000000,
        "operatingIncomeRatio": 0.1062020328,
        "totalOtherIncomeExpensesNet": 19000000,
        "incomeBeforeTax": 531000000,
        "incomeBeforeTaxRatio": 0.1101431238,
        "incomeTaxExpense": 193000000,
        "netIncome": 338000000,
        "netIncomeRatio": 0.0701099357,
        "eps": 0.39,
        "epsdiluted": 0.39,
        "weightedAverageShsOut": 864176000,
        "weightedAverageShsOutDil": 870500000,
        "link": "https://www.sec.gov/Archives/edgar/data/39911/000119312506064998/0001193125-06-064998-index.htm",
        "finalLink": "https://www.sec.gov/Archives/edgar/data/39911/000119312506064998/d10k.htm"
    },
    {
        "date": "2005-10-29",
        "symbol": "GPS",
        "reportedCurrency": "USD",
        "cik": "0000039911",
        "fillingDate": "2005-12-02",
        "acceptedDate": "2005-12-02 14:36:33",
        "calendarYear": "2005",
        "period": "Q3",
        "revenue": 3860000000,
        "costOfRevenue": 2497000000,
        "grossProfit": 1363000000,
        "grossProfitRatio": 0.3531088083,
        "researchAndDevelopmentExpenses": 0,
        "generalAndAdministrativeExpenses": 0,
        "sellingAndMarketingExpenses": 0,
        "sellingGeneralAndAdministrativeExpenses": 0,
        "otherExpenses": 1023000000,
        "operatingExpenses": 1023000000,
        "costAndExpenses": 3520000000,
        "interestIncome": 0,
        "interestExpense": 0,
        "depreciationAndAmortization": 151000000,
        "ebitda": 491000000,
        "ebitdaratio": 0.1272020725,
        "operatingIncome": 340000000,
        "operatingIncomeRatio": 0.0880829016,
        "totalOtherIncomeExpensesNet": 11000000,
        "incomeBeforeTax": 351000000,
        "incomeBeforeTaxRatio": 0.0909326425,
        "incomeTaxExpense": 139000000,
        "netIncome": 212000000,
        "netIncomeRatio": 0.0549222798,
        "eps": 0.24,
        "epsdiluted": 0.24,
        "weightedAverageShsOut": 875086000,
        "weightedAverageShsOutDil": 881714000,
        "link": "https://www.sec.gov/Archives/edgar/data/39911/000119312505235779/0001193125-05-235779-index.htm",
        "finalLink": "https://www.sec.gov/Archives/edgar/data/39911/000119312505235779/d10q.htm"
    },
    {
        "date": "2005-07-30",
        "symbol": "GPS",
        "reportedCurrency": "USD",
        "cik": "0000039911",
        "fillingDate": "2005-09-01",
        "acceptedDate": "2005-09-01 13:04:05",
        "calendarYear": "2005",
        "period": "Q2",
        "revenue": 3716000000,
        "costOfRevenue": 2331000000,
        "grossProfit": 1385000000,
        "grossProfitRatio": 0.3727125942,
        "researchAndDevelopmentExpenses": 0,
        "generalAndAdministrativeExpenses": 0,
        "sellingAndMarketingExpenses": 0,
        "sellingGeneralAndAdministrativeExpenses": 0,
        "otherExpenses": 957000000,
        "operatingExpenses": 957000000,
        "costAndExpenses": 3288000000,
        "interestIncome": 0,
        "interestExpense": 0,
        "depreciationAndAmortization": 127000000,
        "ebitda": 555000000,
        "ebitdaratio": 0.1493541442,
        "operatingIncome": 428000000,
        "operatingIncomeRatio": 0.1151776103,
        "totalOtherIncomeExpensesNet": 15000000,
        "incomeBeforeTax": 443000000,
        "incomeBeforeTaxRatio": 0.1192142088,
        "incomeTaxExpense": 171000000,
        "netIncome": 272000000,
        "netIncomeRatio": 0.073196986,
        "eps": 0.3,
        "epsdiluted": 0.3,
        "weightedAverageShsOut": 895817000,
        "weightedAverageShsOutDil": 905190000,
        "link": "https://www.sec.gov/Archives/edgar/data/39911/000119312505178938/0001193125-05-178938-index.htm",
        "finalLink": "https://www.sec.gov/Archives/edgar/data/39911/000119312505178938/d10q.htm"
    },
    {
        "date": "2005-04-30",
        "symbol": "GPS",
        "reportedCurrency": "USD",
        "cik": "0000039911",
        "fillingDate": "2005-06-02",
        "acceptedDate": "2005-06-02 15:35:15",
        "calendarYear": "2005",
        "period": "Q1",
        "revenue": 3626000000,
        "costOfRevenue": 2145000000,
        "grossProfit": 1481000000,
        "grossProfitRatio": 0.4084390513,
        "researchAndDevelopmentExpenses": 0,
        "generalAndAdministrativeExpenses": 1016000000,
        "sellingAndMarketingExpenses": 0,
        "sellingGeneralAndAdministrativeExpenses": 1016000000,
        "otherExpenses": 0,
        "operatingExpenses": 1016000000,
        "costAndExpenses": 3161000000,
        "interestIncome": 0,
        "interestExpense": 0,
        "depreciationAndAmortization": 146000000,
        "ebitda": 611000000,
        "ebitdaratio": 0.1685052399,
        "operatingIncome": 465000000,
        "operatingIncomeRatio": 0.1282404854,
        "totalOtherIncomeExpensesNet": 2000000,
        "incomeBeforeTax": 467000000,
        "incomeBeforeTaxRatio": 0.1287920574,
        "incomeTaxExpense": 176000000,
        "netIncome": 291000000,
        "netIncomeRatio": 0.0802537231,
        "eps": 0.33,
        "epsdiluted": 0.31,
        "weightedAverageShsOut": 888920000,
        "weightedAverageShsOutDil": 951862000,
        "link": "https://www.sec.gov/Archives/edgar/data/39911/000119312505119190/0001193125-05-119190-index.htm",
        "finalLink": "https://www.sec.gov/Archives/edgar/data/39911/000119312505119190/d10q.htm"
    },
    {
        "date": "2005-01-29",
        "symbol": "GPS",
        "reportedCurrency": "USD",
        "cik": "0000039911",
        "fillingDate": "2005-03-28",
        "acceptedDate": "2005-03-25 21:08:46",
        "calendarYear": "2004",
        "period": "Q4",
        "revenue": 4898000000,
        "costOfRevenue": 3093000000,
        "grossProfit": 1805000000,
        "grossProfitRatio": 0.3685177624,
        "researchAndDevelopmentExpenses": 0,
        "generalAndAdministrativeExpenses": 0,
        "sellingAndMarketingExpenses": 0,
        "sellingGeneralAndAdministrativeExpenses": 0,
        "otherExpenses": 1183000000,
        "operatingExpenses": 1183000000,
        "costAndExpenses": 4276000000,
        "interestIncome": 0,
        "interestExpense": 0,
        "depreciationAndAmortization": 166000000,
        "ebitda": 788000000,
        "ebitdaratio": 0.1608819927,
        "operatingIncome": 622000000,
        "operatingIncomeRatio": 0.1269906084,
        "totalOtherIncomeExpensesNet": -14000000,
        "incomeBeforeTax": 608000000,
        "incomeBeforeTaxRatio": 0.1241322989,
        "incomeTaxExpense": 229000000,
        "netIncome": 379000000,
        "netIncomeRatio": 0.0773785218,
        "eps": 0.39,
        "epsdiluted": 0.39,
        "weightedAverageShsOut": 968000000,
        "weightedAverageShsOutDil": 968000000,
        "link": "https://www.sec.gov/Archives/edgar/data/39911/000119312505061097/0001193125-05-061097-index.htm",
        "finalLink": "https://www.sec.gov/Archives/edgar/data/39911/000119312505061097/d10k.htm"
    },
    {
        "date": "2004-10-30",
        "symbol": "GPS",
        "reportedCurrency": "USD",
        "cik": "0000039911",
        "fillingDate": "2004-12-03",
        "acceptedDate": "2004-12-03 12:26:10",
        "calendarYear": "2004",
        "period": "Q3",
        "revenue": 3980000000,
        "costOfRevenue": 2413000000,
        "grossProfit": 1567000000,
        "grossProfitRatio": 0.393718593,
        "researchAndDevelopmentExpenses": 0,
        "generalAndAdministrativeExpenses": 0,
        "sellingAndMarketingExpenses": 0,
        "sellingGeneralAndAdministrativeExpenses": 0,
        "otherExpenses": 1100000000,
        "operatingExpenses": 1100000000,
        "costAndExpenses": 3513000000,
        "interestIncome": 0,
        "interestExpense": 0,
        "depreciationAndAmortization": 153000000,
        "ebitda": 620000000,
        "ebitdaratio": 0.1557788945,
        "operatingIncome": 467000000,
        "operatingIncomeRatio": 0.1173366834,
        "totalOtherIncomeExpensesNet": -33000000,
        "incomeBeforeTax": 434000000,
        "incomeBeforeTaxRatio": 0.1090452261,
        "incomeTaxExpense": 169000000,
        "netIncome": 265000000,
        "netIncomeRatio": 0.0665829146,
        "eps": 0.29,
        "epsdiluted": 0.28,
        "weightedAverageShsOut": 902039162,
        "weightedAverageShsOutDil": 997620291,
        "link": "https://www.sec.gov/Archives/edgar/data/39911/000119312504207095/0001193125-04-207095-index.htm",
        "finalLink": "https://www.sec.gov/Archives/edgar/data/39911/000119312504207095/d10q.htm"
    },
    {
        "date": "2004-07-31",
        "symbol": "GPS",
        "reportedCurrency": "USD",
        "cik": "0000039911",
        "fillingDate": "2004-09-03",
        "acceptedDate": "2004-09-03 16:54:19",
        "calendarYear": "2004",
        "period": "Q2",
        "revenue": 3721000000,
        "costOfRevenue": 2290000000,
        "grossProfit": 1431000000,
        "grossProfitRatio": 0.3845740392,
        "researchAndDevelopmentExpenses": 0,
        "generalAndAdministrativeExpenses": 1016000000,
        "sellingAndMarketingExpenses": 0,
        "sellingGeneralAndAdministrativeExpenses": 1016000000,
        "otherExpenses": 0,
        "operatingExpenses": 1016000000,
        "costAndExpenses": 3306000000,
        "interestIncome": 0,
        "interestExpense": 0,
        "depreciationAndAmortization": 148000000,
        "ebitda": 565000000,
        "ebitdaratio": 0.151840903,
        "operatingIncome": 415000000,
        "operatingIncomeRatio": 0.1115291588,
        "totalOtherIncomeExpensesNet": -96000000,
        "incomeBeforeTax": 319000000,
        "incomeBeforeTaxRatio": 0.0857296426,
        "incomeTaxExpense": 124000000,
        "netIncome": 195000000,
        "netIncomeRatio": 0.0524052674,
        "eps": 0.22,
        "epsdiluted": 0.21,
        "weightedAverageShsOut": 901982000,
        "weightedAverageShsOutDil": 1002743000,
        "link": "https://www.sec.gov/Archives/edgar/data/39911/000119312504152253/0001193125-04-152253-index.htm",
        "finalLink": "https://www.sec.gov/Archives/edgar/data/39911/000119312504152253/d10q.htm"
    },
    {
        "date": "2004-05-01",
        "symbol": "GPS",
        "reportedCurrency": "USD",
        "cik": "0000039911",
        "fillingDate": "2004-05-28",
        "acceptedDate": "2004-05-28 16:12:13",
        "calendarYear": "2004",
        "period": "Q1",
        "revenue": 3668000000,
        "costOfRevenue": 2089000000,
        "grossProfit": 1579000000,
        "grossProfitRatio": 0.4304798255,
        "researchAndDevelopmentExpenses": 0,
        "generalAndAdministrativeExpenses": 0,
        "sellingAndMarketingExpenses": 0,
        "sellingGeneralAndAdministrativeExpenses": 998000000,
        "otherExpenses": 0,
        "operatingExpenses": 998000000,
        "costAndExpenses": 3087000000,
        "interestIncome": 0,
        "interestExpense": 0,
        "depreciationAndAmortization": 154000000,
        "ebitda": 737000000,
        "ebitdaratio": 0.2009269357,
        "operatingIncome": 581000000,
        "operatingIncomeRatio": 0.1583969466,
        "totalOtherIncomeExpensesNet": -70000000,
        "incomeBeforeTax": 511000000,
        "incomeBeforeTaxRatio": 0.1393129771,
        "incomeTaxExpense": 199000000,
        "netIncome": 312000000,
        "netIncomeRatio": 0.0850599782,
        "eps": 0.35,
        "epsdiluted": 0.33,
        "weightedAverageShsOut": 898081575,
        "weightedAverageShsOutDil": 996326642,
        "link": "https://www.sec.gov/Archives/edgar/data/39911/000119312504096203/0001193125-04-096203-index.htm",
        "finalLink": "https://www.sec.gov/Archives/edgar/data/39911/000119312504096203/d10q.htm"
    },
    {
        "date": "2004-01-31",
        "symbol": "GPS",
        "reportedCurrency": "USD",
        "cik": "0000039911",
        "fillingDate": "2004-03-30",
        "acceptedDate": "2004-03-30 14:20:29",
        "calendarYear": "2003",
        "period": "Q4",
        "revenue": 4886474000,
        "costOfRevenue": 3048866000,
        "grossProfit": 1837608000,
        "grossProfitRatio": 0.3760601202,
        "researchAndDevelopmentExpenses": 0,
        "generalAndAdministrativeExpenses": 0,
        "sellingAndMarketingExpenses": 0,
        "sellingGeneralAndAdministrativeExpenses": 0,
        "otherExpenses": 1216831000,
        "operatingExpenses": 1216831000,
        "costAndExpenses": 4265697000,
        "interestIncome": 0,
        "interestExpense": 0,
        "depreciationAndAmortization": 163837000,
        "ebitda": 784614000,
        "ebitdaratio": 0.1605685408,
        "operatingIncome": 620777000,
        "operatingIncomeRatio": 0.1270398656,
        "totalOtherIncomeExpensesNet": -43262000,
        "incomeBeforeTax": 577515000,
        "incomeBeforeTaxRatio": 0.1181864469,
        "incomeTaxExpense": 221861000,
        "netIncome": 355654000,
        "netIncomeRatio": 0.0727833608,
        "eps": 0.35,
        "epsdiluted": 0.35,
        "weightedAverageShsOut": 1002900000,
        "weightedAverageShsOutDil": 1002900000,
        "link": "https://www.sec.gov/Archives/edgar/data/39911/000119312504053618/0001193125-04-053618-index.htm",
        "finalLink": "https://www.sec.gov/Archives/edgar/data/39911/000119312504053618/d10k.htm"
    },
    {
        "date": "2003-11-01",
        "symbol": "GPS",
        "reportedCurrency": "USD",
        "cik": "0000039911",
        "fillingDate": "2003-12-05",
        "acceptedDate": "2003-12-05 17:15:45",
        "calendarYear": "2003",
        "period": "Q3",
        "revenue": 3929456000,
        "costOfRevenue": 2402027000,
        "grossProfit": 1527429000,
        "grossProfitRatio": 0.3887125852,
        "researchAndDevelopmentExpenses": 0,
        "generalAndAdministrativeExpenses": 0,
        "sellingAndMarketingExpenses": 0,
        "sellingGeneralAndAdministrativeExpenses": 1053667000,
        "otherExpenses": 0,
        "operatingExpenses": 1053667000,
        "costAndExpenses": 3455694000,
        "interestIncome": 0,
        "interestExpense": 0,
        "depreciationAndAmortization": 156163000,
        "ebitda": 629925000,
        "ebitdaratio": 0.1603084498,
        "operatingIncome": 473762000,
        "operatingIncomeRatio": 0.1205668164,
        "totalOtherIncomeExpensesNet": -43324000,
        "incomeBeforeTax": 430438000,
        "incomeBeforeTaxRatio": 0.1095413716,
        "incomeTaxExpense": 167871000,
        "netIncome": 262567000,
        "netIncomeRatio": 0.0668201909,
        "eps": 0.29,
        "epsdiluted": 0.28,
        "weightedAverageShsOut": 893709825,
        "weightedAverageShsOutDil": 990020341,
        "link": "https://www.sec.gov/Archives/edgar/data/39911/000119312503090245/0001193125-03-090245-index.htm",
        "finalLink": "https://www.sec.gov/Archives/edgar/data/39911/000119312503090245/d10q.htm"
    },
    {
        "date": "2003-08-02",
        "symbol": "GPS",
        "reportedCurrency": "USD",
        "cik": "0000039911",
        "fillingDate": "2003-09-05",
        "acceptedDate": "2003-09-05 16:19:57",
        "calendarYear": "2003",
        "period": "Q2",
        "revenue": 3685299000,
        "costOfRevenue": 2359588000,
        "grossProfit": 1325711000,
        "grossProfitRatio": 0.3597295633,
        "researchAndDevelopmentExpenses": 0,
        "generalAndAdministrativeExpenses": 0,
        "sellingAndMarketingExpenses": 0,
        "sellingGeneralAndAdministrativeExpenses": 930000000,
        "otherExpenses": 0,
        "operatingExpenses": 930000000,
        "costAndExpenses": 3289573000,
        "interestIncome": 0,
        "interestExpense": 0,
        "depreciationAndAmortization": 172692000,
        "ebitda": 568000000,
        "ebitdaratio": 0.1541258932,
        "operatingIncome": 395726000,
        "operatingIncomeRatio": 0.1073796183,
        "totalOtherIncomeExpensesNet": -52726000,
        "incomeBeforeTax": 343000000,
        "incomeBeforeTaxRatio": 0.0930725024,
        "incomeTaxExpense": 134000000,
        "netIncome": 209000000,
        "netIncomeRatio": 0.0567118163,
        "eps": 0.23,
        "epsdiluted": 0.22,
        "weightedAverageShsOut": 891701717,
        "weightedAverageShsOutDil": 987514041,
        "link": "https://www.sec.gov/Archives/edgar/data/39911/000119312503046089/0001193125-03-046089-index.htm",
        "finalLink": "https://www.sec.gov/Archives/edgar/data/39911/000119312503046089/d10q.htm"
    },
    {
        "date": "2003-05-03",
        "symbol": "GPS",
        "reportedCurrency": "USD",
        "cik": "0000039911",
        "fillingDate": "2003-06-02",
        "acceptedDate": "2003-06-02 17:25:44",
        "calendarYear": "2003",
        "period": "Q1",
        "revenue": 3352771000,
        "costOfRevenue": 2075519000,
        "grossProfit": 1277252000,
        "grossProfitRatio": 0.3809541421,
        "researchAndDevelopmentExpenses": 0,
        "generalAndAdministrativeExpenses": 0,
        "sellingAndMarketingExpenses": 0,
        "sellingGeneralAndAdministrativeExpenses": 888517000,
        "otherExpenses": 0,
        "operatingExpenses": 888517000,
        "costAndExpenses": 2964036000,
        "interestIncome": 0,
        "interestExpense": 0,
        "depreciationAndAmortization": 171000000,
        "ebitda": 559000000,
        "ebitdaratio": 0.1667277604,
        "operatingIncome": 388000000,
        "operatingIncomeRatio": 0.1157251718,
        "totalOtherIncomeExpensesNet": -56079000,
        "incomeBeforeTax": 331921000,
        "incomeBeforeTaxRatio": 0.0989990071,
        "incomeTaxExpense": 129449000,
        "netIncome": 202000000,
        "netIncomeRatio": 0.0602486719,
        "eps": 0.23,
        "epsdiluted": 0.22,
        "weightedAverageShsOut": 888814002,
        "weightedAverageShsOutDil": 979608262,
        "link": "https://www.sec.gov/Archives/edgar/data/39911/000119312503007823/0001193125-03-007823-index.htm",
        "finalLink": "https://www.sec.gov/Archives/edgar/data/39911/000119312503007823/d10q.htm"
    },
    {
        "date": "2003-02-01",
        "symbol": "GPS",
        "reportedCurrency": "USD",
        "cik": "0000039911",
        "fillingDate": "2003-04-01",
        "acceptedDate": "2003-03-31 21:46:33",
        "calendarYear": "2002",
        "period": "Q4",
        "revenue": 4650604000,
        "costOfRevenue": 3022675000,
        "grossProfit": 1627929000,
        "grossProfitRatio": 0.3500467896,
        "researchAndDevelopmentExpenses": 0,
        "generalAndAdministrativeExpenses": 0,
        "sellingAndMarketingExpenses": 0,
        "sellingGeneralAndAdministrativeExpenses": 0,
        "otherExpenses": 1202632000,
        "operatingExpenses": 1202632000,
        "costAndExpenses": 4225307000,
        "interestIncome": 0,
        "interestExpense": 0,
        "depreciationAndAmortization": 199285000,
        "ebitda": 624582000,
        "ebitdaratio": 0.134301265,
        "operatingIncome": 425297000,
        "operatingIncomeRatio": 0.0914498418,
        "totalOtherIncomeExpensesNet": -55984000,
        "incomeBeforeTax": 369313000,
        "incomeBeforeTaxRatio": 0.0794118355,
        "incomeTaxExpense": 120584000,
        "netIncome": 248729000,
        "netIncomeRatio": 0.0534831605,
        "eps": 0.25,
        "epsdiluted": 0.25,
        "weightedAverageShsOut": 976800000,
        "weightedAverageShsOutDil": 976800000,
        "link": "https://www.sec.gov/Archives/edgar/data/39911/000102140803005462/0001021408-03-005462-index.htm",
        "finalLink": "https://www.sec.gov/Archives/edgar/data/39911/000102140803005462/d10k.htm"
    },
    {
        "date": "2002-11-02",
        "symbol": "GPS",
        "reportedCurrency": "USD",
        "cik": "0000039911",
        "fillingDate": "2002-12-09",
        "acceptedDate": "2002-12-09 17:11:57",
        "calendarYear": "2002",
        "period": "Q3",
        "revenue": 3644956000,
        "costOfRevenue": 2329347000,
        "grossProfit": 1315609000,
        "grossProfitRatio": 0.3609396108,
        "researchAndDevelopmentExpenses": 0,
        "generalAndAdministrativeExpenses": 0,
        "sellingAndMarketingExpenses": 0,
        "sellingGeneralAndAdministrativeExpenses": 1009393000,
        "otherExpenses": 0,
        "operatingExpenses": 1009393000,
        "costAndExpenses": 3338740000,
        "interestIncome": 0,
        "interestExpense": 0,
        "depreciationAndAmortization": 192509000,
        "ebitda": 498725000,
        "ebitdaratio": 0.1368260687,
        "operatingIncome": 306216000,
        "operatingIncomeRatio": 0.0840108907,
        "totalOtherIncomeExpensesNet": -57905000,
        "incomeBeforeTax": 248311000,
        "incomeBeforeTaxRatio": 0.0681245535,
        "incomeTaxExpense": 113041000,
        "netIncome": 135270000,
        "netIncomeRatio": 0.0371115591,
        "eps": 0.15,
        "epsdiluted": 0.15,
        "weightedAverageShsOut": 879275933,
        "weightedAverageShsOutDil": 968163722,
        "link": "https://www.sec.gov/Archives/edgar/data/39911/000102140802015006/0001021408-02-015006-index.htm",
        "finalLink": "https://www.sec.gov/Archives/edgar/data/39911/000102140802015006/d10q.htm"
    },
    {
        "date": "2002-08-03",
        "symbol": "GPS",
        "reportedCurrency": "USD",
        "cik": "0000039911",
        "fillingDate": "2002-09-12",
        "acceptedDate": "2002-09-11 19:50:57",
        "calendarYear": "2002",
        "period": "Q2",
        "revenue": 3268309000,
        "costOfRevenue": 2177774000,
        "grossProfit": 1090535000,
        "grossProfitRatio": 0.3336694909,
        "researchAndDevelopmentExpenses": 0,
        "generalAndAdministrativeExpenses": 0,
        "sellingAndMarketingExpenses": 0,
        "sellingGeneralAndAdministrativeExpenses": 922080000,
        "otherExpenses": 0,
        "operatingExpenses": 922080000,
        "costAndExpenses": 3099854000,
        "interestIncome": 0,
        "interestExpense": 0,
        "depreciationAndAmortization": 201198000,
        "ebitda": 369653000,
        "ebitdaratio": 0.1131022189,
        "operatingIncome": 168455000,
        "operatingIncomeRatio": 0.0515419442,
        "totalOtherIncomeExpensesNet": -57121000,
        "incomeBeforeTax": 111334000,
        "incomeBeforeTaxRatio": 0.0340647105,
        "incomeTaxExpense": 54554000,
        "netIncome": 56780000,
        "netIncomeRatio": 0.0173728983,
        "eps": 0.07,
        "epsdiluted": 0.06,
        "weightedAverageShsOut": 869518765,
        "weightedAverageShsOutDil": 876609916,
        "link": "https://www.sec.gov/Archives/edgar/data/39911/000103221002001363/0001032210-02-001363-index.htm",
        "finalLink": "https://www.sec.gov/Archives/edgar/data/39911/000103221002001363/d10q.htm"
    },
    {
        "date": "2002-05-04",
        "symbol": "GPS",
        "reportedCurrency": "USD",
        "cik": "0000039911",
        "fillingDate": "2002-06-07",
        "acceptedDate": "2002-06-07 17:04:16",
        "calendarYear": "2002",
        "period": "Q1",
        "revenue": 2890840000,
        "costOfRevenue": 2011762000,
        "grossProfit": 879078000,
        "grossProfitRatio": 0.3040908525,
        "researchAndDevelopmentExpenses": 0,
        "generalAndAdministrativeExpenses": 0,
        "sellingAndMarketingExpenses": 0,
        "sellingGeneralAndAdministrativeExpenses": 766417000,
        "otherExpenses": 0,
        "operatingExpenses": 766417000,
        "costAndExpenses": 2778179000,
        "interestIncome": 0,
        "interestExpense": 0,
        "depreciationAndAmortization": 187884000,
        "ebitda": 300545000,
        "ebitdaratio": 0.1039645916,
        "operatingIncome": 112661000,
        "operatingIncomeRatio": 0.0389717176,
        "totalOtherIncomeExpensesNet": -40744000,
        "incomeBeforeTax": 71917000,
        "incomeBeforeTaxRatio": 0.0248775442,
        "incomeTaxExpense": 35239000,
        "netIncome": 36678000,
        "netIncomeRatio": 0.0126876617,
        "eps": 0.04,
        "epsdiluted": 0.04,
        "weightedAverageShsOut": 866685894,
        "weightedAverageShsOutDil": 874012082,
        "link": "https://www.sec.gov/Archives/edgar/data/39911/000102140802008135/0001021408-02-008135-index.htm",
        "finalLink": "https://www.sec.gov/Archives/edgar/data/39911/000102140802008135/d10q.txt"
    },
    {
        "date": "2002-02-02",
        "symbol": "GPS",
        "reportedCurrency": "USD",
        "cik": "0000039911",
        "fillingDate": "2002-04-02",
        "acceptedDate": "2002-04-02 00:00:00",
        "calendarYear": "2001",
        "period": "Q4",
        "revenue": 4089625000,
        "costOfRevenue": 3063036000,
        "grossProfit": 1026589000,
        "grossProfitRatio": 0.251022771,
        "researchAndDevelopmentExpenses": 0,
        "generalAndAdministrativeExpenses": 0,
        "sellingAndMarketingExpenses": 0,
        "sellingGeneralAndAdministrativeExpenses": 0,
        "otherExpenses": 1065902000,
        "operatingExpenses": 1065902000,
        "costAndExpenses": 4128938000,
        "interestIncome": 0,
        "interestExpense": 62876000,
        "depreciationAndAmortization": 220860000,
        "ebitda": 181547000,
        "ebitdaratio": 0.0443920897,
        "operatingIncome": -39313000,
        "operatingIncomeRatio": -0.0096128618,
        "totalOtherIncomeExpensesNet": -27662000,
        "incomeBeforeTax": -66975000,
        "incomeBeforeTaxRatio": -0.0163768072,
        "incomeTaxExpense": -32817000,
        "netIncome": -34158000,
        "netIncomeRatio": -0.008352355,
        "eps": -0.0395,
        "epsdiluted": -0.0395,
        "weightedAverageShsOut": 849810658,
        "weightedAverageShsOutDil": 879137194,
        "link": "https://www.sec.gov/Archives/edgar/data/39911/000102140802004717/0001021408-02-004717-index.htm",
        "finalLink": "https://www.sec.gov/Archives/edgar/data/39911/000102140802004717/d10k.txt"
    },
    {
        "date": "2001-11-03",
        "symbol": "GPS",
        "reportedCurrency": "USD",
        "cik": "0000039911",
        "fillingDate": "2001-12-14",
        "acceptedDate": "2001-12-14 00:00:00",
        "calendarYear": "2001",
        "period": "Q3",
        "revenue": 3333373000,
        "costOfRevenue": 2382734000,
        "grossProfit": 950639000,
        "grossProfitRatio": 0.2851883063,
        "researchAndDevelopmentExpenses": 0,
        "generalAndAdministrativeExpenses": 0,
        "sellingAndMarketingExpenses": 0,
        "sellingGeneralAndAdministrativeExpenses": 946882000,
        "otherExpenses": 0,
        "operatingExpenses": 946882000,
        "costAndExpenses": 3329616000,
        "interestIncome": 0,
        "interestExpense": 0,
        "depreciationAndAmortization": 207462000,
        "ebitda": 211219000,
        "ebitdaratio": 0.063364946,
        "operatingIncome": 3757000,
        "operatingIncomeRatio": 0.0011270866,
        "totalOtherIncomeExpensesNet": -18340000,
        "incomeBeforeTax": -14583000,
        "incomeBeforeTaxRatio": -0.0043748479,
        "incomeTaxExpense": 164254000,
        "netIncome": -178837000,
        "netIncomeRatio": -0.0536504616,
        "eps": -0.21,
        "epsdiluted": -0.21,
        "weightedAverageShsOut": 862420054,
        "weightedAverageShsOutDil": 862420054,
        "link": "https://www.sec.gov/Archives/edgar/data/39911/000102140801511411/0001021408-01-511411-index.htm",
        "finalLink": "https://www.sec.gov/Archives/edgar/data/39911/000102140801511411/d10q.txt"
    },
    {
        "date": "2001-08-04",
        "symbol": "GPS",
        "reportedCurrency": "USD",
        "cik": "0000039911",
        "fillingDate": "2001-09-06",
        "acceptedDate": "2001-09-06 00:00:00",
        "calendarYear": "2001",
        "period": "Q2",
        "revenue": 3245219000,
        "costOfRevenue": 2204137000,
        "grossProfit": 1041082000,
        "grossProfitRatio": 0.3208048517,
        "researchAndDevelopmentExpenses": 0,
        "generalAndAdministrativeExpenses": 0,
        "sellingAndMarketingExpenses": 0,
        "sellingGeneralAndAdministrativeExpenses": 872772000,
        "otherExpenses": 0,
        "operatingExpenses": 872772000,
        "costAndExpenses": 3076909000,
        "interestIncome": 0,
        "interestExpense": 0,
        "depreciationAndAmortization": 186016000,
        "ebitda": 354326000,
        "ebitdaratio": 0.1091840027,
        "operatingIncome": 168310000,
        "operatingIncomeRatio": 0.0518639882,
        "totalOtherIncomeExpensesNet": -26970000,
        "incomeBeforeTax": 141340000,
        "incomeBeforeTaxRatio": 0.043553301,
        "incomeTaxExpense": 51589000,
        "netIncome": 89751000,
        "netIncomeRatio": 0.027656377,
        "eps": 0.1,
        "epsdiluted": 0.1,
        "weightedAverageShsOut": 859671047,
        "weightedAverageShsOutDil": 883662826,
        "link": "https://www.sec.gov/Archives/edgar/data/39911/000102140801506377/0001021408-01-506377-index.htm",
        "finalLink": "https://www.sec.gov/Archives/edgar/data/39911/000102140801506377/d10q.txt"
    },
    {
        "date": "2001-05-05",
        "symbol": "GPS",
        "reportedCurrency": "USD",
        "cik": "0000039911",
        "fillingDate": "2001-06-08",
        "acceptedDate": "2001-06-08 00:00:00",
        "calendarYear": "2001",
        "period": "Q1",
        "revenue": 3179656000,
        "costOfRevenue": 2054482000,
        "grossProfit": 1125174000,
        "grossProfitRatio": 0.3538665818,
        "researchAndDevelopmentExpenses": 0,
        "generalAndAdministrativeExpenses": 0,
        "sellingAndMarketingExpenses": 0,
        "sellingGeneralAndAdministrativeExpenses": 920412000,
        "otherExpenses": 0,
        "operatingExpenses": 920412000,
        "costAndExpenses": 2974894000,
        "interestIncome": 0,
        "interestExpense": 0,
        "depreciationAndAmortization": 196148000,
        "ebitda": 400910000,
        "ebitdaratio": 0.1260859665,
        "operatingIncome": 204762000,
        "operatingIncomeRatio": 0.0643975323,
        "totalOtherIncomeExpensesNet": -22903000,
        "incomeBeforeTax": 181859000,
        "incomeBeforeTaxRatio": 0.0571945519,
        "incomeTaxExpense": 66379000,
        "netIncome": 115480000,
        "netIncomeRatio": 0.0363183942,
        "eps": 0.14,
        "epsdiluted": 0.13,
        "weightedAverageShsOut": 854333157,
        "weightedAverageShsOutDil": 875873227,
        "link": "https://www.sec.gov/Archives/edgar/data/39911/000089843001500948/0000898430-01-500948-index.htm",
        "finalLink": "https://www.sec.gov/Archives/edgar/data/39911/000089843001500948/d10q.txt"
    },
    {
        "date": "2001-02-03",
        "symbol": "GPS",
        "reportedCurrency": "USD",
        "cik": "0000039911",
        "fillingDate": "2001-04-05",
        "acceptedDate": "2001-04-05 00:00:00",
        "calendarYear": "2000",
        "period": "Q4",
        "revenue": 4579088000,
        "costOfRevenue": 2835983000,
        "grossProfit": 1743105000,
        "grossProfitRatio": 0.3806664122,
        "researchAndDevelopmentExpenses": 0,
        "generalAndAdministrativeExpenses": 0,
        "sellingAndMarketingExpenses": 0,
        "sellingGeneralAndAdministrativeExpenses": 0,
        "otherExpenses": 1293427000,
        "operatingExpenses": 1293427000,
        "costAndExpenses": 4129410000,
        "interestIncome": 0,
        "interestExpense": 0,
        "depreciationAndAmortization": 167029000,
        "ebitda": 616707000,
        "ebitdaratio": 0.1346790016,
        "operatingIncome": 449678000,
        "operatingIncomeRatio": 0.0982025242,
        "totalOtherIncomeExpensesNet": -21721000,
        "incomeBeforeTax": 427957000,
        "incomeBeforeTaxRatio": 0.0934590032,
        "incomeTaxExpense": 156204000,
        "netIncome": 271753000,
        "netIncomeRatio": 0.0593465336,
        "eps": 0.31,
        "epsdiluted": 0.31,
        "weightedAverageShsOut": 850518328,
        "weightedAverageShsOutDil": 873300000,
        "link": "https://www.sec.gov/Archives/edgar/data/39911/000092962401000565/0000929624-01-000565-index.htm",
        "finalLink": "https://www.sec.gov/Archives/edgar/data/39911/000092962401000565/0000929624-01-000565-0001.txt"
    },
    {
        "date": "2000-10-28",
        "symbol": "GPS",
        "reportedCurrency": "USD",
        "cik": "0000039911",
        "fillingDate": "2000-11-30",
        "acceptedDate": "2000-11-30 00:00:00",
        "calendarYear": "2000",
        "period": "Q3",
        "revenue": 3414668000,
        "costOfRevenue": 2004561000,
        "grossProfit": 1410107000,
        "grossProfitRatio": 0.412955813,
        "researchAndDevelopmentExpenses": 0,
        "generalAndAdministrativeExpenses": 0,
        "sellingAndMarketingExpenses": 0,
        "sellingGeneralAndAdministrativeExpenses": 943262000,
        "otherExpenses": 152900000,
        "operatingExpenses": 1096162000,
        "costAndExpenses": 3100723000,
        "interestIncome": 0,
        "interestExpense": 0,
        "depreciationAndAmortization": 152900000,
        "ebitda": 466845000,
        "ebitdaratio": 0.1367175374,
        "operatingIncome": 313945000,
        "operatingIncomeRatio": 0.0919401242,
        "totalOtherIncomeExpensesNet": -20483000,
        "incomeBeforeTax": 293462000,
        "incomeBeforeTaxRatio": 0.0859415908,
        "incomeTaxExpense": 107114000,
        "netIncome": 186348000,
        "netIncomeRatio": 0.0545728018,
        "eps": 0.22,
        "epsdiluted": 0.21,
        "weightedAverageShsOut": 848754207,
        "weightedAverageShsOutDil": 871570698,
        "link": "https://www.sec.gov/Archives/edgar/data/39911/000092962400001615/0000929624-00-001615-index.htm",
        "finalLink": "https://www.sec.gov/Archives/edgar/data/39911/000092962400001615/0000929624-00-001615-0001.txt"
    },
    {
        "date": "2000-07-29",
        "symbol": "GPS",
        "reportedCurrency": "USD",
        "cik": "0000039911",
        "fillingDate": "2000-09-07",
        "acceptedDate": "2000-09-07 00:00:00",
        "calendarYear": "2000",
        "period": "Q2",
        "revenue": 2947714000,
        "costOfRevenue": 1698644000,
        "grossProfit": 1249070000,
        "grossProfitRatio": 0.4237419234,
        "researchAndDevelopmentExpenses": 0,
        "generalAndAdministrativeExpenses": 0,
        "sellingAndMarketingExpenses": 0,
        "sellingGeneralAndAdministrativeExpenses": 809294000,
        "otherExpenses": 138420000,
        "operatingExpenses": 947714000,
        "costAndExpenses": 2646358000,
        "interestIncome": 0,
        "interestExpense": 0,
        "depreciationAndAmortization": 138420000,
        "ebitda": 439776000,
        "ebitdaratio": 0.1491922215,
        "operatingIncome": 301356000,
        "operatingIncomeRatio": 0.1022337988,
        "totalOtherIncomeExpensesNet": -11719000,
        "incomeBeforeTax": 289637000,
        "incomeBeforeTaxRatio": 0.0982581757,
        "incomeTaxExpense": 105717000,
        "netIncome": 183920000,
        "netIncomeRatio": 0.0623941129,
        "eps": 0.22,
        "epsdiluted": 0.21,
        "weightedAverageShsOut": 849641253,
        "weightedAverageShsOutDil": 880119755,
        "link": "https://www.sec.gov/Archives/edgar/data/39911/000092962400001289/0000929624-00-001289-index.htm",
        "finalLink": "https://www.sec.gov/Archives/edgar/data/39911/000092962400001289/0000929624-00-001289-0001.txt"
    },
    {
        "date": "2000-04-29",
        "symbol": "GPS",
        "reportedCurrency": "USD",
        "cik": "0000039911",
        "fillingDate": "2000-06-02",
        "acceptedDate": "2000-06-02 00:00:00",
        "calendarYear": "2000",
        "period": "Q1",
        "revenue": 2731990000,
        "costOfRevenue": 1469889000,
        "grossProfit": 1262101000,
        "grossProfitRatio": 0.4619713103,
        "researchAndDevelopmentExpenses": 0,
        "generalAndAdministrativeExpenses": 0,
        "sellingAndMarketingExpenses": 0,
        "sellingGeneralAndAdministrativeExpenses": 750303000,
        "otherExpenses": 132016000,
        "operatingExpenses": 882319000,
        "costAndExpenses": 2352208000,
        "interestIncome": 0,
        "interestExpense": 0,
        "depreciationAndAmortization": 132016000,
        "ebitda": 511798000,
        "ebitdaratio": 0.1873352391,
        "operatingIncome": 379782000,
        "operatingIncomeRatio": 0.1390129539,
        "totalOtherIncomeExpensesNet": -8953000,
        "incomeBeforeTax": 370829000,
        "incomeBeforeTaxRatio": 0.1357358555,
        "incomeTaxExpense": 135353000,
        "netIncome": 235476000,
        "netIncomeRatio": 0.0861921164,
        "eps": 0.28,
        "epsdiluted": 0.27,
        "weightedAverageShsOut": 850325670,
        "weightedAverageShsOutDil": 888020166,
        "link": "https://www.sec.gov/Archives/edgar/data/39911/000092962400000798/0000929624-00-000798-index.htm",
        "finalLink": "https://www.sec.gov/Archives/edgar/data/39911/000092962400000798/0000929624-00-000798-0001.txt"
    },
    {
        "date": "2000-01-29",
        "symbol": "GPS",
        "reportedCurrency": "USD",
        "cik": "0000039911",
        "fillingDate": "2000-04-04",
        "acceptedDate": "2000-04-04 00:00:00",
        "calendarYear": "1999",
        "period": "Q4",
        "revenue": 3858900000,
        "costOfRevenue": 2122800000,
        "grossProfit": 1736100000,
        "grossProfitRatio": 0.4498950478,
        "researchAndDevelopmentExpenses": 0,
        "generalAndAdministrativeExpenses": 0,
        "sellingAndMarketingExpenses": 0,
        "sellingGeneralAndAdministrativeExpenses": 937300000,
        "otherExpenses": 133700000,
        "operatingExpenses": 1071000000,
        "costAndExpenses": 3193800000,
        "interestIncome": 0,
        "interestExpense": 0,
        "depreciationAndAmortization": 133700000,
        "ebitda": 798800000,
        "ebitdaratio": 0.2070019954,
        "operatingIncome": 665100000,
        "operatingIncomeRatio": 0.1723548161,
        "totalOtherIncomeExpensesNet": -13300000,
        "incomeBeforeTax": 651800000,
        "incomeBeforeTaxRatio": 0.1689082381,
        "incomeTaxExpense": 237900000,
        "netIncome": 413900000,
        "netIncomeRatio": 0.1072585452,
        "eps": 0.47,
        "epsdiluted": 0.47,
        "weightedAverageShsOut": 889800000,
        "weightedAverageShsOutDil": 889800000,
        "link": "https://www.sec.gov/Archives/edgar/data/39911/000092962400000504/0000929624-00-000504-index.htm",
        "finalLink": "https://www.sec.gov/Archives/edgar/data/39911/000092962400000504/"
    },
    {
        "date": "1999-10-30",
        "symbol": "GPS",
        "reportedCurrency": "USD",
        "cik": "0000039911",
        "fillingDate": "1999-12-14",
        "acceptedDate": "1999-12-14 00:00:00",
        "calendarYear": "1999",
        "period": "Q3",
        "revenue": 3045400000,
        "costOfRevenue": 1634500000,
        "grossProfit": 1410900000,
        "grossProfitRatio": 0.4632888947,
        "researchAndDevelopmentExpenses": 0,
        "generalAndAdministrativeExpenses": 0,
        "sellingAndMarketingExpenses": 0,
        "sellingGeneralAndAdministrativeExpenses": 797600000,
        "otherExpenses": 106600000,
        "operatingExpenses": 904200000,
        "costAndExpenses": 2538700000,
        "interestIncome": 0,
        "interestExpense": 0,
        "depreciationAndAmortization": 106600000,
        "ebitda": 613300000,
        "ebitdaratio": 0.2013856965,
        "operatingIncome": 506700000,
        "operatingIncomeRatio": 0.1663820845,
        "totalOtherIncomeExpensesNet": -10600000,
        "incomeBeforeTax": 496100000,
        "incomeBeforeTaxRatio": 0.1629014251,
        "incomeTaxExpense": 181100000,
        "netIncome": 315000000,
        "netIncomeRatio": 0.1034346884,
        "eps": 0.37,
        "epsdiluted": 0.35,
        "weightedAverageShsOut": 851351351,
        "weightedAverageShsOutDil": 900000000,
        "link": "https://www.sec.gov/Archives/edgar/data/39911/000003991199000011/0000039911-99-000011-index.htm",
        "finalLink": "https://www.sec.gov/Archives/edgar/data/39911/000003991199000011/"
    },
    {
        "date": "1999-07-31",
        "symbol": "GPS",
        "reportedCurrency": "USD",
        "cik": "0000039911",
        "fillingDate": "1999-09-14",
        "acceptedDate": "1999-09-14 00:00:00",
        "calendarYear": "1999",
        "period": "Q2",
        "revenue": 2453300000,
        "costOfRevenue": 1342600000,
        "grossProfit": 1110700000,
        "grossProfitRatio": 0.4527371296,
        "researchAndDevelopmentExpenses": 0,
        "generalAndAdministrativeExpenses": 693300000,
        "sellingAndMarketingExpenses": 0,
        "sellingGeneralAndAdministrativeExpenses": 693300000,
        "otherExpenses": 100900000,
        "operatingExpenses": 794200000,
        "costAndExpenses": 2136800000,
        "interestIncome": 0,
        "interestExpense": 0,
        "depreciationAndAmortization": 100900000,
        "ebitda": 417400000,
        "ebitdaratio": 0.1701381812,
        "operatingIncome": 316500000,
        "operatingIncomeRatio": 0.129009905,
        "totalOtherIncomeExpensesNet": -3200000,
        "incomeBeforeTax": 313300000,
        "incomeBeforeTaxRatio": 0.1277055395,
        "incomeTaxExpense": 117500000,
        "netIncome": 195800000,
        "netIncomeRatio": 0.079810867,
        "eps": 0.23,
        "epsdiluted": 0.22,
        "weightedAverageShsOut": 851304348,
        "weightedAverageShsOutDil": 890000000,
        "link": "https://www.sec.gov/Archives/edgar/data/39911/000003991199000009/0000039911-99-000009-index.htm",
        "finalLink": "https://www.sec.gov/Archives/edgar/data/39911/000003991199000009/"
    },
    {
        "date": "1999-05-01",
        "symbol": "GPS",
        "reportedCurrency": "USD",
        "cik": "0000039911",
        "fillingDate": "1999-06-15",
        "acceptedDate": "1999-06-15 00:00:00",
        "calendarYear": "1999",
        "period": "Q1",
        "revenue": 2277700000,
        "costOfRevenue": 1239200000,
        "grossProfit": 1038500000,
        "grossProfitRatio": 0.455942398,
        "researchAndDevelopmentExpenses": 0,
        "generalAndAdministrativeExpenses": 0,
        "sellingAndMarketingExpenses": 0,
        "sellingGeneralAndAdministrativeExpenses": 615100000,
        "otherExpenses": 95000000,
        "operatingExpenses": 710100000,
        "costAndExpenses": 1949300000,
        "interestIncome": 0,
        "interestExpense": 0,
        "depreciationAndAmortization": 95000000,
        "ebitda": 423400000,
        "ebitdaratio": 0.1858892743,
        "operatingIncome": 328400000,
        "operatingIncomeRatio": 0.144180533,
        "totalOtherIncomeExpensesNet": -4600000,
        "incomeBeforeTax": 323800000,
        "incomeBeforeTaxRatio": 0.1421609518,
        "incomeTaxExpense": 121400000,
        "netIncome": 202400000,
        "netIncomeRatio": 0.0888615709,
        "eps": 0.24,
        "epsdiluted": 0.22,
        "weightedAverageShsOut": 854464568,
        "weightedAverageShsOutDil": 900043739,
        "link": "https://www.sec.gov/Archives/edgar/data/39911/000003991199000005/0000039911-99-000005-index.htm",
        "finalLink": "https://www.sec.gov/Archives/edgar/data/39911/000003991199000005/"
    },
    {
        "date": "1999-01-30",
        "symbol": "GPS",
        "reportedCurrency": "USD",
        "cik": "0000039911",
        "fillingDate": "1999-04-02",
        "acceptedDate": "1999-04-02 00:00:00",
        "calendarYear": "1998",
        "period": "Q4",
        "revenue": 3029900000,
        "costOfRevenue": 1686000000,
        "grossProfit": 1343900000,
        "grossProfitRatio": 0.4435459916,
        "researchAndDevelopmentExpenses": 0,
        "generalAndAdministrativeExpenses": 0,
        "sellingAndMarketingExpenses": 0,
        "sellingGeneralAndAdministrativeExpenses": 744400000,
        "otherExpenses": 90000000,
        "operatingExpenses": 834400000,
        "costAndExpenses": 2520400000,
        "interestIncome": 0,
        "interestExpense": 0,
        "depreciationAndAmortization": 90000000,
        "ebitda": 599500000,
        "ebitdaratio": 0.1978613156,
        "operatingIncome": 509500000,
        "operatingIncomeRatio": 0.1681573649,
        "totalOtherIncomeExpensesNet": -7400000,
        "incomeBeforeTax": 502100000,
        "incomeBeforeTaxRatio": 0.1657150401,
        "incomeTaxExpense": 188300000,
        "netIncome": 313800000,
        "netIncomeRatio": 0.1035677745,
        "eps": 0.35,
        "epsdiluted": 0.35,
        "weightedAverageShsOut": 874799286,
        "weightedAverageShsOutDil": 895500000,
        "link": "https://www.sec.gov/Archives/edgar/data/39911/000092962499000704/0000929624-99-000704-index.htm",
        "finalLink": "https://www.sec.gov/Archives/edgar/data/39911/000092962499000704/"
    },
    {
        "date": "1998-10-31",
        "symbol": "GPS",
        "reportedCurrency": "USD",
        "cik": "0000039911",
        "fillingDate": "1998-12-15",
        "acceptedDate": "1998-12-15 00:00:00",
        "calendarYear": "1998",
        "period": "Q3",
        "revenue": 2399900000,
        "costOfRevenue": 1292100000,
        "grossProfit": 1107800000,
        "grossProfitRatio": 0.4616025668,
        "researchAndDevelopmentExpenses": 0,
        "generalAndAdministrativeExpenses": 636700000,
        "sellingAndMarketingExpenses": 0,
        "sellingGeneralAndAdministrativeExpenses": 636700000,
        "otherExpenses": 83900000,
        "operatingExpenses": 720600000,
        "costAndExpenses": 2012700000,
        "interestIncome": 0,
        "interestExpense": 0,
        "depreciationAndAmortization": 83900000,
        "ebitda": 471100000,
        "ebitdaratio": 0.1962998458,
        "operatingIncome": 387200000,
        "operatingIncomeRatio": 0.1613400558,
        "totalOtherIncomeExpensesNet": -6900000,
        "incomeBeforeTax": 380300000,
        "incomeBeforeTaxRatio": 0.158464936,
        "incomeTaxExpense": 142600000,
        "netIncome": 237700000,
        "netIncomeRatio": 0.0990457936,
        "eps": 0.28,
        "epsdiluted": 0.27,
        "weightedAverageShsOut": 848928571,
        "weightedAverageShsOutDil": 880370370,
        "link": "https://www.sec.gov/Archives/edgar/data/39911/000003991198000010/0000039911-98-000010-index.htm",
        "finalLink": "https://www.sec.gov/Archives/edgar/data/39911/000003991198000010/"
    },
    {
        "date": "1998-08-01",
        "symbol": "GPS",
        "reportedCurrency": "USD",
        "cik": "0000039911",
        "fillingDate": "1998-09-10",
        "acceptedDate": "1998-09-10 00:00:00",
        "calendarYear": "1998",
        "period": "Q2",
        "revenue": 1905000000,
        "costOfRevenue": 1057500000,
        "grossProfit": 847500000,
        "grossProfitRatio": 0.4448818898,
        "researchAndDevelopmentExpenses": 0,
        "generalAndAdministrativeExpenses": 0,
        "sellingAndMarketingExpenses": 0,
        "sellingGeneralAndAdministrativeExpenses": 550100000,
        "otherExpenses": 77700000,
        "operatingExpenses": 627800000,
        "costAndExpenses": 1685300000,
        "interestIncome": 0,
        "interestExpense": 0,
        "depreciationAndAmortization": 77700000,
        "ebitda": 297400000,
        "ebitdaratio": 0.1561154856,
        "operatingIncome": 219700000,
        "operatingIncomeRatio": 0.115328084,
        "totalOtherIncomeExpensesNet": -700000,
        "incomeBeforeTax": 219000000,
        "incomeBeforeTaxRatio": 0.1149606299,
        "incomeTaxExpense": 82100000,
        "netIncome": 136900000,
        "netIncomeRatio": 0.0718635171,
        "eps": 0.15,
        "epsdiluted": 0.15,
        "weightedAverageShsOut": 912666667,
        "weightedAverageShsOutDil": 912666667,
        "link": "https://www.sec.gov/Archives/edgar/data/39911/000003991198000005/0000039911-98-000005-index.htm",
        "finalLink": "https://www.sec.gov/Archives/edgar/data/39911/000003991198000005/"
    },
    {
        "date": "1998-05-02",
        "symbol": "GPS",
        "reportedCurrency": "USD",
        "cik": "0000039911",
        "fillingDate": "1998-06-12",
        "acceptedDate": "1998-06-12 00:00:00",
        "calendarYear": "1998",
        "period": "Q1",
        "revenue": 1719700000,
        "costOfRevenue": 956200000,
        "grossProfit": 763500000,
        "grossProfitRatio": 0.443972786,
        "researchAndDevelopmentExpenses": 0,
        "generalAndAdministrativeExpenses": 0,
        "sellingAndMarketingExpenses": 0,
        "sellingGeneralAndAdministrativeExpenses": 472100000,
        "otherExpenses": 74800000,
        "operatingExpenses": 546900000,
        "costAndExpenses": 1503100000,
        "interestIncome": 0,
        "interestExpense": 0,
        "depreciationAndAmortization": 74800000,
        "ebitda": 291400000,
        "ebitdaratio": 0.1694481596,
        "operatingIncome": 216600000,
        "operatingIncomeRatio": 0.125952201,
        "totalOtherIncomeExpensesNet": 1100000,
        "incomeBeforeTax": 217700000,
        "incomeBeforeTaxRatio": 0.1265918474,
        "incomeTaxExpense": 81600000,
        "netIncome": 136100000,
        "netIncomeRatio": 0.0791417108,
        "eps": 0.15,
        "epsdiluted": 0.15,
        "weightedAverageShsOut": 907333333,
        "weightedAverageShsOutDil": 907333333,
        "link": "https://www.sec.gov/Archives/edgar/data/39911/000003991198000002/0000039911-98-000002-index.htm",
        "finalLink": "https://www.sec.gov/Archives/edgar/data/39911/000003991198000002/"
    },
    {
        "date": "1998-01-31",
        "symbol": "GPS",
        "reportedCurrency": "USD",
        "cik": "0000039911",
        "fillingDate": "1998-04-03",
        "acceptedDate": "1998-04-03 00:00:00",
        "calendarYear": "1997",
        "period": "Q4",
        "revenue": 2165500000,
        "costOfRevenue": 1229500000,
        "grossProfit": 936000000,
        "grossProfitRatio": 0.4322327407,
        "researchAndDevelopmentExpenses": 0,
        "generalAndAdministrativeExpenses": 516600000,
        "sellingAndMarketingExpenses": 0,
        "sellingGeneralAndAdministrativeExpenses": 516600000,
        "otherExpenses": 75100000,
        "operatingExpenses": 591700000,
        "costAndExpenses": 1821200000,
        "interestIncome": 0,
        "interestExpense": 0,
        "depreciationAndAmortization": 75100000,
        "ebitda": 419400000,
        "ebitdaratio": 0.1936735165,
        "operatingIncome": 344300000,
        "operatingIncomeRatio": 0.1589933041,
        "totalOtherIncomeExpensesNet": 600000,
        "incomeBeforeTax": 344900000,
        "incomeBeforeTaxRatio": 0.1592703764,
        "incomeTaxExpense": 129300000,
        "netIncome": 215600000,
        "netIncomeRatio": 0.0995613022,
        "eps": 0.23,
        "epsdiluted": 0.23,
        "weightedAverageShsOut": 920200000,
        "weightedAverageShsOutDil": 920200000,
        "link": "https://www.sec.gov/Archives/edgar/data/39911/000101287098000890/0001012870-98-000890-index.htm",
        "finalLink": "https://www.sec.gov/Archives/edgar/data/39911/000101287098000890/"
    },
    {
        "date": "1997-11-01",
        "symbol": "GPS",
        "reportedCurrency": "USD",
        "cik": "0000039911",
        "fillingDate": "1997-12-15",
        "acceptedDate": "1997-12-15 00:00:00",
        "calendarYear": "1997",
        "period": "Q3",
        "revenue": 1765900000,
        "costOfRevenue": 982300000,
        "grossProfit": 783600000,
        "grossProfitRatio": 0.4437397361,
        "researchAndDevelopmentExpenses": 0,
        "generalAndAdministrativeExpenses": 0,
        "sellingAndMarketingExpenses": 0,
        "sellingGeneralAndAdministrativeExpenses": 454000000,
        "otherExpenses": 62400000,
        "operatingExpenses": 516400000,
        "costAndExpenses": 1498700000,
        "interestIncome": 0,
        "interestExpense": 0,
        "depreciationAndAmortization": 68100000,
        "ebitda": 335300000,
        "ebitdaratio": 0.1898748514,
        "operatingIncome": 267200000,
        "operatingIncomeRatio": 0.1513109463,
        "totalOtherIncomeExpensesNet": -4000000,
        "incomeBeforeTax": 263200000,
        "incomeBeforeTaxRatio": 0.1490458123,
        "incomeTaxExpense": 98700000,
        "netIncome": 164500000,
        "netIncomeRatio": 0.0931536327,
        "eps": 0.19,
        "epsdiluted": 0.18,
        "weightedAverageShsOut": 865789474,
        "weightedAverageShsOutDil": 913888889,
        "link": "https://www.sec.gov/Archives/edgar/data/39911/000003991197000017/0000039911-97-000017-index.htm",
        "finalLink": "https://www.sec.gov/Archives/edgar/data/39911/000003991197000017/"
    },
    {
        "date": "1997-08-02",
        "symbol": "GPS",
        "reportedCurrency": "USD",
        "cik": "0000039911",
        "fillingDate": "1997-08-27",
        "acceptedDate": "1997-08-27 00:00:00",
        "calendarYear": "1997",
        "period": "Q2",
        "revenue": 1345200000,
        "costOfRevenue": 813300000,
        "grossProfit": 531900000,
        "grossProfitRatio": 0.3954058876,
        "researchAndDevelopmentExpenses": 0,
        "generalAndAdministrativeExpenses": 0,
        "sellingAndMarketingExpenses": 0,
        "sellingGeneralAndAdministrativeExpenses": 352500000,
        "otherExpenses": 69800000,
        "operatingExpenses": 422300000,
        "costAndExpenses": 1235600000,
        "interestIncome": 0,
        "interestExpense": 0,
        "depreciationAndAmortization": 69800000,
        "ebitda": 179400000,
        "ebitdaratio": 0.1333630687,
        "operatingIncome": 109600000,
        "operatingIncomeRatio": 0.0814748736,
        "totalOtherIncomeExpensesNet": 1600000,
        "incomeBeforeTax": 111200000,
        "incomeBeforeTaxRatio": 0.0826642878,
        "incomeTaxExpense": 41700000,
        "netIncome": 69500000,
        "netIncomeRatio": 0.0516651799,
        "eps": 0.07,
        "epsdiluted": 0.07,
        "weightedAverageShsOut": 992857143,
        "weightedAverageShsOutDil": 992857143,
        "link": "https://www.sec.gov/Archives/edgar/data/39911/000003991197000011/0000039911-97-000011-index.htm",
        "finalLink": "https://www.sec.gov/Archives/edgar/data/39911/000003991197000011/"
    },
    {
        "date": "1997-05-03",
        "symbol": "GPS",
        "reportedCurrency": "USD",
        "cik": "0000039911",
        "fillingDate": "1997-06-17",
        "acceptedDate": "1997-06-17 00:00:00",
        "calendarYear": "1997",
        "period": "Q1",
        "revenue": 1231200000,
        "costOfRevenue": 732500000,
        "grossProfit": 498700000,
        "grossProfitRatio": 0.4050519818,
        "researchAndDevelopmentExpenses": 0,
        "generalAndAdministrativeExpenses": 0,
        "sellingAndMarketingExpenses": 0,
        "sellingGeneralAndAdministrativeExpenses": 311900000,
        "otherExpenses": 56700000,
        "operatingExpenses": 368600000,
        "costAndExpenses": 1101100000,
        "interestIncome": 0,
        "interestExpense": 0,
        "depreciationAndAmortization": 56700000,
        "ebitda": 186800000,
        "ebitdaratio": 0.1517218973,
        "operatingIncome": 130100000,
        "operatingIncomeRatio": 0.1056692658,
        "totalOtherIncomeExpensesNet": 4800000,
        "incomeBeforeTax": 134900000,
        "incomeBeforeTaxRatio": 0.1095679012,
        "incomeTaxExpense": 50600000,
        "netIncome": 84300000,
        "netIncomeRatio": 0.0684697856,
        "eps": 0.09,
        "epsdiluted": 0.09,
        "weightedAverageShsOut": 936666667,
        "weightedAverageShsOutDil": 936666667,
        "link": "https://www.sec.gov/Archives/edgar/data/39911/000003991197000008/0000039911-97-000008-index.htm",
        "finalLink": "https://www.sec.gov/Archives/edgar/data/39911/000003991197000008/"
    },
    {
        "date": "1997-02-01",
        "symbol": "GPS",
        "reportedCurrency": "USD",
        "cik": "0000039911",
        "fillingDate": "1997-04-21",
        "acceptedDate": "1997-04-21 00:00:00",
        "calendarYear": "1996",
        "period": "Q4",
        "revenue": 1667900000,
        "costOfRevenue": 969700000,
        "grossProfit": 698200000,
        "grossProfitRatio": 0.4186102284,
        "researchAndDevelopmentExpenses": 0,
        "generalAndAdministrativeExpenses": 0,
        "sellingAndMarketingExpenses": 0,
        "sellingGeneralAndAdministrativeExpenses": 363700000,
        "otherExpenses": 58200000,
        "operatingExpenses": 421900000,
        "costAndExpenses": 1391600000,
        "interestIncome": 0,
        "interestExpense": 0,
        "depreciationAndAmortization": 58200000,
        "ebitda": 334500000,
        "ebitdaratio": 0.2005515918,
        "operatingIncome": 276300000,
        "operatingIncomeRatio": 0.1656574135,
        "totalOtherIncomeExpensesNet": 6700000,
        "incomeBeforeTax": 283000000,
        "incomeBeforeTaxRatio": 0.1696744409,
        "incomeTaxExpense": 111800000,
        "netIncome": 171200000,
        "netIncomeRatio": 0.1026440434,
        "eps": 0.17,
        "epsdiluted": 0.17,
        "weightedAverageShsOut": 979200000,
        "weightedAverageShsOutDil": 979200000,
        "link": "https://www.sec.gov/Archives/edgar/data/39911/000101287097000791/0001012870-97-000791-index.htm",
        "finalLink": "https://www.sec.gov/Archives/edgar/data/39911/000101287097000791/"
    },
    {
        "date": "1996-11-02",
        "symbol": "GPS",
        "reportedCurrency": "USD",
        "cik": "0000039911",
        "fillingDate": "1996-12-17",
        "acceptedDate": "1996-12-17 00:00:00",
        "calendarYear": "1996",
        "period": "Q3",
        "revenue": 1383000000,
        "costOfRevenue": 787100000,
        "grossProfit": 595900000,
        "grossProfitRatio": 0.4308749096,
        "researchAndDevelopmentExpenses": 0,
        "generalAndAdministrativeExpenses": 0,
        "sellingAndMarketingExpenses": 0,
        "sellingGeneralAndAdministrativeExpenses": 328400000,
        "otherExpenses": 50700000,
        "operatingExpenses": 379100000,
        "costAndExpenses": 1166200000,
        "interestIncome": 0,
        "interestExpense": 0,
        "depreciationAndAmortization": 50700000,
        "ebitda": 267500000,
        "ebitdaratio": 0.1934201012,
        "operatingIncome": 216800000,
        "operatingIncomeRatio": 0.1567606652,
        "totalOtherIncomeExpensesNet": 5200000,
        "incomeBeforeTax": 222000000,
        "incomeBeforeTaxRatio": 0.1605206074,
        "incomeTaxExpense": 87700000,
        "netIncome": 134300000,
        "netIncomeRatio": 0.0971077368,
        "eps": 0.14,
        "epsdiluted": 0.14,
        "weightedAverageShsOut": 959285714,
        "weightedAverageShsOutDil": 959285714,
        "link": "https://www.sec.gov/Archives/edgar/data/39911/000003991196000028/0000039911-96-000028-index.htm",
        "finalLink": "https://www.sec.gov/Archives/edgar/data/39911/000003991196000028/"
    },
    {
        "date": "1996-08-03",
        "symbol": "GPS",
        "reportedCurrency": "USD",
        "cik": "0000039911",
        "fillingDate": "1996-09-17",
        "acceptedDate": "1996-09-17 00:00:00",
        "calendarYear": "1996",
        "period": "Q2",
        "revenue": 1120300000,
        "costOfRevenue": 666800000,
        "grossProfit": 453500000,
        "grossProfitRatio": 0.4048022851,
        "researchAndDevelopmentExpenses": 0,
        "generalAndAdministrativeExpenses": 0,
        "sellingAndMarketingExpenses": 0,
        "sellingGeneralAndAdministrativeExpenses": 295400000,
        "otherExpenses": 53400000,
        "operatingExpenses": 348800000,
        "costAndExpenses": 1015600000,
        "interestIncome": 0,
        "interestExpense": 0,
        "depreciationAndAmortization": 53400000,
        "ebitda": 158100000,
        "ebitdaratio": 0.1411229135,
        "operatingIncome": 104700000,
        "operatingIncomeRatio": 0.0934571097,
        "totalOtherIncomeExpensesNet": 4100000,
        "incomeBeforeTax": 108800000,
        "incomeBeforeTaxRatio": 0.0971168437,
        "incomeTaxExpense": 43000000,
        "netIncome": 65800000,
        "netIncomeRatio": 0.0587342676,
        "eps": 0.07,
        "epsdiluted": 0.07,
        "weightedAverageShsOut": 940000000,
        "weightedAverageShsOutDil": 940000000,
        "link": "https://www.sec.gov/Archives/edgar/data/39911/000003991196000016/0000039911-96-000016-index.htm",
        "finalLink": "https://www.sec.gov/Archives/edgar/data/39911/000003991196000016/"
    },
    {
        "date": "1996-05-04",
        "symbol": "GPS",
        "reportedCurrency": "USD",
        "cik": "0000039911",
        "fillingDate": "1996-06-18",
        "acceptedDate": "1996-06-18 00:00:00",
        "calendarYear": "1996",
        "period": "Q1",
        "revenue": 1113200000,
        "costOfRevenue": 646700000,
        "grossProfit": 466500000,
        "grossProfitRatio": 0.4190621631,
        "researchAndDevelopmentExpenses": 0,
        "generalAndAdministrativeExpenses": 0,
        "sellingAndMarketingExpenses": 0,
        "sellingGeneralAndAdministrativeExpenses": 282600000,
        "otherExpenses": 52600000,
        "operatingExpenses": 335200000,
        "costAndExpenses": 981900000,
        "interestIncome": 0,
        "interestExpense": 0,
        "depreciationAndAmortization": 52600000,
        "ebitda": 183900000,
        "ebitdaratio": 0.1651994251,
        "operatingIncome": 131300000,
        "operatingIncomeRatio": 0.1179482573,
        "totalOtherIncomeExpensesNet": 3600000,
        "incomeBeforeTax": 134900000,
        "incomeBeforeTaxRatio": 0.1211821775,
        "incomeTaxExpense": 53300000,
        "netIncome": 81600000,
        "netIncomeRatio": 0.0733021919,
        "eps": 0.09,
        "epsdiluted": 0.09,
        "weightedAverageShsOut": 906666667,
        "weightedAverageShsOutDil": 906666667,
        "link": "https://www.sec.gov/Archives/edgar/data/39911/000003991196000013/0000039911-96-000013-index.htm",
        "finalLink": "https://www.sec.gov/Archives/edgar/data/39911/000003991196000013/"
    },
    {
        "date": "1996-02-03",
        "symbol": "GPS",
        "reportedCurrency": "USD",
        "cik": "0000039911",
        "fillingDate": "1996-04-22",
        "acceptedDate": "1996-04-22 00:00:00",
        "calendarYear": "1995",
        "period": "Q4",
        "revenue": 1522200000,
        "costOfRevenue": 895900000,
        "grossProfit": 626300000,
        "grossProfitRatio": 0.4114439627,
        "researchAndDevelopmentExpenses": 0,
        "generalAndAdministrativeExpenses": 0,
        "sellingAndMarketingExpenses": 0,
        "sellingGeneralAndAdministrativeExpenses": 324800000,
        "otherExpenses": 50300000,
        "operatingExpenses": 375100000,
        "costAndExpenses": 1271000000,
        "interestIncome": 0,
        "interestExpense": 0,
        "depreciationAndAmortization": 50300000,
        "ebitda": 301500000,
        "ebitdaratio": 0.1980685849,
        "operatingIncome": 251200000,
        "operatingIncomeRatio": 0.1650243069,
        "totalOtherIncomeExpensesNet": 4400000,
        "incomeBeforeTax": 255600000,
        "incomeBeforeTaxRatio": 0.1679148601,
        "incomeTaxExpense": 101000000,
        "netIncome": 154600000,
        "netIncomeRatio": 0.1015635265,
        "eps": 0.16,
        "epsdiluted": 0.16,
        "weightedAverageShsOut": 979800000,
        "weightedAverageShsOutDil": 979800000,
        "link": "https://www.sec.gov/Archives/edgar/data/39911/000003991196000010/0000039911-96-000010-index.htm",
        "finalLink": "https://www.sec.gov/Archives/edgar/data/39911/000003991196000010/"
    },
    {
        "date": "1995-10-28",
        "symbol": "GPS",
        "reportedCurrency": "USD",
        "cik": "0000039911",
        "fillingDate": "1995-12-12",
        "acceptedDate": "1995-12-12 00:00:00",
        "calendarYear": "1995",
        "period": "Q3",
        "revenue": 1155900000,
        "costOfRevenue": 646300000,
        "grossProfit": 509600000,
        "grossProfitRatio": 0.4408685872,
        "researchAndDevelopmentExpenses": 0,
        "generalAndAdministrativeExpenses": 0,
        "sellingAndMarketingExpenses": 0,
        "sellingGeneralAndAdministrativeExpenses": 266900000,
        "otherExpenses": 51600000,
        "operatingExpenses": 318500000,
        "costAndExpenses": 964800000,
        "interestIncome": 0,
        "interestExpense": 0,
        "depreciationAndAmortization": 51600000,
        "ebitda": 242700000,
        "ebitdaratio": 0.2099662601,
        "operatingIncome": 191100000,
        "operatingIncomeRatio": 0.1653257202,
        "totalOtherIncomeExpensesNet": 2100000,
        "incomeBeforeTax": 193200000,
        "incomeBeforeTaxRatio": 0.1671424864,
        "incomeTaxExpense": 76300000,
        "netIncome": 116900000,
        "netIncomeRatio": 0.101133316,
        "eps": 0.12,
        "epsdiluted": 0.12,
        "weightedAverageShsOut": 974166667,
        "weightedAverageShsOutDil": 974166667,
        "link": "https://www.sec.gov/Archives/edgar/data/39911/000003991195000026/0000039911-95-000026-index.htm",
        "finalLink": "https://www.sec.gov/Archives/edgar/data/39911/000003991195000026/"
    },
    {
        "date": "1995-07-29",
        "symbol": "GPS",
        "reportedCurrency": "USD",
        "cik": "0000039911",
        "fillingDate": "1995-09-12",
        "acceptedDate": "1995-09-12 00:00:00",
        "calendarYear": "1995",
        "period": "Q2",
        "revenue": 868500000,
        "costOfRevenue": 559200000,
        "grossProfit": 309300000,
        "grossProfitRatio": 0.3561312608,
        "researchAndDevelopmentExpenses": 0,
        "generalAndAdministrativeExpenses": 0,
        "sellingAndMarketingExpenses": 0,
        "sellingGeneralAndAdministrativeExpenses": 210000000,
        "otherExpenses": 50100000,
        "operatingExpenses": 260100000,
        "costAndExpenses": 819300000,
        "interestIncome": 0,
        "interestExpense": 0,
        "depreciationAndAmortization": 50100000,
        "ebitda": 99300000,
        "ebitdaratio": 0.1143350604,
        "operatingIncome": 49200000,
        "operatingIncomeRatio": 0.0566493955,
        "totalOtherIncomeExpensesNet": 4400000,
        "incomeBeforeTax": 53600000,
        "incomeBeforeTaxRatio": 0.0617156016,
        "incomeTaxExpense": 21200000,
        "netIncome": 32400000,
        "netIncomeRatio": 0.0373056995,
        "eps": 0.03,
        "epsdiluted": 0.03,
        "weightedAverageShsOut": 1080000000,
        "weightedAverageShsOutDil": 1080000000,
        "link": "https://www.sec.gov/Archives/edgar/data/39911/000003991195000023/0000039911-95-000023-index.htm",
        "finalLink": "https://www.sec.gov/Archives/edgar/data/39911/000003991195000023/"
    },
    {
        "date": "1995-04-29",
        "symbol": "GPS",
        "reportedCurrency": "USD",
        "cik": "0000039911",
        "fillingDate": "1995-06-13",
        "acceptedDate": "1995-06-13 00:00:00",
        "calendarYear": "1995",
        "period": "Q1",
        "revenue": 848700000,
        "costOfRevenue": 522700000,
        "grossProfit": 326000000,
        "grossProfitRatio": 0.3841168846,
        "researchAndDevelopmentExpenses": 0,
        "generalAndAdministrativeExpenses": 0,
        "sellingAndMarketingExpenses": 0,
        "sellingGeneralAndAdministrativeExpenses": 202600000,
        "otherExpenses": 45400000,
        "operatingExpenses": 248000000,
        "costAndExpenses": 770700000,
        "interestIncome": 0,
        "interestExpense": 0,
        "depreciationAndAmortization": 45400000,
        "ebitda": 123400000,
        "ebitdaratio": 0.1453988453,
        "operatingIncome": 78000000,
        "operatingIncomeRatio": 0.0919052669,
        "totalOtherIncomeExpensesNet": 4800000,
        "incomeBeforeTax": 82800000,
        "incomeBeforeTaxRatio": 0.0975609756,
        "incomeTaxExpense": 32700000,
        "netIncome": 50100000,
        "netIncomeRatio": 0.0590314599,
        "eps": 0.05,
        "epsdiluted": 0.05,
        "weightedAverageShsOut": 1002000000,
        "weightedAverageShsOutDil": 1002000000,
        "link": "https://www.sec.gov/Archives/edgar/data/39911/000003991195000019/0000039911-95-000019-index.htm",
        "finalLink": "https://www.sec.gov/Archives/edgar/data/39911/000003991195000019/"
    },
    {
        "date": "1995-01-28",
        "symbol": "GPS",
        "reportedCurrency": "USD",
        "cik": "0000039911",
        "fillingDate": "1995-04-21",
        "acceptedDate": "1995-04-21 00:00:00",
        "calendarYear": "1994",
        "period": "Q4",
        "revenue": 1209800000,
        "costOfRevenue": 726700000,
        "grossProfit": 483100000,
        "grossProfitRatio": 0.399322202,
        "researchAndDevelopmentExpenses": 0,
        "generalAndAdministrativeExpenses": 0,
        "sellingAndMarketingExpenses": 0,
        "sellingGeneralAndAdministrativeExpenses": 247700000,
        "otherExpenses": 44600000,
        "operatingExpenses": 292300000,
        "costAndExpenses": 1019000000,
        "interestIncome": 0,
        "interestExpense": 0,
        "depreciationAndAmortization": 44600000,
        "ebitda": 235400000,
        "ebitdaratio": 0.1945776161,
        "operatingIncome": 190800000,
        "operatingIncomeRatio": 0.1577120185,
        "totalOtherIncomeExpensesNet": 5500000,
        "incomeBeforeTax": 196300000,
        "incomeBeforeTaxRatio": 0.1622582245,
        "incomeTaxExpense": 77600000,
        "netIncome": 118700000,
        "netIncomeRatio": 0.098115391,
        "eps": 0.12,
        "epsdiluted": 0.12,
        "weightedAverageShsOut": 977600000,
        "weightedAverageShsOutDil": 977600000,
        "link": "https://www.sec.gov/Archives/edgar/data/39911/000003991195000015/0000039911-95-000015-index.htm",
        "finalLink": "https://www.sec.gov/Archives/edgar/data/39911/000003991195000015/"
    },
    {
        "date": "1994-10-29",
        "symbol": "GPS",
        "reportedCurrency": "USD",
        "cik": "0000039911",
        "fillingDate": "1994-12-13",
        "acceptedDate": "1994-12-13 00:00:00",
        "calendarYear": "1994",
        "period": "Q3",
        "revenue": 988300000,
        "costOfRevenue": 566800000,
        "grossProfit": 421500000,
        "grossProfitRatio": 0.4264899322,
        "researchAndDevelopmentExpenses": 0,
        "generalAndAdministrativeExpenses": 0,
        "sellingAndMarketingExpenses": 0,
        "sellingGeneralAndAdministrativeExpenses": 227700000,
        "otherExpenses": 42700000,
        "operatingExpenses": 270400000,
        "costAndExpenses": 837200000,
        "interestIncome": 0,
        "interestExpense": 0,
        "depreciationAndAmortization": 42700000,
        "ebitda": 193800000,
        "ebitdaratio": 0.1960943033,
        "operatingIncome": 151100000,
        "operatingIncomeRatio": 0.1528887989,
        "totalOtherIncomeExpensesNet": 3600000,
        "incomeBeforeTax": 154700000,
        "incomeBeforeTaxRatio": 0.1565314176,
        "incomeTaxExpense": 61100000,
        "netIncome": 93600000,
        "netIncomeRatio": 0.0947080846,
        "eps": 0.09,
        "epsdiluted": 0.09,
        "weightedAverageShsOut": 1040000000,
        "weightedAverageShsOutDil": 1040000000,
        "link": "https://www.sec.gov/Archives/edgar/data/39911/000003991194000035/0000039911-94-000035-index.htm",
        "finalLink": "https://www.sec.gov/Archives/edgar/data/39911/000003991194000035/"
    },
    {
        "date": "1994-07-30",
        "symbol": "GPS",
        "reportedCurrency": "USD",
        "cik": "0000039911",
        "fillingDate": "1994-09-12",
        "acceptedDate": "1994-09-12 00:00:00",
        "calendarYear": "1994",
        "period": "Q2",
        "revenue": 773100000,
        "costOfRevenue": 466000000,
        "grossProfit": 307100000,
        "grossProfitRatio": 0.3972319234,
        "researchAndDevelopmentExpenses": 0,
        "generalAndAdministrativeExpenses": 0,
        "sellingAndMarketingExpenses": 0,
        "sellingGeneralAndAdministrativeExpenses": 192400000,
        "otherExpenses": 41900000,
        "operatingExpenses": 234300000,
        "costAndExpenses": 700300000,
        "interestIncome": 0,
        "interestExpense": 0,
        "depreciationAndAmortization": 41900000,
        "ebitda": 114700000,
        "ebitdaratio": 0.1483637304,
        "operatingIncome": 72800000,
        "operatingIncomeRatio": 0.0941663433,
        "totalOtherIncomeExpensesNet": 600000,
        "incomeBeforeTax": 73400000,
        "incomeBeforeTaxRatio": 0.0949424395,
        "incomeTaxExpense": 29000000,
        "netIncome": 44400000,
        "netIncomeRatio": 0.0574311215,
        "eps": 0.05,
        "epsdiluted": 0.05,
        "weightedAverageShsOut": 888000000,
        "weightedAverageShsOutDil": 888000000,
        "link": "https://www.sec.gov/Archives/edgar/data/39911/000003991194000025/0000039911-94-000025-index.htm",
        "finalLink": "https://www.sec.gov/Archives/edgar/data/39911/000003991194000025/"
    },
    {
        "date": "1994-04-30",
        "symbol": "GPS",
        "reportedCurrency": "USD",
        "cik": "0000039911",
        "fillingDate": "1994-06-13",
        "acceptedDate": "1994-06-13 00:00:00",
        "calendarYear": "1994",
        "period": "Q1",
        "revenue": 751700000,
        "costOfRevenue": 423100000,
        "grossProfit": 328600000,
        "grossProfitRatio": 0.4371424771,
        "researchAndDevelopmentExpenses": 0,
        "generalAndAdministrativeExpenses": 185700000,
        "sellingAndMarketingExpenses": 0,
        "sellingGeneralAndAdministrativeExpenses": 185700000,
        "otherExpenses": 39000000,
        "operatingExpenses": 224700000,
        "costAndExpenses": 647800000,
        "interestIncome": 0,
        "interestExpense": 0,
        "depreciationAndAmortization": 39000000,
        "ebitda": 142900000,
        "ebitdaratio": 0.1901024345,
        "operatingIncome": 103900000,
        "operatingIncomeRatio": 0.1382200346,
        "totalOtherIncomeExpensesNet": 1000000,
        "incomeBeforeTax": 104900000,
        "incomeBeforeTaxRatio": 0.1395503525,
        "incomeTaxExpense": 41400000,
        "netIncome": 63500000,
        "netIncomeRatio": 0.0844751896,
        "eps": 0.07,
        "epsdiluted": 0.07,
        "weightedAverageShsOut": 907142857,
        "weightedAverageShsOutDil": 907142857,
        "link": "https://www.sec.gov/Archives/edgar/data/39911/000003991194000019/0000039911-94-000019-index.htm",
        "finalLink": "https://www.sec.gov/Archives/edgar/data/39911/000003991194000019/"
    },
    {
        "date": "1994-01-29",
        "symbol": "GPS",
        "reportedCurrency": "USD",
        "cik": "0000039911",
        "fillingDate": "1994-04-22",
        "acceptedDate": "1994-04-22 00:00:00",
        "calendarYear": "1993",
        "period": "Q4",
        "revenue": 1060300000,
        "costOfRevenue": 607800000,
        "grossProfit": 452500000,
        "grossProfitRatio": 0.4267660096,
        "researchAndDevelopmentExpenses": 0,
        "generalAndAdministrativeExpenses": 0,
        "sellingAndMarketingExpenses": 0,
        "sellingGeneralAndAdministrativeExpenses": 233900000,
        "otherExpenses": 38600000,
        "operatingExpenses": 272500000,
        "costAndExpenses": 880300000,
        "interestIncome": 0,
        "interestExpense": 0,
        "depreciationAndAmortization": 38600000,
        "ebitda": 218600000,
        "ebitdaratio": 0.2061680656,
        "operatingIncome": 180000000,
        "operatingIncomeRatio": 0.1697632745,
        "totalOtherIncomeExpensesNet": 700000,
        "incomeBeforeTax": 180700000,
        "incomeBeforeTaxRatio": 0.1704234651,
        "incomeTaxExpense": 71400000,
        "netIncome": 109300000,
        "netIncomeRatio": 0.1030840328,
        "eps": 0.11,
        "epsdiluted": 0.11,
        "weightedAverageShsOut": 986250000,
        "weightedAverageShsOutDil": 986250000,
        "link": "https://www.sec.gov/Archives/edgar/data/39911/000003991194000014/0000039911-94-000014-index.htm",
        "finalLink": "https://www.sec.gov/Archives/edgar/data/39911/000003991194000014/"
    },
    {
        "date": "1993-10-31",
        "symbol": "GPS",
        "reportedCurrency": "USD",
        "cik": "0000039911",
        "fillingDate": "1993-10-31",
        "acceptedDate": "1993-10-31 00:00:00",
        "calendarYear": "1993",
        "period": "Q3",
        "revenue": 898700000,
        "costOfRevenue": 521800000,
        "grossProfit": 376900000,
        "grossProfitRatio": 0.419383554,
        "researchAndDevelopmentExpenses": 0,
        "generalAndAdministrativeExpenses": 0,
        "sellingAndMarketingExpenses": 0,
        "sellingGeneralAndAdministrativeExpenses": 209100000,
        "otherExpenses": 37000000,
        "operatingExpenses": 246100000,
        "costAndExpenses": 767900000,
        "interestIncome": 0,
        "interestExpense": 0,
        "depreciationAndAmortization": 37000000,
        "ebitda": 167800000,
        "ebitdaratio": 0.1867141427,
        "operatingIncome": 130800000,
        "operatingIncomeRatio": 0.1455435629,
        "totalOtherIncomeExpensesNet": -400000,
        "incomeBeforeTax": 130400000,
        "incomeBeforeTaxRatio": 0.1450984756,
        "incomeTaxExpense": 51500000,
        "netIncome": 78900000,
        "netIncomeRatio": 0.0877934795,
        "eps": 0.08,
        "epsdiluted": 0.08,
        "weightedAverageShsOut": 986250000,
        "weightedAverageShsOutDil": 986250000,
        "link": null,
        "finalLink": null
    },
    {
        "date": "1993-07-31",
        "symbol": "GPS",
        "reportedCurrency": "USD",
        "cik": "0000039911",
        "fillingDate": "1993-07-31",
        "acceptedDate": "1993-07-31 00:00:00",
        "calendarYear": "1993",
        "period": "Q2",
        "revenue": 693200000,
        "costOfRevenue": 458500000,
        "grossProfit": 234700000,
        "grossProfitRatio": 0.3385747259,
        "researchAndDevelopmentExpenses": 0,
        "generalAndAdministrativeExpenses": 0,
        "sellingAndMarketingExpenses": 0,
        "sellingGeneralAndAdministrativeExpenses": 153300000,
        "otherExpenses": 34200000,
        "operatingExpenses": 187500000,
        "costAndExpenses": 646000000,
        "interestIncome": 0,
        "interestExpense": 0,
        "depreciationAndAmortization": 34200000,
        "ebitda": 81400000,
        "ebitdaratio": 0.1174264282,
        "operatingIncome": 47200000,
        "operatingIncomeRatio": 0.0680900173,
        "totalOtherIncomeExpensesNet": -400000,
        "incomeBeforeTax": 46800000,
        "incomeBeforeTaxRatio": 0.0675129833,
        "incomeTaxExpense": 18100000,
        "netIncome": 28700000,
        "netIncomeRatio": 0.0414021927,
        "eps": 0.03,
        "epsdiluted": 0.03,
        "weightedAverageShsOut": 956666667,
        "weightedAverageShsOutDil": 956666667,
        "link": null,
        "finalLink": null
    },
    {
        "date": "1993-04-30",
        "symbol": "GPS",
        "reportedCurrency": "USD",
        "cik": "0000039911",
        "fillingDate": "1993-04-30",
        "acceptedDate": "1993-04-30 00:00:00",
        "calendarYear": "1993",
        "period": "Q1",
        "revenue": 643600000,
        "costOfRevenue": 392000000,
        "grossProfit": 251600000,
        "grossProfitRatio": 0.390926041,
        "researchAndDevelopmentExpenses": 0,
        "generalAndAdministrativeExpenses": 0,
        "sellingAndMarketingExpenses": 0,
        "sellingGeneralAndAdministrativeExpenses": 151900000,
        "otherExpenses": 32000000,
        "operatingExpenses": 183900000,
        "costAndExpenses": 575900000,
        "interestIncome": 0,
        "interestExpense": 0,
        "depreciationAndAmortization": 32000000,
        "ebitda": 99700000,
        "ebitdaratio": 0.1549098819,
        "operatingIncome": 67700000,
        "operatingIncomeRatio": 0.1051895587,
        "totalOtherIncomeExpensesNet": -800000,
        "incomeBeforeTax": 66900000,
        "incomeBeforeTaxRatio": 0.1039465507,
        "incomeTaxExpense": 25400000,
        "netIncome": 41500000,
        "netIncomeRatio": 0.0644810441,
        "eps": 0.05,
        "epsdiluted": 0.05,
        "weightedAverageShsOut": 830000000,
        "weightedAverageShsOutDil": 830000000,
        "link": null,
        "finalLink": null
    },
    {
        "date": "1993-01-31",
        "symbol": "GPS",
        "reportedCurrency": "USD",
        "cik": "0000039911",
        "fillingDate": "1993-01-31",
        "acceptedDate": "1993-01-31 00:00:00",
        "calendarYear": "1992",
        "period": "Q4",
        "revenue": 930200000,
        "costOfRevenue": 595700000,
        "grossProfit": 334500000,
        "grossProfitRatio": 0.359600086,
        "researchAndDevelopmentExpenses": 0,
        "generalAndAdministrativeExpenses": 0,
        "sellingAndMarketingExpenses": 0,
        "sellingGeneralAndAdministrativeExpenses": 195600000,
        "otherExpenses": 32100000,
        "operatingExpenses": 227700000,
        "costAndExpenses": 823400000,
        "interestIncome": 0,
        "interestExpense": 0,
        "depreciationAndAmortization": 32100000,
        "ebitda": 138900000,
        "ebitdaratio": 0.1493227263,
        "operatingIncome": 106800000,
        "operatingIncomeRatio": 0.1148140185,
        "totalOtherIncomeExpensesNet": -900000,
        "incomeBeforeTax": 105900000,
        "incomeBeforeTaxRatio": 0.1138464846,
        "incomeTaxExpense": 40200000,
        "netIncome": 65700000,
        "netIncomeRatio": 0.070629972,
        "eps": 0.0742,
        "epsdiluted": 0.0742,
        "weightedAverageShsOut": 885714286,
        "weightedAverageShsOutDil": 885714286,
        "link": null,
        "finalLink": null
    },
    {
        "date": "1992-10-31",
        "symbol": "GPS",
        "reportedCurrency": "USD",
        "cik": "0000039911",
        "fillingDate": "1992-10-31",
        "acceptedDate": "1992-10-31 00:00:00",
        "calendarYear": "1992",
        "period": "Q3",
        "revenue": 827200000,
        "costOfRevenue": 505700000,
        "grossProfit": 321500000,
        "grossProfitRatio": 0.3886605416,
        "researchAndDevelopmentExpenses": 0,
        "generalAndAdministrativeExpenses": 0,
        "sellingAndMarketingExpenses": 0,
        "sellingGeneralAndAdministrativeExpenses": 190200000,
        "otherExpenses": 29700000,
        "operatingExpenses": 219900000,
        "costAndExpenses": 725600000,
        "interestIncome": 0,
        "interestExpense": 0,
        "depreciationAndAmortization": 29700000,
        "ebitda": 131300000,
        "ebitdaratio": 0.1587282398,
        "operatingIncome": 101600000,
        "operatingIncomeRatio": 0.1228239845,
        "totalOtherIncomeExpensesNet": -1600000,
        "incomeBeforeTax": 100000000,
        "incomeBeforeTaxRatio": 0.1208897485,
        "incomeTaxExpense": 38000000,
        "netIncome": 62000000,
        "netIncomeRatio": 0.0749516441,
        "eps": 0.07,
        "epsdiluted": 0.07,
        "weightedAverageShsOut": 885714286,
        "weightedAverageShsOutDil": 885714286,
        "link": null,
        "finalLink": null
    },
    {
        "date": "1992-07-31",
        "symbol": "GPS",
        "reportedCurrency": "USD",
        "cik": "0000039911",
        "fillingDate": "1992-07-31",
        "acceptedDate": "1992-07-31 00:00:00",
        "calendarYear": "1992",
        "period": "Q2",
        "revenue": 614100000,
        "costOfRevenue": 384200000,
        "grossProfit": 229900000,
        "grossProfitRatio": 0.3743689953,
        "researchAndDevelopmentExpenses": 0,
        "generalAndAdministrativeExpenses": 0,
        "sellingAndMarketingExpenses": 0,
        "sellingGeneralAndAdministrativeExpenses": 139900000,
        "otherExpenses": 28000000,
        "operatingExpenses": 167900000,
        "costAndExpenses": 552100000,
        "interestIncome": 0,
        "interestExpense": 0,
        "depreciationAndAmortization": 28000000,
        "ebitda": 90000000,
        "ebitdaratio": 0.1465559355,
        "operatingIncome": 62000000,
        "operatingIncomeRatio": 0.1009607556,
        "totalOtherIncomeExpensesNet": -1200000,
        "incomeBeforeTax": 60800000,
        "incomeBeforeTaxRatio": 0.0990066764,
        "incomeTaxExpense": 23100000,
        "netIncome": 37700000,
        "netIncomeRatio": 0.061390653,
        "eps": 0.04,
        "epsdiluted": 0.04,
        "weightedAverageShsOut": 942500000,
        "weightedAverageShsOutDil": 942500000,
        "link": null,
        "finalLink": null
    },
    {
        "date": "1992-04-30",
        "symbol": "GPS",
        "reportedCurrency": "USD",
        "cik": "0000039911",
        "fillingDate": "1992-04-30",
        "acceptedDate": "1992-04-30 00:00:00",
        "calendarYear": "1992",
        "period": "Q1",
        "revenue": 588900000,
        "costOfRevenue": 356100000,
        "grossProfit": 232800000,
        "grossProfitRatio": 0.395313296,
        "researchAndDevelopmentExpenses": 0,
        "generalAndAdministrativeExpenses": 0,
        "sellingAndMarketingExpenses": 0,
        "sellingGeneralAndAdministrativeExpenses": 135600000,
        "otherExpenses": 24200000,
        "operatingExpenses": 159800000,
        "costAndExpenses": 515900000,
        "interestIncome": 0,
        "interestExpense": 0,
        "depreciationAndAmortization": 24200000,
        "ebitda": 97200000,
        "ebitdaratio": 0.1650534896,
        "operatingIncome": 73000000,
        "operatingIncomeRatio": 0.1239599253,
        "totalOtherIncomeExpensesNet": 0,
        "incomeBeforeTax": 73000000,
        "incomeBeforeTaxRatio": 0.1239599253,
        "incomeTaxExpense": 27700000,
        "netIncome": 45300000,
        "netIncomeRatio": 0.0769230769,
        "eps": 0.05,
        "epsdiluted": 0.05,
        "weightedAverageShsOut": 906000000,
        "weightedAverageShsOutDil": 906000000,
        "link": null,
        "finalLink": null
    },
    {
        "date": "1992-01-31",
        "symbol": "GPS",
        "reportedCurrency": "USD",
        "cik": "0000039911",
        "fillingDate": "1992-01-31",
        "acceptedDate": "1992-01-31 00:00:00",
        "calendarYear": "1991",
        "period": "Q4",
        "revenue": 803500000,
        "costOfRevenue": 467500000,
        "grossProfit": 336000000,
        "grossProfitRatio": 0.418170504,
        "researchAndDevelopmentExpenses": 0,
        "generalAndAdministrativeExpenses": 0,
        "sellingAndMarketingExpenses": 0,
        "sellingGeneralAndAdministrativeExpenses": 174400000,
        "otherExpenses": 26400000,
        "operatingExpenses": 200800000,
        "costAndExpenses": 668300000,
        "interestIncome": 0,
        "interestExpense": 0,
        "depreciationAndAmortization": 26400000,
        "ebitda": 161600000,
        "ebitdaratio": 0.2011200996,
        "operatingIncome": 135200000,
        "operatingIncomeRatio": 0.1682638457,
        "totalOtherIncomeExpensesNet": 300000,
        "incomeBeforeTax": 135500000,
        "incomeBeforeTaxRatio": 0.1686372122,
        "incomeTaxExpense": 51500000,
        "netIncome": 84000000,
        "netIncomeRatio": 0.104542626,
        "eps": 0.0831,
        "epsdiluted": 0.0831,
        "weightedAverageShsOut": 1011428571,
        "weightedAverageShsOutDil": 1011428571,
        "link": null,
        "finalLink": null
    },
    {
        "date": "1991-10-31",
        "symbol": "GPS",
        "reportedCurrency": "USD",
        "cik": "0000039911",
        "fillingDate": "1991-10-31",
        "acceptedDate": "1991-10-31 00:00:00",
        "calendarYear": "1991",
        "period": "Q3",
        "revenue": 702100000,
        "costOfRevenue": 404700000,
        "grossProfit": 297400000,
        "grossProfitRatio": 0.4235863837,
        "researchAndDevelopmentExpenses": 0,
        "generalAndAdministrativeExpenses": 0,
        "sellingAndMarketingExpenses": 0,
        "sellingGeneralAndAdministrativeExpenses": 162100000,
        "otherExpenses": 19600000,
        "operatingExpenses": 181700000,
        "costAndExpenses": 586400000,
        "interestIncome": 0,
        "interestExpense": 0,
        "depreciationAndAmortization": 19600000,
        "ebitda": 135300000,
        "ebitdaratio": 0.1927075915,
        "operatingIncome": 115700000,
        "operatingIncomeRatio": 0.1647913403,
        "totalOtherIncomeExpensesNet": -1500000,
        "incomeBeforeTax": 114200000,
        "incomeBeforeTaxRatio": 0.1626548925,
        "incomeTaxExpense": 43400000,
        "netIncome": 70800000,
        "netIncomeRatio": 0.1008403361,
        "eps": 0.07,
        "epsdiluted": 0.07,
        "weightedAverageShsOut": 1011428571,
        "weightedAverageShsOutDil": 1011428571,
        "link": null,
        "finalLink": null
    },
    {
        "date": "1991-07-31",
        "symbol": "GPS",
        "reportedCurrency": "USD",
        "cik": "0000039911",
        "fillingDate": "1991-07-31",
        "acceptedDate": "1991-07-31 00:00:00",
        "calendarYear": "1991",
        "period": "Q2",
        "revenue": 523100000,
        "costOfRevenue": 324800000,
        "grossProfit": 198300000,
        "grossProfitRatio": 0.3790862168,
        "researchAndDevelopmentExpenses": 0,
        "generalAndAdministrativeExpenses": 0,
        "sellingAndMarketingExpenses": 0,
        "sellingGeneralAndAdministrativeExpenses": 123700000,
        "otherExpenses": 18800000,
        "operatingExpenses": 142500000,
        "costAndExpenses": 467300000,
        "interestIncome": 0,
        "interestExpense": 0,
        "depreciationAndAmortization": 18800000,
        "ebitda": 74600000,
        "ebitdaratio": 0.1426113554,
        "operatingIncome": 55800000,
        "operatingIncomeRatio": 0.1066717645,
        "totalOtherIncomeExpensesNet": -1700000,
        "incomeBeforeTax": 54100000,
        "incomeBeforeTaxRatio": 0.1034219079,
        "incomeTaxExpense": 19900000,
        "netIncome": 34200000,
        "netIncomeRatio": 0.0653794686,
        "eps": 0.03,
        "epsdiluted": 0.03,
        "weightedAverageShsOut": 1140000000,
        "weightedAverageShsOutDil": 1140000000,
        "link": null,
        "finalLink": null
    },
    {
        "date": "1991-04-30",
        "symbol": "GPS",
        "reportedCurrency": "USD",
        "cik": "0000039911",
        "fillingDate": "1991-04-30",
        "acceptedDate": "1991-04-30 00:00:00",
        "calendarYear": "1991",
        "period": "Q1",
        "revenue": 490300000,
        "costOfRevenue": 289700000,
        "grossProfit": 200600000,
        "grossProfitRatio": 0.4091372629,
        "researchAndDevelopmentExpenses": 0,
        "generalAndAdministrativeExpenses": 0,
        "sellingAndMarketingExpenses": 0,
        "sellingGeneralAndAdministrativeExpenses": 115500000,
        "otherExpenses": 17300000,
        "operatingExpenses": 132800000,
        "costAndExpenses": 422500000,
        "interestIncome": 0,
        "interestExpense": 0,
        "depreciationAndAmortization": 17300000,
        "ebitda": 85100000,
        "ebitdaratio": 0.1735672038,
        "operatingIncome": 67800000,
        "operatingIncomeRatio": 0.1382826841,
        "totalOtherIncomeExpensesNet": -700000,
        "incomeBeforeTax": 67100000,
        "incomeBeforeTaxRatio": 0.1368549867,
        "incomeTaxExpense": 26200000,
        "netIncome": 40900000,
        "netIncomeRatio": 0.0834183153,
        "eps": 0.05,
        "epsdiluted": 0.05,
        "weightedAverageShsOut": 818000000,
        "weightedAverageShsOutDil": 818000000,
        "link": null,
        "finalLink": null
    },
    {
        "date": "1991-01-31",
        "symbol": "GPS",
        "reportedCurrency": "USD",
        "cik": "0000039911",
        "fillingDate": "1991-01-31",
        "acceptedDate": "1991-01-31 00:00:00",
        "calendarYear": "1990",
        "period": "Q4",
        "revenue": 624700000,
        "costOfRevenue": 372300000,
        "grossProfit": 252400000,
        "grossProfitRatio": 0.4040339363,
        "researchAndDevelopmentExpenses": 0,
        "generalAndAdministrativeExpenses": 0,
        "sellingAndMarketingExpenses": 0,
        "sellingGeneralAndAdministrativeExpenses": 140000000,
        "otherExpenses": 19900000,
        "operatingExpenses": 159900000,
        "costAndExpenses": 532200000,
        "interestIncome": 0,
        "interestExpense": 0,
        "depreciationAndAmortization": 19900000,
        "ebitda": 112400000,
        "ebitdaratio": 0.1799263647,
        "operatingIncome": 92500000,
        "operatingIncomeRatio": 0.1480710741,
        "totalOtherIncomeExpensesNet": 100000,
        "incomeBeforeTax": 92600000,
        "incomeBeforeTaxRatio": 0.148231151,
        "incomeTaxExpense": 36100000,
        "netIncome": 56500000,
        "netIncomeRatio": 0.0904434128,
        "eps": 0.0592,
        "epsdiluted": 0.0592,
        "weightedAverageShsOut": 954000000,
        "weightedAverageShsOutDil": 954000000,
        "link": null,
        "finalLink": null
    },
    {
        "date": "1990-10-31",
        "symbol": "GPS",
        "reportedCurrency": "USD",
        "cik": "0000039911",
        "fillingDate": "1990-10-31",
        "acceptedDate": "1990-10-31 00:00:00",
        "calendarYear": "1990",
        "period": "Q3",
        "revenue": 501700000,
        "costOfRevenue": 290000000,
        "grossProfit": 211700000,
        "grossProfitRatio": 0.4219653179,
        "researchAndDevelopmentExpenses": 0,
        "generalAndAdministrativeExpenses": 0,
        "sellingAndMarketingExpenses": 0,
        "sellingGeneralAndAdministrativeExpenses": 117300000,
        "otherExpenses": 15400000,
        "operatingExpenses": 132700000,
        "costAndExpenses": 422700000,
        "interestIncome": 0,
        "interestExpense": 0,
        "depreciationAndAmortization": 15400000,
        "ebitda": 94400000,
        "ebitdaratio": 0.1881602551,
        "operatingIncome": 79000000,
        "operatingIncomeRatio": 0.1574646203,
        "totalOtherIncomeExpensesNet": -800000,
        "incomeBeforeTax": 78200000,
        "incomeBeforeTaxRatio": 0.1558700419,
        "incomeTaxExpense": 30500000,
        "netIncome": 47700000,
        "netIncomeRatio": 0.0950767391,
        "eps": 0.05,
        "epsdiluted": 0.05,
        "weightedAverageShsOut": 954000000,
        "weightedAverageShsOutDil": 954000000,
        "link": null,
        "finalLink": null
    },
    {
        "date": "1990-07-31",
        "symbol": "GPS",
        "reportedCurrency": "USD",
        "cik": "0000039911",
        "fillingDate": "1990-07-31",
        "acceptedDate": "1990-07-31 00:00:00",
        "calendarYear": "1990",
        "period": "Q2",
        "revenue": 405000000,
        "costOfRevenue": 260100000,
        "grossProfit": 144900000,
        "grossProfitRatio": 0.3577777778,
        "researchAndDevelopmentExpenses": 0,
        "generalAndAdministrativeExpenses": 0,
        "sellingAndMarketingExpenses": 0,
        "sellingGeneralAndAdministrativeExpenses": 100000000,
        "otherExpenses": 13800000,
        "operatingExpenses": 113800000,
        "costAndExpenses": 373900000,
        "interestIncome": 0,
        "interestExpense": 0,
        "depreciationAndAmortization": 13800000,
        "ebitda": 44900000,
        "ebitdaratio": 0.1108641975,
        "operatingIncome": 31100000,
        "operatingIncomeRatio": 0.0767901235,
        "totalOtherIncomeExpensesNet": -200000,
        "incomeBeforeTax": 30900000,
        "incomeBeforeTaxRatio": 0.0762962963,
        "incomeTaxExpense": 11700000,
        "netIncome": 19200000,
        "netIncomeRatio": 0.0474074074,
        "eps": 0.02,
        "epsdiluted": 0.02,
        "weightedAverageShsOut": 960000000,
        "weightedAverageShsOutDil": 960000000,
        "link": null,
        "finalLink": null
    },
    {
        "date": "1990-04-30",
        "symbol": "GPS",
        "reportedCurrency": "USD",
        "cik": "0000039911",
        "fillingDate": "1990-04-30",
        "acceptedDate": "1990-04-30 00:00:00",
        "calendarYear": "1990",
        "period": "Q1",
        "revenue": 402400000,
        "costOfRevenue": 257400000,
        "grossProfit": 145000000,
        "grossProfitRatio": 0.3603379722,
        "researchAndDevelopmentExpenses": 0,
        "generalAndAdministrativeExpenses": 0,
        "sellingAndMarketingExpenses": 0,
        "sellingGeneralAndAdministrativeExpenses": 96900000,
        "otherExpenses": 12400000,
        "operatingExpenses": 109300000,
        "costAndExpenses": 366700000,
        "interestIncome": 0,
        "interestExpense": 0,
        "depreciationAndAmortization": 12400000,
        "ebitda": 48100000,
        "ebitdaratio": 0.1195328032,
        "operatingIncome": 35700000,
        "operatingIncomeRatio": 0.0887176938,
        "totalOtherIncomeExpensesNet": -400000,
        "incomeBeforeTax": 35300000,
        "incomeBeforeTaxRatio": 0.0877236581,
        "incomeTaxExpense": 14100000,
        "netIncome": 21200000,
        "netIncomeRatio": 0.0526838966,
        "eps": 0.02,
        "epsdiluted": 0.02,
        "weightedAverageShsOut": 1060000000,
        "weightedAverageShsOutDil": 1060000000,
        "link": null,
        "finalLink": null
    },
    {
        "date": "1990-01-31",
        "symbol": "GPS",
        "reportedCurrency": "USD",
        "cik": "0000039911",
        "fillingDate": "1990-01-31",
        "acceptedDate": "1990-01-31 00:00:00",
        "calendarYear": "1989",
        "period": "Q4",
        "revenue": 545100000,
        "costOfRevenue": 350200000,
        "grossProfit": 194900000,
        "grossProfitRatio": 0.3575490736,
        "researchAndDevelopmentExpenses": 0,
        "generalAndAdministrativeExpenses": 0,
        "sellingAndMarketingExpenses": 0,
        "sellingGeneralAndAdministrativeExpenses": 110300000,
        "otherExpenses": 16400000,
        "operatingExpenses": 126700000,
        "costAndExpenses": 476900000,
        "interestIncome": 0,
        "interestExpense": 0,
        "depreciationAndAmortization": 16400000,
        "ebitda": 84600000,
        "ebitdaratio": 0.1552008806,
        "operatingIncome": 68200000,
        "operatingIncomeRatio": 0.1251146579,
        "totalOtherIncomeExpensesNet": -11200000,
        "incomeBeforeTax": 57000000,
        "incomeBeforeTaxRatio": 0.1045679692,
        "incomeTaxExpense": 22800000,
        "netIncome": 34200000,
        "netIncomeRatio": 0.0627407815,
        "eps": 0.04,
        "epsdiluted": 0.04,
        "weightedAverageShsOut": 831948052,
        "weightedAverageShsOutDil": 855000000,
        "link": null,
        "finalLink": null
    },
    {
        "date": "1989-10-31",
        "symbol": "GPS",
        "reportedCurrency": "USD",
        "cik": "0000039911",
        "fillingDate": "1989-10-31",
        "acceptedDate": "1989-10-31 00:00:00",
        "calendarYear": "1989",
        "period": "Q3",
        "revenue": 405600000,
        "costOfRevenue": 239000000,
        "grossProfit": 166600000,
        "grossProfitRatio": 0.4107495069,
        "researchAndDevelopmentExpenses": 0,
        "generalAndAdministrativeExpenses": 0,
        "sellingAndMarketingExpenses": 0,
        "sellingGeneralAndAdministrativeExpenses": 98700000,
        "otherExpenses": 9800000,
        "operatingExpenses": 108500000,
        "costAndExpenses": 347500000,
        "interestIncome": 0,
        "interestExpense": 0,
        "depreciationAndAmortization": 9900000,
        "ebitda": 68000000,
        "ebitdaratio": 0.16765286,
        "operatingIncome": 58100000,
        "operatingIncomeRatio": 0.1432445759,
        "totalOtherIncomeExpensesNet": -1100000,
        "incomeBeforeTax": 57000000,
        "incomeBeforeTaxRatio": 0.1405325444,
        "incomeTaxExpense": 22800000,
        "netIncome": 34200000,
        "netIncomeRatio": 0.0843195266,
        "eps": 0.04,
        "epsdiluted": 0.04,
        "weightedAverageShsOut": 855000000,
        "weightedAverageShsOutDil": 855000000,
        "link": null,
        "finalLink": null
    },
    {
        "date": "1989-07-31",
        "symbol": "GPS",
        "reportedCurrency": "USD",
        "cik": "0000039911",
        "fillingDate": "1989-07-31",
        "acceptedDate": "1989-07-30 20:00:00",
        "calendarYear": "1989",
        "period": "Q2",
        "revenue": 325900000,
        "costOfRevenue": 215900000,
        "grossProfit": 110000000,
        "grossProfitRatio": 0.3375268487,
        "researchAndDevelopmentExpenses": 0,
        "generalAndAdministrativeExpenses": 0,
        "sellingAndMarketingExpenses": 0,
        "sellingGeneralAndAdministrativeExpenses": 77500000,
        "otherExpenses": 8800000,
        "operatingExpenses": 86300000,
        "costAndExpenses": 302200000,
        "interestIncome": 0,
        "interestExpense": 0,
        "depreciationAndAmortization": 8800000,
        "ebitda": 32500000,
        "ebitdaratio": 0.0997238417,
        "operatingIncome": 23700000,
        "operatingIncomeRatio": 0.0727216938,
        "totalOtherIncomeExpensesNet": -600000,
        "incomeBeforeTax": 23100000,
        "incomeBeforeTaxRatio": 0.0708806382,
        "incomeTaxExpense": 9000000,
        "netIncome": 14100000,
        "netIncomeRatio": 0.0432648052,
        "eps": 0.01,
        "epsdiluted": 0.01,
        "weightedAverageShsOut": 950648000,
        "weightedAverageShsOutDil": 950648000,
        "link": "",
        "finalLink": ""
    },
    {
        "date": "1989-04-30",
        "symbol": "GPS",
        "reportedCurrency": "USD",
        "cik": "0000039911",
        "fillingDate": "1989-04-30",
        "acceptedDate": "1989-04-29 20:00:00",
        "calendarYear": "1989",
        "period": "Q1",
        "revenue": 309900000,
        "costOfRevenue": 0,
        "grossProfit": 309900000,
        "grossProfitRatio": 1,
        "researchAndDevelopmentExpenses": 0,
        "generalAndAdministrativeExpenses": 0,
        "sellingAndMarketingExpenses": 0,
        "sellingGeneralAndAdministrativeExpenses": 0,
        "otherExpenses": 0,
        "operatingExpenses": 0,
        "costAndExpenses": 0,
        "interestIncome": 0,
        "interestExpense": 0,
        "depreciationAndAmortization": 0,
        "ebitda": 309900000,
        "ebitdaratio": 1,
        "operatingIncome": 309900000,
        "operatingIncomeRatio": 1,
        "totalOtherIncomeExpensesNet": -309900000,
        "incomeBeforeTax": 0,
        "incomeBeforeTaxRatio": 0,
        "incomeTaxExpense": -15100000,
        "netIncome": 15100000,
        "netIncomeRatio": 0.0487253953,
        "eps": 0.02,
        "epsdiluted": 0.02,
        "weightedAverageShsOut": 950943000,
        "weightedAverageShsOutDil": 950943000,
        "link": "",
        "finalLink": ""
    },
    {
        "date": "1989-01-31",
        "symbol": "GPS",
        "reportedCurrency": "USD",
        "cik": "0000039911",
        "fillingDate": "1989-01-31",
        "acceptedDate": "1989-01-30 19:00:00",
        "calendarYear": "1988",
        "period": "Q4",
        "revenue": 423700000,
        "costOfRevenue": 0,
        "grossProfit": 423700000,
        "grossProfitRatio": 1,
        "researchAndDevelopmentExpenses": 0,
        "generalAndAdministrativeExpenses": 0,
        "sellingAndMarketingExpenses": 0,
        "sellingGeneralAndAdministrativeExpenses": 0,
        "otherExpenses": -1122800000,
        "operatingExpenses": -1122800000,
        "costAndExpenses": -1122800000,
        "interestIncome": 0,
        "interestExpense": 0,
        "depreciationAndAmortization": 0,
        "ebitda": -699100000,
        "ebitdaratio": -1.6499881992,
        "operatingIncome": -699100000,
        "operatingIncomeRatio": -1.6499881992,
        "totalOtherIncomeExpensesNet": 699100000,
        "incomeBeforeTax": 0,
        "incomeBeforeTaxRatio": 0,
        "incomeTaxExpense": -32200000,
        "netIncome": 32200000,
        "netIncomeRatio": 0.0759971678,
        "eps": 0.0330935592,
        "epsdiluted": 0.0330935592,
        "weightedAverageShsOut": 972999000,
        "weightedAverageShsOutDil": 972999000,
        "link": "",
        "finalLink": ""
    },
    {
        "date": "1988-10-31",
        "symbol": "GPS",
        "reportedCurrency": "USD",
        "cik": "0000039911",
        "fillingDate": "1988-10-31",
        "acceptedDate": "1988-10-30 19:00:00",
        "calendarYear": "1988",
        "period": "Q3",
        "revenue": 322800000,
        "costOfRevenue": 0,
        "grossProfit": 322800000,
        "grossProfitRatio": 1,
        "researchAndDevelopmentExpenses": 0,
        "generalAndAdministrativeExpenses": 0,
        "sellingAndMarketingExpenses": 0,
        "sellingGeneralAndAdministrativeExpenses": 0,
        "otherExpenses": 0,
        "operatingExpenses": 0,
        "costAndExpenses": 0,
        "interestIncome": 0,
        "interestExpense": 0,
        "depreciationAndAmortization": 0,
        "ebitda": 322800000,
        "ebitdaratio": 1,
        "operatingIncome": 322800000,
        "operatingIncomeRatio": 1,
        "totalOtherIncomeExpensesNet": -322800000,
        "incomeBeforeTax": 0,
        "incomeBeforeTaxRatio": 0,
        "incomeTaxExpense": -26600000,
        "netIncome": 26600000,
        "netIncomeRatio": 0.0824039653,
        "eps": 0.03,
        "epsdiluted": 0.03,
        "weightedAverageShsOut": 972999000,
        "weightedAverageShsOutDil": 972999000,
        "link": "",
        "finalLink": ""
    },
    {
        "date": "1988-07-31",
        "symbol": "GPS",
        "reportedCurrency": "USD",
        "cik": "0000039911",
        "fillingDate": "1988-07-31",
        "acceptedDate": "1988-07-30 20:00:00",
        "calendarYear": "1988",
        "period": "Q2",
        "revenue": 264300000,
        "costOfRevenue": 0,
        "grossProfit": 264300000,
        "grossProfitRatio": 1,
        "researchAndDevelopmentExpenses": 0,
        "generalAndAdministrativeExpenses": 0,
        "sellingAndMarketingExpenses": 0,
        "sellingGeneralAndAdministrativeExpenses": 0,
        "otherExpenses": 0,
        "operatingExpenses": 0,
        "costAndExpenses": 0,
        "interestIncome": 0,
        "interestExpense": 0,
        "depreciationAndAmortization": 0,
        "ebitda": 264300000,
        "ebitdaratio": 1,
        "operatingIncome": 264300000,
        "operatingIncomeRatio": 1,
        "totalOtherIncomeExpensesNet": -264300000,
        "incomeBeforeTax": 0,
        "incomeBeforeTaxRatio": 0,
        "incomeTaxExpense": -11000000,
        "netIncome": 11000000,
        "netIncomeRatio": 0.0416193719,
        "eps": 0.01,
        "epsdiluted": 0.01,
        "weightedAverageShsOut": 1024354000,
        "weightedAverageShsOutDil": 1024354000,
        "link": "",
        "finalLink": ""
    },
    {
        "date": "1988-04-30",
        "symbol": "GPS",
        "reportedCurrency": "USD",
        "cik": "0000039911",
        "fillingDate": "1988-04-30",
        "acceptedDate": "1988-04-29 20:00:00",
        "calendarYear": "1988",
        "period": "Q1",
        "revenue": 241300000,
        "costOfRevenue": 0,
        "grossProfit": 241300000,
        "grossProfitRatio": 1,
        "researchAndDevelopmentExpenses": 0,
        "generalAndAdministrativeExpenses": 0,
        "sellingAndMarketingExpenses": 0,
        "sellingGeneralAndAdministrativeExpenses": 0,
        "otherExpenses": 0,
        "operatingExpenses": 0,
        "costAndExpenses": 0,
        "interestIncome": 0,
        "interestExpense": 0,
        "depreciationAndAmortization": 0,
        "ebitda": 241300000,
        "ebitdaratio": 1,
        "operatingIncome": 241300000,
        "operatingIncomeRatio": 1,
        "totalOtherIncomeExpensesNet": -241300000,
        "incomeBeforeTax": 0,
        "incomeBeforeTaxRatio": 0,
        "incomeTaxExpense": -4400000,
        "netIncome": 4400000,
        "netIncomeRatio": 0.0182345628,
        "eps": 0.01,
        "epsdiluted": 0.01,
        "weightedAverageShsOut": 965852000,
        "weightedAverageShsOutDil": 965852000,
        "link": "",
        "finalLink": ""
    },
    {
        "date": "1988-01-31",
        "symbol": "GPS",
        "reportedCurrency": "USD",
        "cik": "0000039911",
        "fillingDate": "1988-01-31",
        "acceptedDate": "1988-01-30 19:00:00",
        "calendarYear": "1987",
        "period": "Q4",
        "revenue": 359600000,
        "costOfRevenue": 0,
        "grossProfit": 359600000,
        "grossProfitRatio": 1,
        "researchAndDevelopmentExpenses": 0,
        "generalAndAdministrativeExpenses": 0,
        "sellingAndMarketingExpenses": 0,
        "sellingGeneralAndAdministrativeExpenses": 0,
        "otherExpenses": -933400000,
        "operatingExpenses": -933400000,
        "costAndExpenses": -933400000,
        "interestIncome": 0,
        "interestExpense": 0,
        "depreciationAndAmortization": 0,
        "ebitda": -573800000,
        "ebitdaratio": -1.5956618465,
        "operatingIncome": -573800000,
        "operatingIncomeRatio": -1.5956618465,
        "totalOtherIncomeExpensesNet": 573800000,
        "incomeBeforeTax": 0,
        "incomeBeforeTaxRatio": 0,
        "incomeTaxExpense": -21700000,
        "netIncome": 21700000,
        "netIncomeRatio": 0.0603448276,
        "eps": 0.0225604089,
        "epsdiluted": 0.0225604089,
        "weightedAverageShsOut": 961862000,
        "weightedAverageShsOutDil": 961862000,
        "link": "",
        "finalLink": ""
    },
    {
        "date": "1987-10-31",
        "symbol": "GPS",
        "reportedCurrency": "USD",
        "cik": "0000039911",
        "fillingDate": "1987-10-31",
        "acceptedDate": "1987-10-30 19:00:00",
        "calendarYear": "1987",
        "period": "Q3",
        "revenue": 273600000,
        "costOfRevenue": 0,
        "grossProfit": 273600000,
        "grossProfitRatio": 1,
        "researchAndDevelopmentExpenses": 0,
        "generalAndAdministrativeExpenses": 0,
        "sellingAndMarketingExpenses": 0,
        "sellingGeneralAndAdministrativeExpenses": 0,
        "otherExpenses": 0,
        "operatingExpenses": 0,
        "costAndExpenses": 0,
        "interestIncome": 0,
        "interestExpense": 0,
        "depreciationAndAmortization": 0,
        "ebitda": 273600000,
        "ebitdaratio": 1,
        "operatingIncome": 273600000,
        "operatingIncomeRatio": 1,
        "totalOtherIncomeExpensesNet": -273600000,
        "incomeBeforeTax": 0,
        "incomeBeforeTaxRatio": 0,
        "incomeTaxExpense": -18600000,
        "netIncome": 18600000,
        "netIncomeRatio": 0.0679824561,
        "eps": 0.02,
        "epsdiluted": 0.02,
        "weightedAverageShsOut": 961862000,
        "weightedAverageShsOutDil": 961862000,
        "link": "",
        "finalLink": ""
    },
    {
        "date": "1987-07-31",
        "symbol": "GPS",
        "reportedCurrency": "USD",
        "cik": "0000039911",
        "fillingDate": "1987-07-31",
        "acceptedDate": "1987-07-30 20:00:00",
        "calendarYear": "1987",
        "period": "Q2",
        "revenue": 217800000,
        "costOfRevenue": 0,
        "grossProfit": 217800000,
        "grossProfitRatio": 1,
        "researchAndDevelopmentExpenses": 0,
        "generalAndAdministrativeExpenses": 0,
        "sellingAndMarketingExpenses": 0,
        "sellingGeneralAndAdministrativeExpenses": 0,
        "otherExpenses": 0,
        "operatingExpenses": 0,
        "costAndExpenses": 0,
        "interestIncome": 0,
        "interestExpense": 0,
        "depreciationAndAmortization": 0,
        "ebitda": 217800000,
        "ebitdaratio": 1,
        "operatingIncome": 217800000,
        "operatingIncomeRatio": 1,
        "totalOtherIncomeExpensesNet": -217800000,
        "incomeBeforeTax": 0,
        "incomeBeforeTaxRatio": 0,
        "incomeTaxExpense": -13100000,
        "netIncome": 13100000,
        "netIncomeRatio": 0.0601469238,
        "eps": 0.01,
        "epsdiluted": 0.01,
        "weightedAverageShsOut": 961862000,
        "weightedAverageShsOutDil": 961862000,
        "link": "",
        "finalLink": ""
    },
    {
        "date": "1987-04-30",
        "symbol": "GPS",
        "reportedCurrency": "USD",
        "cik": "0000039911",
        "fillingDate": "1987-04-30",
        "acceptedDate": "1987-04-29 20:00:00",
        "calendarYear": "1987",
        "period": "Q1",
        "revenue": 211100000,
        "costOfRevenue": 0,
        "grossProfit": 211100000,
        "grossProfitRatio": 1,
        "researchAndDevelopmentExpenses": 0,
        "generalAndAdministrativeExpenses": 0,
        "sellingAndMarketingExpenses": 0,
        "sellingGeneralAndAdministrativeExpenses": 0,
        "otherExpenses": 0,
        "operatingExpenses": 0,
        "costAndExpenses": 0,
        "interestIncome": 0,
        "interestExpense": 0,
        "depreciationAndAmortization": 0,
        "ebitda": 211100000,
        "ebitdaratio": 1,
        "operatingIncome": 211100000,
        "operatingIncomeRatio": 1,
        "totalOtherIncomeExpensesNet": -211100000,
        "incomeBeforeTax": 0,
        "incomeBeforeTaxRatio": 0,
        "incomeTaxExpense": -16200000,
        "netIncome": 16200000,
        "netIncomeRatio": 0.0767408811,
        "eps": 0.02,
        "epsdiluted": 0.02,
        "weightedAverageShsOut": 952237000,
        "weightedAverageShsOutDil": 952237000,
        "link": "",
        "finalLink": ""
    },
    {
        "date": "1987-01-31",
        "symbol": "GPS",
        "reportedCurrency": "USD",
        "cik": "0000039911",
        "fillingDate": "1987-01-31",
        "acceptedDate": "1987-01-30 19:00:00",
        "calendarYear": "1986",
        "period": "Q4",
        "revenue": 298500000,
        "costOfRevenue": 0,
        "grossProfit": 298500000,
        "grossProfitRatio": 1,
        "researchAndDevelopmentExpenses": 0,
        "generalAndAdministrativeExpenses": 0,
        "sellingAndMarketingExpenses": 0,
        "sellingGeneralAndAdministrativeExpenses": 0,
        "otherExpenses": -709200000,
        "operatingExpenses": -709200000,
        "costAndExpenses": -709200000,
        "interestIncome": 0,
        "interestExpense": 0,
        "depreciationAndAmortization": 0,
        "ebitda": -410700000,
        "ebitdaratio": -1.375879397,
        "operatingIncome": -410700000,
        "operatingIncomeRatio": -1.375879397,
        "totalOtherIncomeExpensesNet": 410700000,
        "incomeBeforeTax": 0,
        "incomeBeforeTaxRatio": 0,
        "incomeTaxExpense": -28200000,
        "netIncome": 28200000,
        "netIncomeRatio": 0.0944723618,
        "eps": 0.0296144762,
        "epsdiluted": 0.0296144762,
        "weightedAverageShsOut": 952237000,
        "weightedAverageShsOutDil": 952237000,
        "link": "",
        "finalLink": ""
    },
    {
        "date": "1986-10-31",
        "symbol": "GPS",
        "reportedCurrency": "USD",
        "cik": "0000039911",
        "fillingDate": "1986-10-31",
        "acceptedDate": "1986-10-30 19:00:00",
        "calendarYear": "1986",
        "period": "Q3",
        "revenue": 224800000,
        "costOfRevenue": 0,
        "grossProfit": 224800000,
        "grossProfitRatio": 1,
        "researchAndDevelopmentExpenses": 0,
        "generalAndAdministrativeExpenses": 0,
        "sellingAndMarketingExpenses": 0,
        "sellingGeneralAndAdministrativeExpenses": 0,
        "otherExpenses": 0,
        "operatingExpenses": 0,
        "costAndExpenses": 0,
        "interestIncome": 0,
        "interestExpense": 0,
        "depreciationAndAmortization": 0,
        "ebitda": 224800000,
        "ebitdaratio": 1,
        "operatingIncome": 224800000,
        "operatingIncomeRatio": 1,
        "totalOtherIncomeExpensesNet": -224800000,
        "incomeBeforeTax": 0,
        "incomeBeforeTaxRatio": 0,
        "incomeTaxExpense": -21300000,
        "netIncome": 21300000,
        "netIncomeRatio": 0.0947508897,
        "eps": 0.02,
        "epsdiluted": 0.02,
        "weightedAverageShsOut": 952237000,
        "weightedAverageShsOutDil": 952237000,
        "link": "",
        "finalLink": ""
    },
    {
        "date": "1986-07-31",
        "symbol": "GPS",
        "reportedCurrency": "USD",
        "cik": "0000039911",
        "fillingDate": "1986-07-31",
        "acceptedDate": "1986-07-30 20:00:00",
        "calendarYear": "1986",
        "period": "Q2",
        "revenue": 164800000,
        "costOfRevenue": 0,
        "grossProfit": 164800000,
        "grossProfitRatio": 1,
        "researchAndDevelopmentExpenses": 0,
        "generalAndAdministrativeExpenses": 0,
        "sellingAndMarketingExpenses": 0,
        "sellingGeneralAndAdministrativeExpenses": 0,
        "otherExpenses": 0,
        "operatingExpenses": 0,
        "costAndExpenses": 0,
        "interestIncome": 0,
        "interestExpense": 0,
        "depreciationAndAmortization": 0,
        "ebitda": 164800000,
        "ebitdaratio": 1,
        "operatingIncome": 164800000,
        "operatingIncomeRatio": 1,
        "totalOtherIncomeExpensesNet": -164800000,
        "incomeBeforeTax": 0,
        "incomeBeforeTaxRatio": 0,
        "incomeTaxExpense": -8400000,
        "netIncome": 8400000,
        "netIncomeRatio": 0.0509708738,
        "eps": 0.01,
        "epsdiluted": 0.01,
        "weightedAverageShsOut": 950406000,
        "weightedAverageShsOutDil": 950406000,
        "link": "",
        "finalLink": ""
    },
    {
        "date": "1986-04-30",
        "symbol": "GPS",
        "reportedCurrency": "USD",
        "cik": "0000039911",
        "fillingDate": "1986-04-30",
        "acceptedDate": "1986-04-29 20:00:00",
        "calendarYear": "1986",
        "period": "Q1",
        "revenue": 160000000,
        "costOfRevenue": 0,
        "grossProfit": 160000000,
        "grossProfitRatio": 1,
        "researchAndDevelopmentExpenses": 0,
        "generalAndAdministrativeExpenses": 0,
        "sellingAndMarketingExpenses": 0,
        "sellingGeneralAndAdministrativeExpenses": 0,
        "otherExpenses": 0,
        "operatingExpenses": 0,
        "costAndExpenses": 0,
        "interestIncome": 0,
        "interestExpense": 0,
        "depreciationAndAmortization": 0,
        "ebitda": 160000000,
        "ebitdaratio": 1,
        "operatingIncome": 160000000,
        "operatingIncomeRatio": 1,
        "totalOtherIncomeExpensesNet": -160000000,
        "incomeBeforeTax": 0,
        "incomeBeforeTaxRatio": 0,
        "incomeTaxExpense": -10200000,
        "netIncome": 10200000,
        "netIncomeRatio": 0.06375,
        "eps": 0.01,
        "epsdiluted": 0.01,
        "weightedAverageShsOut": 919159000,
        "weightedAverageShsOutDil": 919159000,
        "link": "",
        "finalLink": ""
    },
    {
        "date": "1986-01-31",
        "symbol": "GPS",
        "reportedCurrency": "USD",
        "cik": "0000039911",
        "fillingDate": "1986-01-31",
        "acceptedDate": "1986-01-30 19:00:00",
        "calendarYear": "1985",
        "period": "Q4",
        "revenue": 223500000,
        "costOfRevenue": 0,
        "grossProfit": 223500000,
        "grossProfitRatio": 1,
        "researchAndDevelopmentExpenses": 0,
        "generalAndAdministrativeExpenses": 0,
        "sellingAndMarketingExpenses": 0,
        "sellingGeneralAndAdministrativeExpenses": 0,
        "otherExpenses": -576000000,
        "operatingExpenses": -576000000,
        "costAndExpenses": -576000000,
        "interestIncome": 0,
        "interestExpense": 0,
        "depreciationAndAmortization": 0,
        "ebitda": -352500000,
        "ebitdaratio": -1.5771812081,
        "operatingIncome": -352500000,
        "operatingIncomeRatio": -1.5771812081,
        "totalOtherIncomeExpensesNet": 352500000,
        "incomeBeforeTax": 0,
        "incomeBeforeTaxRatio": 0,
        "incomeTaxExpense": -22000000,
        "netIncome": 22000000,
        "netIncomeRatio": 0.0984340045,
        "eps": 0.0241459999,
        "epsdiluted": 0.0241459999,
        "weightedAverageShsOut": 911124000,
        "weightedAverageShsOutDil": 911124000,
        "link": "",
        "finalLink": ""
    },
    {
        "date": "1985-10-31",
        "symbol": "GPS",
        "reportedCurrency": "USD",
        "cik": "0000039911",
        "fillingDate": "1985-10-31",
        "acceptedDate": "1985-10-30 19:00:00",
        "calendarYear": "1985",
        "period": "Q3",
        "revenue": 187400000,
        "costOfRevenue": 0,
        "grossProfit": 187400000,
        "grossProfitRatio": 1,
        "researchAndDevelopmentExpenses": 0,
        "generalAndAdministrativeExpenses": 0,
        "sellingAndMarketingExpenses": 0,
        "sellingGeneralAndAdministrativeExpenses": 0,
        "otherExpenses": 0,
        "operatingExpenses": 0,
        "costAndExpenses": 0,
        "interestIncome": 0,
        "interestExpense": 0,
        "depreciationAndAmortization": 0,
        "ebitda": 187400000,
        "ebitdaratio": 1,
        "operatingIncome": 187400000,
        "operatingIncomeRatio": 1,
        "totalOtherIncomeExpensesNet": -187400000,
        "incomeBeforeTax": 0,
        "incomeBeforeTaxRatio": 0,
        "incomeTaxExpense": -13100000,
        "netIncome": 13100000,
        "netIncomeRatio": 0.0699039488,
        "eps": 0.01,
        "epsdiluted": 0.01,
        "weightedAverageShsOut": 911124000,
        "weightedAverageShsOutDil": 911124000,
        "link": "",
        "finalLink": ""
    }
]