[
    {
        "date": "2021-06-30",
        "symbol": "GRA",
        "reportedCurrency": "USD",
        "cik": "0001045309",
        "fillingDate": "2021-08-02",
        "acceptedDate": "2021-08-02 16:46:50",
        "calendarYear": "2021",
        "period": "Q2",
        "revenue": 512900000,
        "costOfRevenue": 318200000,
        "grossProfit": 194700000,
        "grossProfitRatio": 0.379606161,
        "researchAndDevelopmentExpenses": 17800000,
        "generalAndAdministrativeExpenses": 0,
        "sellingAndMarketingExpenses": 0,
        "sellingGeneralAndAdministrativeExpenses": 78700000,
        "otherExpenses": 0,
        "operatingExpenses": 96500000,
        "costAndExpenses": 414700000,
        "interestIncome": 0,
        "interestExpense": 19800000,
        "depreciationAndAmortization": 29300000,
        "ebitda": 112700000,
        "ebitdaratio": 0.2197309417,
        "operatingIncome": 98200000,
        "operatingIncomeRatio": 0.1914603236,
        "totalOtherIncomeExpensesNet": -34500000,
        "incomeBeforeTax": 63700000,
        "incomeBeforeTaxRatio": 0.1241957497,
        "incomeTaxExpense": 18200000,
        "netIncome": 45400000,
        "netIncomeRatio": 0.08851628,
        "eps": 0.68,
        "epsdiluted": 0.68,
        "weightedAverageShsOut": 66300000,
        "weightedAverageShsOutDil": 66400000,
        "link": "https://www.sec.gov/Archives/edgar/data/1045309/000104530921000086/0001045309-21-000086-index.htm",
        "finalLink": "https://www.sec.gov/Archives/edgar/data/1045309/000104530921000086/gra-20210630.htm"
    },
    {
        "date": "2021-03-31",
        "symbol": "GRA",
        "reportedCurrency": "USD",
        "cik": "0001045309",
        "fillingDate": "2021-05-07",
        "acceptedDate": "2021-05-07 13:47:30",
        "calendarYear": "2021",
        "period": "Q1",
        "revenue": 456700000,
        "costOfRevenue": 286700000,
        "grossProfit": 170000000,
        "grossProfitRatio": 0.3722356032,
        "researchAndDevelopmentExpenses": 17400000,
        "generalAndAdministrativeExpenses": 0,
        "sellingAndMarketingExpenses": 0,
        "sellingGeneralAndAdministrativeExpenses": 74600000,
        "otherExpenses": 0,
        "operatingExpenses": 92000000,
        "costAndExpenses": 378700000,
        "interestIncome": 0,
        "interestExpense": 19000000,
        "depreciationAndAmortization": 28100000,
        "ebitda": 133800000,
        "ebitdaratio": 0.292971316,
        "operatingIncome": 78000000,
        "operatingIncomeRatio": 0.1707904533,
        "totalOtherIncomeExpensesNet": 8900000,
        "incomeBeforeTax": 86900000,
        "incomeBeforeTaxRatio": 0.1902780819,
        "incomeTaxExpense": 18300000,
        "netIncome": 68400000,
        "netIncomeRatio": 0.1497700898,
        "eps": 1.03,
        "epsdiluted": 1.03,
        "weightedAverageShsOut": 66200000,
        "weightedAverageShsOutDil": 66300000,
        "link": "https://www.sec.gov/Archives/edgar/data/1045309/000104530921000054/0001045309-21-000054-index.htm",
        "finalLink": "https://www.sec.gov/Archives/edgar/data/1045309/000104530921000054/gra-20210331.htm"
    },
    {
        "date": "2020-12-31",
        "symbol": "GRA",
        "reportedCurrency": "USD",
        "cik": "0001045309",
        "fillingDate": "2021-02-26",
        "acceptedDate": "2021-02-25 21:40:43",
        "calendarYear": "2020",
        "period": "Q4",
        "revenue": 470200000,
        "costOfRevenue": 289000000,
        "grossProfit": 181200000,
        "grossProfitRatio": 0.3853679285,
        "researchAndDevelopmentExpenses": 16600000,
        "generalAndAdministrativeExpenses": 0,
        "sellingAndMarketingExpenses": 0,
        "sellingGeneralAndAdministrativeExpenses": 71800000,
        "otherExpenses": 0,
        "operatingExpenses": 88400000,
        "costAndExpenses": 377400000,
        "interestIncome": 0,
        "interestExpense": 18700000,
        "depreciationAndAmortization": 27900000,
        "ebitda": 13400000,
        "ebitdaratio": 0.0284985113,
        "operatingIncome": 92800000,
        "operatingIncomeRatio": 0.1973628243,
        "totalOtherIncomeExpensesNet": -123400000,
        "incomeBeforeTax": -30600000,
        "incomeBeforeTaxRatio": -0.0650786899,
        "incomeTaxExpense": 10300000,
        "netIncome": -43500000,
        "netIncomeRatio": -0.0925138239,
        "eps": -0.66,
        "epsdiluted": -0.66,
        "weightedAverageShsOut": 66200000,
        "weightedAverageShsOutDil": 66200000,
        "link": "https://www.sec.gov/Archives/edgar/data/1045309/000104530921000028/0001045309-21-000028-index.htm",
        "finalLink": "https://www.sec.gov/Archives/edgar/data/1045309/000104530921000028/gra-20201231.htm"
    },
    {
        "date": "2020-09-30",
        "symbol": "GRA",
        "reportedCurrency": "USD",
        "cik": "0001045309",
        "fillingDate": "2020-11-04",
        "acceptedDate": "2020-11-04 16:56:04",
        "calendarYear": "2020",
        "period": "Q3",
        "revenue": 419400000,
        "costOfRevenue": 263000000,
        "grossProfit": 156400000,
        "grossProfitRatio": 0.3729136862,
        "researchAndDevelopmentExpenses": 15600000,
        "generalAndAdministrativeExpenses": 0,
        "sellingAndMarketingExpenses": 0,
        "sellingGeneralAndAdministrativeExpenses": 68100000,
        "otherExpenses": 0,
        "operatingExpenses": 83700000,
        "costAndExpenses": 346700000,
        "interestIncome": 0,
        "interestExpense": 19800000,
        "depreciationAndAmortization": 26200000,
        "ebitda": 22800000,
        "ebitdaratio": 0.0543633763,
        "operatingIncome": 72700000,
        "operatingIncomeRatio": 0.1733428708,
        "totalOtherIncomeExpensesNet": -96200000,
        "incomeBeforeTax": -23500000,
        "incomeBeforeTaxRatio": -0.0560324273,
        "incomeTaxExpense": -30200000,
        "netIncome": 7000000,
        "netIncomeRatio": 0.0166905103,
        "eps": 0.11,
        "epsdiluted": 0.11,
        "weightedAverageShsOut": 66200000,
        "weightedAverageShsOutDil": 66200000,
        "link": "https://www.sec.gov/Archives/edgar/data/1045309/000104530920000125/0001045309-20-000125-index.htm",
        "finalLink": "https://www.sec.gov/Archives/edgar/data/1045309/000104530920000125/a3q20form10-q.htm"
    },
    {
        "date": "2020-06-30",
        "symbol": "GRA",
        "reportedCurrency": "USD",
        "cik": "0001045309",
        "fillingDate": "2020-08-05",
        "acceptedDate": "2020-08-05 11:34:02",
        "calendarYear": "2020",
        "period": "Q2",
        "revenue": 418700000,
        "costOfRevenue": 299400000,
        "grossProfit": 119300000,
        "grossProfitRatio": 0.2849295438,
        "researchAndDevelopmentExpenses": 16700000,
        "generalAndAdministrativeExpenses": 0,
        "sellingAndMarketingExpenses": 0,
        "sellingGeneralAndAdministrativeExpenses": 71900000,
        "otherExpenses": 0,
        "operatingExpenses": 88600000,
        "costAndExpenses": 388000000,
        "interestIncome": 0,
        "interestExpense": 19200000,
        "depreciationAndAmortization": 25400000,
        "ebitda": 43700000,
        "ebitdaratio": 0.1043706711,
        "operatingIncome": 30700000,
        "operatingIncomeRatio": 0.0733221877,
        "totalOtherIncomeExpensesNet": -33900000,
        "incomeBeforeTax": -3200000,
        "incomeBeforeTaxRatio": -0.0076427036,
        "incomeTaxExpense": 6400000,
        "netIncome": -7300000,
        "netIncomeRatio": -0.0174349176,
        "eps": -0.11,
        "epsdiluted": -0.11,
        "weightedAverageShsOut": 66200000,
        "weightedAverageShsOutDil": 66200000,
        "link": "https://www.sec.gov/Archives/edgar/data/1045309/000104530920000107/0001045309-20-000107-index.htm",
        "finalLink": "https://www.sec.gov/Archives/edgar/data/1045309/000104530920000107/a2q20form10-q.htm"
    },
    {
        "date": "2020-03-31",
        "symbol": "GRA",
        "reportedCurrency": "USD",
        "cik": "0001045309",
        "fillingDate": "2020-05-08",
        "acceptedDate": "2020-05-08 13:47:41",
        "calendarYear": "2020",
        "period": "Q1",
        "revenue": 421500000,
        "costOfRevenue": 261900000,
        "grossProfit": 159600000,
        "grossProfitRatio": 0.3786476868,
        "researchAndDevelopmentExpenses": 17000000,
        "generalAndAdministrativeExpenses": 0,
        "sellingAndMarketingExpenses": 0,
        "sellingGeneralAndAdministrativeExpenses": 71100000,
        "otherExpenses": 0,
        "operatingExpenses": 88100000,
        "costAndExpenses": 350000000,
        "interestIncome": 0,
        "interestExpense": 18300000,
        "depreciationAndAmortization": 25500000,
        "ebitda": 101500000,
        "ebitdaratio": 0.2408066429,
        "operatingIncome": 71500000,
        "operatingIncomeRatio": 0.1696322657,
        "totalOtherIncomeExpensesNet": -13700000,
        "incomeBeforeTax": 57800000,
        "incomeBeforeTaxRatio": 0.1371293001,
        "incomeTaxExpense": 15700000,
        "netIncome": 42000000,
        "netIncomeRatio": 0.0996441281,
        "eps": 0.63,
        "epsdiluted": 0.63,
        "weightedAverageShsOut": 66500000,
        "weightedAverageShsOutDil": 66500000,
        "link": "https://www.sec.gov/Archives/edgar/data/1045309/000104530920000063/0001045309-20-000063-index.html",
        "finalLink": "https://www.sec.gov/Archives/edgar/data/1045309/000104530920000063/a1q20form10-q.htm"
    },
    {
        "date": "2019-12-31",
        "symbol": "GRA",
        "reportedCurrency": "USD",
        "cik": "0001045309",
        "fillingDate": "2020-02-27",
        "acceptedDate": "2020-02-27 14:43:43",
        "calendarYear": "2019",
        "period": "Q4",
        "revenue": 504500000,
        "costOfRevenue": 299800000,
        "grossProfit": 204700000,
        "grossProfitRatio": 0.4057482656,
        "researchAndDevelopmentExpenses": 16300000,
        "generalAndAdministrativeExpenses": 0,
        "sellingAndMarketingExpenses": 0,
        "sellingGeneralAndAdministrativeExpenses": 75300000,
        "otherExpenses": 0,
        "operatingExpenses": 91600000,
        "costAndExpenses": 391400000,
        "interestIncome": 0,
        "interestExpense": 18500000,
        "depreciationAndAmortization": 25000000,
        "ebitda": 15000000,
        "ebitdaratio": 0.0297324083,
        "operatingIncome": 113100000,
        "operatingIncomeRatio": 0.2241823588,
        "totalOtherIncomeExpensesNet": -141400000,
        "incomeBeforeTax": -28300000,
        "incomeBeforeTaxRatio": -0.0560951437,
        "incomeTaxExpense": -200000,
        "netIncome": -28300000,
        "netIncomeRatio": -0.0560951437,
        "eps": -0.42,
        "epsdiluted": -0.42,
        "weightedAverageShsOut": 66700000,
        "weightedAverageShsOutDil": 66700000,
        "link": "https://www.sec.gov/Archives/edgar/data/1045309/000104530920000033/0001045309-20-000033-index.html",
        "finalLink": "https://www.sec.gov/Archives/edgar/data/1045309/000104530920000033/a201910-k.htm"
    },
    {
        "date": "2019-09-30",
        "symbol": "GRA",
        "reportedCurrency": "USD",
        "cik": "0001045309",
        "fillingDate": "2019-11-07",
        "acceptedDate": "2019-11-07 14:32:04",
        "calendarYear": "2019",
        "period": "Q3",
        "revenue": 470500000,
        "costOfRevenue": 279500000,
        "grossProfit": 191000000,
        "grossProfitRatio": 0.4059511158,
        "researchAndDevelopmentExpenses": 14900000,
        "generalAndAdministrativeExpenses": 0,
        "sellingAndMarketingExpenses": 0,
        "sellingGeneralAndAdministrativeExpenses": 74200000,
        "otherExpenses": 0,
        "operatingExpenses": 89100000,
        "costAndExpenses": 368600000,
        "interestIncome": 0,
        "interestExpense": 18600000,
        "depreciationAndAmortization": 25500000,
        "ebitda": 125100000,
        "ebitdaratio": 0.2658873539,
        "operatingIncome": 101900000,
        "operatingIncomeRatio": 0.2165781084,
        "totalOtherIncomeExpensesNet": -20800000,
        "incomeBeforeTax": 81100000,
        "incomeBeforeTaxRatio": 0.1723698193,
        "incomeTaxExpense": 27300000,
        "netIncome": 53700000,
        "netIncomeRatio": 0.1141339001,
        "eps": 0.81,
        "epsdiluted": 0.8,
        "weightedAverageShsOut": 66700000,
        "weightedAverageShsOutDil": 66800000,
        "link": "https://www.sec.gov/Archives/edgar/data/1045309/000104530919000113/0001045309-19-000113-index.html",
        "finalLink": "https://www.sec.gov/Archives/edgar/data/1045309/000104530919000113/a3q19form10-q.htm"
    },
    {
        "date": "2019-06-30",
        "symbol": "GRA",
        "reportedCurrency": "USD",
        "cik": "0001045309",
        "fillingDate": "2019-08-07",
        "acceptedDate": "2019-08-07 12:59:24",
        "calendarYear": "2019",
        "period": "Q2",
        "revenue": 513600000,
        "costOfRevenue": 304200000,
        "grossProfit": 209400000,
        "grossProfitRatio": 0.4077102804,
        "researchAndDevelopmentExpenses": 16300000,
        "generalAndAdministrativeExpenses": 0,
        "sellingAndMarketingExpenses": 0,
        "sellingGeneralAndAdministrativeExpenses": 76300000,
        "otherExpenses": 0,
        "operatingExpenses": 92600000,
        "costAndExpenses": 396800000,
        "interestIncome": 0,
        "interestExpense": 19600000,
        "depreciationAndAmortization": 24900000,
        "ebitda": 139500000,
        "ebitdaratio": 0.2716121495,
        "operatingIncome": 116800000,
        "operatingIncomeRatio": 0.2274143302,
        "totalOtherIncomeExpensesNet": -21600000,
        "incomeBeforeTax": 95200000,
        "incomeBeforeTaxRatio": 0.1853582555,
        "incomeTaxExpense": 18800000,
        "netIncome": 76200000,
        "netIncomeRatio": 0.148364486,
        "eps": 1.14,
        "epsdiluted": 1.14,
        "weightedAverageShsOut": 66800000,
        "weightedAverageShsOutDil": 67000000,
        "link": "https://www.sec.gov/Archives/edgar/data/1045309/000104530919000095/0001045309-19-000095-index.htm",
        "finalLink": "https://www.sec.gov/Archives/edgar/data/1045309/000104530919000095/a2q19form10-q.htm"
    },
    {
        "date": "2019-03-31",
        "symbol": "GRA",
        "reportedCurrency": "USD",
        "cik": "0001045309",
        "fillingDate": "2019-05-08",
        "acceptedDate": "2019-05-08 17:08:03",
        "calendarYear": "2019",
        "period": "Q1",
        "revenue": 469500000,
        "costOfRevenue": 280900000,
        "grossProfit": 188600000,
        "grossProfitRatio": 0.4017039404,
        "researchAndDevelopmentExpenses": 17000000,
        "generalAndAdministrativeExpenses": 0,
        "sellingAndMarketingExpenses": 0,
        "sellingGeneralAndAdministrativeExpenses": 73200000,
        "otherExpenses": 0,
        "operatingExpenses": 90200000,
        "costAndExpenses": 371100000,
        "interestIncome": 0,
        "interestExpense": 20000000,
        "depreciationAndAmortization": 24900000,
        "ebitda": 80500000,
        "ebitdaratio": 0.1714589989,
        "operatingIncome": 98400000,
        "operatingIncomeRatio": 0.2095846645,
        "totalOtherIncomeExpensesNet": -62900000,
        "incomeBeforeTax": 35500000,
        "incomeBeforeTaxRatio": 0.0756123536,
        "incomeTaxExpense": 10900000,
        "netIncome": 24700000,
        "netIncomeRatio": 0.0526091587,
        "eps": 0.37,
        "epsdiluted": 0.37,
        "weightedAverageShsOut": 66800000,
        "weightedAverageShsOutDil": 66900000,
        "link": "https://www.sec.gov/Archives/edgar/data/1045309/000104530919000047/0001045309-19-000047-index.html",
        "finalLink": "https://www.sec.gov/Archives/edgar/data/1045309/000104530919000047/a1q19form10-q.htm"
    },
    {
        "date": "2018-12-31",
        "symbol": "GRA",
        "reportedCurrency": "USD",
        "cik": "0001045309",
        "fillingDate": "2019-02-28",
        "acceptedDate": "2019-02-28 11:58:16",
        "calendarYear": "2018",
        "period": "Q4",
        "revenue": 520000000,
        "costOfRevenue": 323700000,
        "grossProfit": 196300000,
        "grossProfitRatio": 0.3775,
        "researchAndDevelopmentExpenses": 16200000,
        "generalAndAdministrativeExpenses": 0,
        "sellingAndMarketingExpenses": 0,
        "sellingGeneralAndAdministrativeExpenses": 80400000,
        "otherExpenses": 0,
        "operatingExpenses": 96600000,
        "costAndExpenses": 420300000,
        "interestIncome": 0,
        "interestExpense": 20600000,
        "depreciationAndAmortization": 24700000,
        "ebitda": 142000000,
        "ebitdaratio": 0.2730769231,
        "operatingIncome": 99700000,
        "operatingIncomeRatio": 0.1917307692,
        "totalOtherIncomeExpensesNet": -3200000,
        "incomeBeforeTax": 96500000,
        "incomeBeforeTaxRatio": 0.1855769231,
        "incomeTaxExpense": 27600000,
        "netIncome": 69100000,
        "netIncomeRatio": 0.1328846154,
        "eps": 1.03,
        "epsdiluted": 1.03,
        "weightedAverageShsOut": 66900000,
        "weightedAverageShsOutDil": 67000000,
        "link": "https://www.sec.gov/Archives/edgar/data/1045309/000104530919000025/0001045309-19-000025-index.html",
        "finalLink": "https://www.sec.gov/Archives/edgar/data/1045309/000104530919000025/a201810-k.htm"
    },
    {
        "date": "2018-09-30",
        "symbol": "GRA",
        "reportedCurrency": "USD",
        "cik": "0001045309",
        "fillingDate": "2018-11-08",
        "acceptedDate": "2018-11-08 16:27:57",
        "calendarYear": "2018",
        "period": "Q3",
        "revenue": 494900000,
        "costOfRevenue": 292700000,
        "grossProfit": 202200000,
        "grossProfitRatio": 0.4085673874,
        "researchAndDevelopmentExpenses": 15700000,
        "generalAndAdministrativeExpenses": 0,
        "sellingAndMarketingExpenses": 0,
        "sellingGeneralAndAdministrativeExpenses": 148300000,
        "otherExpenses": 0,
        "operatingExpenses": 164000000,
        "costAndExpenses": 456700000,
        "interestIncome": 0,
        "interestExpense": 20400000,
        "depreciationAndAmortization": 25200000,
        "ebitda": 62400000,
        "ebitdaratio": 0.126086078,
        "operatingIncome": 38200000,
        "operatingIncomeRatio": 0.0771873106,
        "totalOtherIncomeExpensesNet": -21600000,
        "incomeBeforeTax": 16600000,
        "incomeBeforeTaxRatio": 0.0335421297,
        "incomeTaxExpense": 700000,
        "netIncome": 16100000,
        "netIncomeRatio": 0.0325318246,
        "eps": 0.24,
        "epsdiluted": 0.24,
        "weightedAverageShsOut": 67100000,
        "weightedAverageShsOutDil": 67200000,
        "link": "https://www.sec.gov/Archives/edgar/data/1045309/000104530918000111/0001045309-18-000111-index.html",
        "finalLink": "https://www.sec.gov/Archives/edgar/data/1045309/000104530918000111/a3q18form10-q.htm"
    },
    {
        "date": "2018-06-30",
        "symbol": "GRA",
        "reportedCurrency": "USD",
        "cik": "0001045309",
        "fillingDate": "2018-08-08",
        "acceptedDate": "2018-08-08 16:33:59",
        "calendarYear": "2018",
        "period": "Q2",
        "revenue": 485700000,
        "costOfRevenue": 287000000,
        "grossProfit": 198700000,
        "grossProfitRatio": 0.4091002677,
        "researchAndDevelopmentExpenses": 16100000,
        "generalAndAdministrativeExpenses": 0,
        "sellingAndMarketingExpenses": 0,
        "sellingGeneralAndAdministrativeExpenses": 82700000,
        "otherExpenses": 0,
        "operatingExpenses": 98800000,
        "costAndExpenses": 385800000,
        "interestIncome": 0,
        "interestExpense": 19900000,
        "depreciationAndAmortization": 25900000,
        "ebitda": 109600000,
        "ebitdaratio": 0.2256536957,
        "operatingIncome": 99900000,
        "operatingIncomeRatio": 0.2056825201,
        "totalOtherIncomeExpensesNet": -36300000,
        "incomeBeforeTax": 63600000,
        "incomeBeforeTaxRatio": 0.1309450278,
        "incomeTaxExpense": 25000000,
        "netIncome": 38800000,
        "netIncomeRatio": 0.0798847025,
        "eps": 0.58,
        "epsdiluted": 0.58,
        "weightedAverageShsOut": 67300000,
        "weightedAverageShsOutDil": 67400000,
        "link": "https://www.sec.gov/Archives/edgar/data/1045309/000104530918000103/0001045309-18-000103-index.html",
        "finalLink": "https://www.sec.gov/Archives/edgar/data/1045309/000104530918000103/a2q18form10-q.htm"
    },
    {
        "date": "2018-03-31",
        "symbol": "GRA",
        "reportedCurrency": "USD",
        "cik": "0001045309",
        "fillingDate": "2018-05-09",
        "acceptedDate": "2018-05-09 15:11:22",
        "calendarYear": "2018",
        "period": "Q1",
        "revenue": 431500000,
        "costOfRevenue": 262000000,
        "grossProfit": 169500000,
        "grossProfitRatio": 0.392815759,
        "researchAndDevelopmentExpenses": 14700000,
        "generalAndAdministrativeExpenses": 0,
        "sellingAndMarketingExpenses": 0,
        "sellingGeneralAndAdministrativeExpenses": 69400000,
        "otherExpenses": 0,
        "operatingExpenses": 84100000,
        "costAndExpenses": 346100000,
        "interestIncome": 0,
        "interestExpense": 19300000,
        "depreciationAndAmortization": 25000000,
        "ebitda": 112700000,
        "ebitdaratio": 0.2611819235,
        "operatingIncome": 85400000,
        "operatingIncomeRatio": 0.1979142526,
        "totalOtherIncomeExpensesNet": -17200000,
        "incomeBeforeTax": 68200000,
        "incomeBeforeTaxRatio": 0.1580533024,
        "incomeTaxExpense": 24800000,
        "netIncome": 43600000,
        "netIncomeRatio": 0.1010428737,
        "eps": 0.64,
        "epsdiluted": 0.64,
        "weightedAverageShsOut": 67600000,
        "weightedAverageShsOutDil": 67700000,
        "link": "https://www.sec.gov/Archives/edgar/data/1045309/000104530918000057/0001045309-18-000057-index.html",
        "finalLink": "https://www.sec.gov/Archives/edgar/data/1045309/000104530918000057/a1q18form10-q.htm"
    },
    {
        "date": "2017-12-31",
        "symbol": "GRA",
        "reportedCurrency": "USD",
        "cik": "0001045309",
        "fillingDate": "2018-02-22",
        "acceptedDate": "2018-02-22 17:00:59",
        "calendarYear": "2017",
        "period": "Q4",
        "revenue": 459500000,
        "costOfRevenue": 292000000,
        "grossProfit": 167500000,
        "grossProfitRatio": 0.3645266594,
        "researchAndDevelopmentExpenses": 14100000,
        "generalAndAdministrativeExpenses": 0,
        "sellingAndMarketingExpenses": 0,
        "sellingGeneralAndAdministrativeExpenses": 100100000,
        "otherExpenses": 0,
        "operatingExpenses": 114200000,
        "costAndExpenses": 406200000,
        "interestIncome": 0,
        "interestExpense": 19800000,
        "depreciationAndAmortization": 28900000,
        "ebitda": 77000000,
        "ebitdaratio": 0.1675734494,
        "operatingIncome": 53300000,
        "operatingIncomeRatio": 0.1159956474,
        "totalOtherIncomeExpensesNet": -25100000,
        "incomeBeforeTax": 28200000,
        "incomeBeforeTaxRatio": 0.0613710555,
        "incomeTaxExpense": 151300000,
        "netIncome": -123000000,
        "netIncomeRatio": -0.2676822633,
        "eps": -1.81,
        "epsdiluted": -1.81,
        "weightedAverageShsOut": 67800000,
        "weightedAverageShsOutDil": 67800000,
        "link": "https://www.sec.gov/Archives/edgar/data/1045309/000104530918000014/0001045309-18-000014-index.html",
        "finalLink": "https://www.sec.gov/Archives/edgar/data/1045309/000104530918000014/a201710-k.htm"
    },
    {
        "date": "2017-09-30",
        "symbol": "GRA",
        "reportedCurrency": "USD",
        "cik": "0001045309",
        "fillingDate": "2017-11-02",
        "acceptedDate": "2017-11-02 13:56:39",
        "calendarYear": "2017",
        "period": "Q3",
        "revenue": 429500000,
        "costOfRevenue": 256200000,
        "grossProfit": 173300000,
        "grossProfitRatio": 0.4034924331,
        "researchAndDevelopmentExpenses": 13300000,
        "generalAndAdministrativeExpenses": 0,
        "sellingAndMarketingExpenses": 0,
        "sellingGeneralAndAdministrativeExpenses": 86900000,
        "otherExpenses": 0,
        "operatingExpenses": 100200000,
        "costAndExpenses": 356400000,
        "interestIncome": 0,
        "interestExpense": 20100000,
        "depreciationAndAmortization": 28400000,
        "ebitda": 107500000,
        "ebitdaratio": 0.2502910361,
        "operatingIncome": 73100000,
        "operatingIncomeRatio": 0.1701979045,
        "totalOtherIncomeExpensesNet": -14400000,
        "incomeBeforeTax": 58700000,
        "incomeBeforeTaxRatio": 0.1366705471,
        "incomeTaxExpense": 11600000,
        "netIncome": 47400000,
        "netIncomeRatio": 0.1103608847,
        "eps": 0.7,
        "epsdiluted": 0.7,
        "weightedAverageShsOut": 67900000,
        "weightedAverageShsOutDil": 68000000,
        "link": "https://www.sec.gov/Archives/edgar/data/1045309/000104530917000079/0001045309-17-000079-index.html",
        "finalLink": "https://www.sec.gov/Archives/edgar/data/1045309/000104530917000079/a3q2017form10-q.htm"
    },
    {
        "date": "2017-06-30",
        "symbol": "GRA",
        "reportedCurrency": "USD",
        "cik": "0001045309",
        "fillingDate": "2017-07-28",
        "acceptedDate": "2017-07-28 13:46:43",
        "calendarYear": "2017",
        "period": "Q2",
        "revenue": 429500000,
        "costOfRevenue": 260200000,
        "grossProfit": 169300000,
        "grossProfitRatio": 0.3941792782,
        "researchAndDevelopmentExpenses": 12900000,
        "generalAndAdministrativeExpenses": 0,
        "sellingAndMarketingExpenses": 0,
        "sellingGeneralAndAdministrativeExpenses": 83500000,
        "otherExpenses": 0,
        "operatingExpenses": 96400000,
        "costAndExpenses": 356600000,
        "interestIncome": 600000,
        "interestExpense": 20100000,
        "depreciationAndAmortization": 27100000,
        "ebitda": 110700000,
        "ebitdaratio": 0.25774156,
        "operatingIncome": 72900000,
        "operatingIncomeRatio": 0.1697322468,
        "totalOtherIncomeExpensesNet": -9800000,
        "incomeBeforeTax": 63100000,
        "incomeBeforeTaxRatio": 0.1469150175,
        "incomeTaxExpense": 19600000,
        "netIncome": 43900000,
        "netIncomeRatio": 0.1022118743,
        "eps": 0.64,
        "epsdiluted": 0.64,
        "weightedAverageShsOut": 68300000,
        "weightedAverageShsOutDil": 68400000,
        "link": "https://www.sec.gov/Archives/edgar/data/1045309/000104530917000075/0001045309-17-000075-index.html",
        "finalLink": "https://www.sec.gov/Archives/edgar/data/1045309/000104530917000075/a2q2017form10-q.htm"
    },
    {
        "date": "2017-03-31",
        "symbol": "GRA",
        "reportedCurrency": "USD",
        "cik": "0001045309",
        "fillingDate": "2017-05-09",
        "acceptedDate": "2017-05-09 15:07:27",
        "calendarYear": "2017",
        "period": "Q1",
        "revenue": 398000000,
        "costOfRevenue": 244800000,
        "grossProfit": 153200000,
        "grossProfitRatio": 0.3849246231,
        "researchAndDevelopmentExpenses": 13200000,
        "generalAndAdministrativeExpenses": 0,
        "sellingAndMarketingExpenses": 0,
        "sellingGeneralAndAdministrativeExpenses": 66500000,
        "otherExpenses": 0,
        "operatingExpenses": 79700000,
        "costAndExpenses": 324500000,
        "interestIncome": 200000,
        "interestExpense": 19500000,
        "depreciationAndAmortization": 27100000,
        "ebitda": 107500000,
        "ebitdaratio": 0.2701005025,
        "operatingIncome": 73500000,
        "operatingIncomeRatio": 0.1846733668,
        "totalOtherIncomeExpensesNet": -12600000,
        "incomeBeforeTax": 60900000,
        "incomeBeforeTaxRatio": 0.1530150754,
        "incomeTaxExpense": 18000000,
        "netIncome": 42900000,
        "netIncomeRatio": 0.1077889447,
        "eps": 0.63,
        "epsdiluted": 0.63,
        "weightedAverageShsOut": 68300000,
        "weightedAverageShsOutDil": 68500000,
        "link": "https://www.sec.gov/Archives/edgar/data/1045309/000104530917000053/0001045309-17-000053-index.html",
        "finalLink": "https://www.sec.gov/Archives/edgar/data/1045309/000104530917000053/a1q201710-q.htm"
    },
    {
        "date": "2016-12-31",
        "symbol": "GRA",
        "reportedCurrency": "USD",
        "cik": "0001045309",
        "fillingDate": "2017-02-23",
        "acceptedDate": "2017-02-23 16:03:12",
        "calendarYear": "2016",
        "period": "Q4",
        "revenue": 440800000,
        "costOfRevenue": 279000000,
        "grossProfit": 161800000,
        "grossProfitRatio": 0.3670598911,
        "researchAndDevelopmentExpenses": 12600000,
        "generalAndAdministrativeExpenses": 107300000,
        "sellingAndMarketingExpenses": 9300000,
        "sellingGeneralAndAdministrativeExpenses": 116600000,
        "otherExpenses": 0,
        "operatingExpenses": 129200000,
        "costAndExpenses": 408200000,
        "interestIncome": 0,
        "interestExpense": 19900000,
        "depreciationAndAmortization": 26500000,
        "ebitda": 58600000,
        "ebitdaratio": 0.1329401089,
        "operatingIncome": 32600000,
        "operatingIncomeRatio": 0.0739564428,
        "totalOtherIncomeExpensesNet": -18100000,
        "incomeBeforeTax": 14500000,
        "incomeBeforeTaxRatio": 0.0328947368,
        "incomeTaxExpense": -3100000,
        "netIncome": 15300000,
        "netIncomeRatio": 0.0347096189,
        "eps": 0.22,
        "epsdiluted": 0.22,
        "weightedAverageShsOut": 69100000,
        "weightedAverageShsOutDil": 69400000,
        "link": "https://www.sec.gov/Archives/edgar/data/1045309/000104530917000022/0001045309-17-000022-index.html",
        "finalLink": "https://www.sec.gov/Archives/edgar/data/1045309/000104530917000022/gra-201610xk.htm"
    },
    {
        "date": "2016-09-30",
        "symbol": "GRA",
        "reportedCurrency": "USD",
        "cik": "0001045309",
        "fillingDate": "2016-11-03",
        "acceptedDate": "2016-11-03 13:50:43",
        "calendarYear": "2016",
        "period": "Q3",
        "revenue": 404500000,
        "costOfRevenue": 236300000,
        "grossProfit": 168200000,
        "grossProfitRatio": 0.4158220025,
        "researchAndDevelopmentExpenses": 12100000,
        "generalAndAdministrativeExpenses": 0,
        "sellingAndMarketingExpenses": 0,
        "sellingGeneralAndAdministrativeExpenses": 79000000,
        "otherExpenses": 0,
        "operatingExpenses": 91100000,
        "costAndExpenses": 327400000,
        "interestIncome": 400000,
        "interestExpense": 19800000,
        "depreciationAndAmortization": 27000000,
        "ebitda": 105800000,
        "ebitdaratio": 0.2615574784,
        "operatingIncome": 77100000,
        "operatingIncomeRatio": 0.190605686,
        "totalOtherIncomeExpensesNet": -16400000,
        "incomeBeforeTax": 60700000,
        "incomeBeforeTaxRatio": 0.1500618047,
        "incomeTaxExpense": 19400000,
        "netIncome": 39600000,
        "netIncomeRatio": 0.0978986403,
        "eps": 0.56,
        "epsdiluted": 0.56,
        "weightedAverageShsOut": 70300000,
        "weightedAverageShsOutDil": 70700000,
        "link": "https://www.sec.gov/Archives/edgar/data/1045309/000104530916000237/0001045309-16-000237-index.html",
        "finalLink": "https://www.sec.gov/Archives/edgar/data/1045309/000104530916000237/a3q201610-q.htm"
    },
    {
        "date": "2016-06-30",
        "symbol": "GRA",
        "reportedCurrency": "USD",
        "cik": "0001045309",
        "fillingDate": "2016-08-04",
        "acceptedDate": "2016-08-04 12:17:26",
        "calendarYear": "2016",
        "period": "Q2",
        "revenue": 390500000,
        "costOfRevenue": 217300000,
        "grossProfit": 173200000,
        "grossProfitRatio": 0.4435339309,
        "researchAndDevelopmentExpenses": 12400000,
        "generalAndAdministrativeExpenses": 0,
        "sellingAndMarketingExpenses": 0,
        "sellingGeneralAndAdministrativeExpenses": 71700000,
        "otherExpenses": 0,
        "operatingExpenses": 84100000,
        "costAndExpenses": 301400000,
        "interestIncome": 400000,
        "interestExpense": 19800000,
        "depreciationAndAmortization": 23600000,
        "ebitda": 103600000,
        "ebitdaratio": 0.2653008963,
        "operatingIncome": 89100000,
        "operatingIncomeRatio": 0.2281690141,
        "totalOtherIncomeExpensesNet": -29700000,
        "incomeBeforeTax": 59400000,
        "incomeBeforeTaxRatio": 0.1521126761,
        "incomeTaxExpense": 21500000,
        "netIncome": 38700000,
        "netIncomeRatio": 0.0991037132,
        "eps": 0.55,
        "epsdiluted": 0.55,
        "weightedAverageShsOut": 70500000,
        "weightedAverageShsOutDil": 70900000,
        "link": "https://www.sec.gov/Archives/edgar/data/1045309/000104530916000221/0001045309-16-000221-index.htm",
        "finalLink": "https://www.sec.gov/Archives/edgar/data/1045309/000104530916000221/gra-20162q10xq.htm"
    },
    {
        "date": "2016-03-31",
        "symbol": "GRA",
        "reportedCurrency": "USD",
        "cik": "0001045309",
        "fillingDate": "2016-05-05",
        "acceptedDate": "2016-05-05 16:30:54",
        "calendarYear": "2016",
        "period": "Q1",
        "revenue": 362800000,
        "costOfRevenue": 210100000,
        "grossProfit": 152700000,
        "grossProfitRatio": 0.420893054,
        "researchAndDevelopmentExpenses": 11700000,
        "generalAndAdministrativeExpenses": 0,
        "sellingAndMarketingExpenses": 0,
        "sellingGeneralAndAdministrativeExpenses": 70200000,
        "otherExpenses": 0,
        "operatingExpenses": 81900000,
        "costAndExpenses": 292000000,
        "interestIncome": 200000,
        "interestExpense": 22000000,
        "depreciationAndAmortization": 23200000,
        "ebitda": 66900000,
        "ebitdaratio": 0.184399118,
        "operatingIncome": 70800000,
        "operatingIncomeRatio": 0.1951488423,
        "totalOtherIncomeExpensesNet": -39400000,
        "incomeBeforeTax": 31400000,
        "incomeBeforeTaxRatio": 0.0865490628,
        "incomeTaxExpense": 24400000,
        "netIncome": -2700000,
        "netIncomeRatio": -0.0074421169,
        "eps": -0.0382,
        "epsdiluted": -0.0382,
        "weightedAverageShsOut": 70600000,
        "weightedAverageShsOutDil": 70600000,
        "link": "https://www.sec.gov/Archives/edgar/data/1045309/000104530916000195/0001045309-16-000195-index.html",
        "finalLink": "https://www.sec.gov/Archives/edgar/data/1045309/000104530916000195/gra-20161q10xq.htm"
    },
    {
        "date": "2015-12-31",
        "symbol": "GRA",
        "reportedCurrency": "USD",
        "cik": "0001045309",
        "fillingDate": "2016-02-25",
        "acceptedDate": "2016-02-25 13:55:03",
        "calendarYear": "2015",
        "period": "Q4",
        "revenue": 758700000,
        "costOfRevenue": 472000000,
        "grossProfit": 286700000,
        "grossProfitRatio": 0.3778832213,
        "researchAndDevelopmentExpenses": 16400000,
        "generalAndAdministrativeExpenses": 164800000,
        "sellingAndMarketingExpenses": 5000000,
        "sellingGeneralAndAdministrativeExpenses": 169800000,
        "otherExpenses": 0,
        "operatingExpenses": 186200000,
        "costAndExpenses": 658200000,
        "interestIncome": 200000,
        "interestExpense": 25400000,
        "depreciationAndAmortization": 32000000,
        "ebitda": 120000000,
        "ebitdaratio": 0.1581652827,
        "operatingIncome": 100500000,
        "operatingIncomeRatio": 0.1324634243,
        "totalOtherIncomeExpensesNet": -37700000,
        "incomeBeforeTax": 62800000,
        "incomeBeforeTaxRatio": 0.0827731646,
        "incomeTaxExpense": 42300000,
        "netIncome": 20300000,
        "netIncomeRatio": 0.0267562937,
        "eps": 0.29,
        "epsdiluted": 0.29,
        "weightedAverageShsOut": 70700000,
        "weightedAverageShsOutDil": 71200000,
        "link": "https://www.sec.gov/Archives/edgar/data/1045309/000104530916000163/0001045309-16-000163-index.html",
        "finalLink": "https://www.sec.gov/Archives/edgar/data/1045309/000104530916000163/gra-201510xk.htm"
    },
    {
        "date": "2015-09-30",
        "symbol": "GRA",
        "reportedCurrency": "USD",
        "cik": "0001045309",
        "fillingDate": "2015-11-05",
        "acceptedDate": "2015-11-05 13:40:14",
        "calendarYear": "2015",
        "period": "Q3",
        "revenue": 790100000,
        "costOfRevenue": 478200000,
        "grossProfit": 311900000,
        "grossProfitRatio": 0.3947601569,
        "researchAndDevelopmentExpenses": 17400000,
        "generalAndAdministrativeExpenses": 131800000,
        "sellingAndMarketingExpenses": 4200000,
        "sellingGeneralAndAdministrativeExpenses": 136000000,
        "otherExpenses": 0,
        "operatingExpenses": 153400000,
        "costAndExpenses": 631600000,
        "interestIncome": 100000,
        "interestExpense": 25500000,
        "depreciationAndAmortization": 32700000,
        "ebitda": 112100000,
        "ebitdaratio": 0.1418807746,
        "operatingIncome": 158500000,
        "operatingIncomeRatio": 0.200607518,
        "totalOtherIncomeExpensesNet": -104300000,
        "incomeBeforeTax": 54200000,
        "incomeBeforeTaxRatio": 0.0685989115,
        "incomeTaxExpense": 40100000,
        "netIncome": 13800000,
        "netIncomeRatio": 0.0174661435,
        "eps": 0.19,
        "epsdiluted": 0.19,
        "weightedAverageShsOut": 72100000,
        "weightedAverageShsOutDil": 72700000,
        "link": "https://www.sec.gov/Archives/edgar/data/1045309/000104530915000109/0001045309-15-000109-index.html",
        "finalLink": "https://www.sec.gov/Archives/edgar/data/1045309/000104530915000109/gra-20153q10xq.htm"
    },
    {
        "date": "2015-06-30",
        "symbol": "GRA",
        "reportedCurrency": "USD",
        "cik": "0001045309",
        "fillingDate": "2015-08-05",
        "acceptedDate": "2015-08-05 16:36:05",
        "calendarYear": "2015",
        "period": "Q2",
        "revenue": 782100000,
        "costOfRevenue": 471500000,
        "grossProfit": 310600000,
        "grossProfitRatio": 0.3971359161,
        "researchAndDevelopmentExpenses": 17900000,
        "generalAndAdministrativeExpenses": 135900000,
        "sellingAndMarketingExpenses": 700000,
        "sellingGeneralAndAdministrativeExpenses": 136600000,
        "otherExpenses": 0,
        "operatingExpenses": 154500000,
        "costAndExpenses": 626000000,
        "interestIncome": 100000,
        "interestExpense": 25000000,
        "depreciationAndAmortization": 33300000,
        "ebitda": 169300000,
        "ebitdaratio": 0.2164684823,
        "operatingIncome": 156100000,
        "operatingIncomeRatio": 0.1995908452,
        "totalOtherIncomeExpensesNet": -45000000,
        "incomeBeforeTax": 111100000,
        "incomeBeforeTaxRatio": 0.1420534459,
        "incomeTaxExpense": 53600000,
        "netIncome": 57400000,
        "netIncomeRatio": 0.0733921493,
        "eps": 0.79,
        "epsdiluted": 0.78,
        "weightedAverageShsOut": 72600000,
        "weightedAverageShsOutDil": 73200000,
        "link": "https://www.sec.gov/Archives/edgar/data/1045309/000104530915000101/0001045309-15-000101-index.html",
        "finalLink": "https://www.sec.gov/Archives/edgar/data/1045309/000104530915000101/gra-20152q10xq.htm"
    },
    {
        "date": "2015-03-31",
        "symbol": "GRA",
        "reportedCurrency": "USD",
        "cik": "0001045309",
        "fillingDate": "2015-05-07",
        "acceptedDate": "2015-05-07 16:14:18",
        "calendarYear": "2015",
        "period": "Q1",
        "revenue": 720600000,
        "costOfRevenue": 462300000,
        "grossProfit": 258300000,
        "grossProfitRatio": 0.3584512906,
        "researchAndDevelopmentExpenses": 17900000,
        "generalAndAdministrativeExpenses": 0,
        "sellingAndMarketingExpenses": 0,
        "sellingGeneralAndAdministrativeExpenses": 133900000,
        "otherExpenses": 0,
        "operatingExpenses": 151800000,
        "costAndExpenses": 614100000,
        "interestIncome": 100000,
        "interestExpense": 25000000,
        "depreciationAndAmortization": 33500000,
        "ebitda": 139900000,
        "ebitdaratio": 0.1941437691,
        "operatingIncome": 106500000,
        "operatingIncomeRatio": 0.1477935054,
        "totalOtherIncomeExpensesNet": -25000000,
        "incomeBeforeTax": 81500000,
        "incomeBeforeTaxRatio": 0.1131001943,
        "incomeTaxExpense": 28700000,
        "netIncome": 52700000,
        "netIncomeRatio": 0.0731334999,
        "eps": 0.72,
        "epsdiluted": 0.72,
        "weightedAverageShsOut": 72800000,
        "weightedAverageShsOutDil": 73500000,
        "link": "https://www.sec.gov/Archives/edgar/data/1045309/000104530915000054/0001045309-15-000054-index.html",
        "finalLink": "https://www.sec.gov/Archives/edgar/data/1045309/000104530915000054/gra-20151q10xq.htm"
    },
    {
        "date": "2014-12-31",
        "symbol": "GRA",
        "reportedCurrency": "USD",
        "cik": "0001045309",
        "fillingDate": "2015-02-25",
        "acceptedDate": "2015-02-25 13:03:53",
        "calendarYear": "2014",
        "period": "Q4",
        "revenue": 804100000,
        "costOfRevenue": 529600000,
        "grossProfit": 274500000,
        "grossProfitRatio": 0.3413754508,
        "researchAndDevelopmentExpenses": 18200000,
        "generalAndAdministrativeExpenses": 227600000,
        "sellingAndMarketingExpenses": 5000000,
        "sellingGeneralAndAdministrativeExpenses": 232600000,
        "otherExpenses": 0,
        "operatingExpenses": 250800000,
        "costAndExpenses": 780400000,
        "interestIncome": 100000,
        "interestExpense": 24700000,
        "depreciationAndAmortization": 34800000,
        "ebitda": 65300000,
        "ebitdaratio": 0.0812088049,
        "operatingIncome": 23700000,
        "operatingIncomeRatio": 0.029473946,
        "totalOtherIncomeExpensesNet": -18100000,
        "incomeBeforeTax": 5600000,
        "incomeBeforeTaxRatio": 0.0069643079,
        "incomeTaxExpense": -9700000,
        "netIncome": 15500000,
        "netIncomeRatio": 0.0192762094,
        "eps": 0.21,
        "epsdiluted": 0.21,
        "weightedAverageShsOut": 73600000,
        "weightedAverageShsOutDil": 74400000,
        "link": "https://www.sec.gov/Archives/edgar/data/1045309/000104530915000030/0001045309-15-000030-index.htm",
        "finalLink": "https://www.sec.gov/Archives/edgar/data/1045309/000104530915000030/gra-201410xk.htm"
    },
    {
        "date": "2014-09-30",
        "symbol": "GRA",
        "reportedCurrency": "USD",
        "cik": "0001045309",
        "fillingDate": "2014-11-06",
        "acceptedDate": "2014-11-06 14:27:24",
        "calendarYear": "2014",
        "period": "Q3",
        "revenue": 856400000,
        "costOfRevenue": 528600000,
        "grossProfit": 327800000,
        "grossProfitRatio": 0.3827650631,
        "researchAndDevelopmentExpenses": 20500000,
        "generalAndAdministrativeExpenses": 124000000,
        "sellingAndMarketingExpenses": 4200000,
        "sellingGeneralAndAdministrativeExpenses": 128200000,
        "otherExpenses": 0,
        "operatingExpenses": 148700000,
        "costAndExpenses": 677300000,
        "interestIncome": 300000,
        "interestExpense": 58400000,
        "depreciationAndAmortization": 34300000,
        "ebitda": 211800000,
        "ebitdaratio": 0.2473143391,
        "operatingIncome": 179100000,
        "operatingIncomeRatio": 0.2091312471,
        "totalOtherIncomeExpensesNet": -59500000,
        "incomeBeforeTax": 119600000,
        "incomeBeforeTaxRatio": 0.1396543671,
        "incomeTaxExpense": 44600000,
        "netIncome": 74500000,
        "netIncomeRatio": 0.0869920598,
        "eps": 1,
        "epsdiluted": 0.99,
        "weightedAverageShsOut": 74700000,
        "weightedAverageShsOutDil": 75600000,
        "link": "https://www.sec.gov/Archives/edgar/data/1045309/000104530914000124/0001045309-14-000124-index.html",
        "finalLink": "https://www.sec.gov/Archives/edgar/data/1045309/000104530914000124/gra-20143q10xq.htm"
    },
    {
        "date": "2014-06-30",
        "symbol": "GRA",
        "reportedCurrency": "USD",
        "cik": "0001045309",
        "fillingDate": "2014-08-07",
        "acceptedDate": "2014-08-07 10:37:24",
        "calendarYear": "2014",
        "period": "Q2",
        "revenue": 838000000,
        "costOfRevenue": 517100000,
        "grossProfit": 320900000,
        "grossProfitRatio": 0.3829355609,
        "researchAndDevelopmentExpenses": 20300000,
        "generalAndAdministrativeExpenses": 136100000,
        "sellingAndMarketingExpenses": 3400000,
        "sellingGeneralAndAdministrativeExpenses": 139500000,
        "otherExpenses": 0,
        "operatingExpenses": 159800000,
        "costAndExpenses": 676900000,
        "interestIncome": 500000,
        "interestExpense": 24700000,
        "depreciationAndAmortization": 34000000,
        "ebitda": 187200000,
        "ebitdaratio": 0.2233890215,
        "operatingIncome": 161100000,
        "operatingIncomeRatio": 0.1922434368,
        "totalOtherIncomeExpensesNet": -32100000,
        "incomeBeforeTax": 129000000,
        "incomeBeforeTaxRatio": 0.1539379475,
        "incomeTaxExpense": -7700000,
        "netIncome": 136200000,
        "netIncomeRatio": 0.1625298329,
        "eps": 1.79,
        "epsdiluted": 1.77,
        "weightedAverageShsOut": 75900000,
        "weightedAverageShsOutDil": 76800000,
        "link": "https://www.sec.gov/Archives/edgar/data/1045309/000104530914000101/0001045309-14-000101-index.html",
        "finalLink": "https://www.sec.gov/Archives/edgar/data/1045309/000104530914000101/gra-20142q10xq.htm"
    },
    {
        "date": "2014-03-31",
        "symbol": "GRA",
        "reportedCurrency": "USD",
        "cik": "0001045309",
        "fillingDate": "2014-05-08",
        "acceptedDate": "2014-05-08 10:55:26",
        "calendarYear": "2014",
        "period": "Q1",
        "revenue": 744500000,
        "costOfRevenue": 475300000,
        "grossProfit": 269200000,
        "grossProfitRatio": 0.3615849563,
        "researchAndDevelopmentExpenses": 20500000,
        "generalAndAdministrativeExpenses": 0,
        "sellingAndMarketingExpenses": 0,
        "sellingGeneralAndAdministrativeExpenses": 138000000,
        "otherExpenses": 0,
        "operatingExpenses": 158500000,
        "costAndExpenses": 633800000,
        "interestIncome": 500000,
        "interestExpense": 19400000,
        "depreciationAndAmortization": 34000000,
        "ebitda": 133300000,
        "ebitdaratio": 0.1790463398,
        "operatingIncome": 110700000,
        "operatingIncomeRatio": 0.1486903962,
        "totalOtherIncomeExpensesNet": -30600000,
        "incomeBeforeTax": 80100000,
        "incomeBeforeTaxRatio": 0.1075889859,
        "incomeTaxExpense": 29800000,
        "netIncome": 50100000,
        "netIncomeRatio": 0.0672934856,
        "eps": 0.65,
        "epsdiluted": 0.64,
        "weightedAverageShsOut": 77000000,
        "weightedAverageShsOutDil": 78100000,
        "link": "https://www.sec.gov/Archives/edgar/data/1045309/000104530914000057/0001045309-14-000057-index.html",
        "finalLink": "https://www.sec.gov/Archives/edgar/data/1045309/000104530914000057/gra-20141q10xq.htm"
    },
    {
        "date": "2013-12-31",
        "symbol": "GRA",
        "reportedCurrency": "USD",
        "cik": "0001045309",
        "fillingDate": "2014-02-27",
        "acceptedDate": "2014-02-27 14:14:43",
        "calendarYear": "2013",
        "period": "Q4",
        "revenue": 776700000,
        "costOfRevenue": 486400000,
        "grossProfit": 290300000,
        "grossProfitRatio": 0.3737607828,
        "researchAndDevelopmentExpenses": 16700000,
        "generalAndAdministrativeExpenses": 0,
        "sellingAndMarketingExpenses": 0,
        "sellingGeneralAndAdministrativeExpenses": 63300000,
        "otherExpenses": 0,
        "operatingExpenses": 80000000,
        "costAndExpenses": 566400000,
        "interestIncome": 500000,
        "interestExpense": 140700000,
        "depreciationAndAmortization": 31300000,
        "ebitda": 219200000,
        "ebitdaratio": 0.2822196472,
        "operatingIncome": 210300000,
        "operatingIncomeRatio": 0.2707609115,
        "totalOtherIncomeExpensesNet": -162600000,
        "incomeBeforeTax": 47700000,
        "incomeBeforeTaxRatio": 0.0614136732,
        "incomeTaxExpense": -3800000,
        "netIncome": 51000000,
        "netIncomeRatio": 0.0656624179,
        "eps": 0.66,
        "epsdiluted": 0.65,
        "weightedAverageShsOut": 77000000,
        "weightedAverageShsOutDil": 78100000,
        "link": "https://www.sec.gov/Archives/edgar/data/1045309/000104530914000032/0001045309-14-000032-index.htm",
        "finalLink": "https://www.sec.gov/Archives/edgar/data/1045309/000104530914000032/gra-20131231x10k.htm"
    },
    {
        "date": "2013-09-30",
        "symbol": "GRA",
        "reportedCurrency": "USD",
        "cik": "0001045309",
        "fillingDate": "2013-11-08",
        "acceptedDate": "2013-11-07 18:38:20",
        "calendarYear": "2013",
        "period": "Q3",
        "revenue": 771300000,
        "costOfRevenue": 486600000,
        "grossProfit": 284700000,
        "grossProfitRatio": 0.3691170751,
        "researchAndDevelopmentExpenses": 15000000,
        "generalAndAdministrativeExpenses": 143400000,
        "sellingAndMarketingExpenses": 1700000,
        "sellingGeneralAndAdministrativeExpenses": 145100000,
        "otherExpenses": 0,
        "operatingExpenses": 160100000,
        "costAndExpenses": 646700000,
        "interestIncome": 200000,
        "interestExpense": 10700000,
        "depreciationAndAmortization": 30000000,
        "ebitda": 149900000,
        "ebitdaratio": 0.194347206,
        "operatingIncome": 124600000,
        "operatingIncomeRatio": 0.1615454428,
        "totalOtherIncomeExpensesNet": -15100000,
        "incomeBeforeTax": 109500000,
        "incomeBeforeTaxRatio": 0.1419681058,
        "incomeTaxExpense": 39800000,
        "netIncome": 69400000,
        "netIncomeRatio": 0.0899779593,
        "eps": 0.9,
        "epsdiluted": 0.89,
        "weightedAverageShsOut": 76700000,
        "weightedAverageShsOutDil": 77900000,
        "link": "https://www.sec.gov/Archives/edgar/data/1045309/000104530913000109/0001045309-13-000109-index.html",
        "finalLink": "https://www.sec.gov/Archives/edgar/data/1045309/000104530913000109/gra-20130930x10q.htm"
    },
    {
        "date": "2013-06-30",
        "symbol": "GRA",
        "reportedCurrency": "USD",
        "cik": "0001045309",
        "fillingDate": "2013-08-02",
        "acceptedDate": "2013-08-02 11:38:40",
        "calendarYear": "2013",
        "period": "Q2",
        "revenue": 802800000,
        "costOfRevenue": 499500000,
        "grossProfit": 303300000,
        "grossProfitRatio": 0.3778026906,
        "researchAndDevelopmentExpenses": 16600000,
        "generalAndAdministrativeExpenses": 155700000,
        "sellingAndMarketingExpenses": 1300000,
        "sellingGeneralAndAdministrativeExpenses": 157000000,
        "otherExpenses": 0,
        "operatingExpenses": 173600000,
        "costAndExpenses": 673100000,
        "interestIncome": 100000,
        "interestExpense": 10900000,
        "depreciationAndAmortization": 30700000,
        "ebitda": 163200000,
        "ebitdaratio": 0.2032884903,
        "operatingIncome": 129700000,
        "operatingIncomeRatio": 0.1615595416,
        "totalOtherIncomeExpensesNet": -7600000,
        "incomeBeforeTax": 122100000,
        "incomeBeforeTaxRatio": 0.1520926756,
        "incomeTaxExpense": 38800000,
        "netIncome": 82800000,
        "netIncomeRatio": 0.1031390135,
        "eps": 1.09,
        "epsdiluted": 1.07,
        "weightedAverageShsOut": 76300000,
        "weightedAverageShsOutDil": 77600000,
        "link": "https://www.sec.gov/Archives/edgar/data/1045309/000104530913000097/0001045309-13-000097-index.html",
        "finalLink": "https://www.sec.gov/Archives/edgar/data/1045309/000104530913000097/gra-20130630x10q.htm"
    },
    {
        "date": "2013-03-31",
        "symbol": "GRA",
        "reportedCurrency": "USD",
        "cik": "0001045309",
        "fillingDate": "2013-05-03",
        "acceptedDate": "2013-05-03 11:37:29",
        "calendarYear": "2013",
        "period": "Q1",
        "revenue": 709900000,
        "costOfRevenue": 446100000,
        "grossProfit": 263800000,
        "grossProfitRatio": 0.371601634,
        "researchAndDevelopmentExpenses": 16900000,
        "generalAndAdministrativeExpenses": 147500000,
        "sellingAndMarketingExpenses": 1000000,
        "sellingGeneralAndAdministrativeExpenses": 148500000,
        "otherExpenses": 0,
        "operatingExpenses": 165400000,
        "costAndExpenses": 611500000,
        "interestIncome": 200000,
        "interestExpense": 10500000,
        "depreciationAndAmortization": 31100000,
        "ebitda": 122600000,
        "ebitdaratio": 0.1727003803,
        "operatingIncome": 98400000,
        "operatingIncomeRatio": 0.138611072,
        "totalOtherIncomeExpensesNet": -17100000,
        "incomeBeforeTax": 81300000,
        "incomeBeforeTaxRatio": 0.1145231723,
        "incomeTaxExpense": 28100000,
        "netIncome": 52900000,
        "netIncomeRatio": 0.0745175377,
        "eps": 0.7,
        "epsdiluted": 0.69,
        "weightedAverageShsOut": 75700000,
        "weightedAverageShsOutDil": 77200000,
        "link": "https://www.sec.gov/Archives/edgar/data/1045309/000104530913000050/0001045309-13-000050-index.html",
        "finalLink": "https://www.sec.gov/Archives/edgar/data/1045309/000104530913000050/gra-20130331x10q.htm"
    },
    {
        "date": "2012-12-31",
        "symbol": "GRA",
        "reportedCurrency": "USD",
        "cik": "0001045309",
        "fillingDate": "2013-02-27",
        "acceptedDate": "2013-02-27 12:00:09",
        "calendarYear": "2012",
        "period": "Q4",
        "revenue": 797800000,
        "costOfRevenue": 497500000,
        "grossProfit": 300300000,
        "grossProfitRatio": 0.3764101279,
        "researchAndDevelopmentExpenses": 16600000,
        "generalAndAdministrativeExpenses": 139900000,
        "sellingAndMarketingExpenses": 368600000,
        "sellingGeneralAndAdministrativeExpenses": 508500000,
        "otherExpenses": 0,
        "operatingExpenses": 525100000,
        "costAndExpenses": 1022600000,
        "interestIncome": 300000,
        "interestExpense": 12400000,
        "depreciationAndAmortization": 30100000,
        "ebitda": -208400000,
        "ebitdaratio": -0.2612183505,
        "operatingIncome": -224800000,
        "operatingIncomeRatio": -0.2817748809,
        "totalOtherIncomeExpensesNet": -26400000,
        "incomeBeforeTax": -251200000,
        "incomeBeforeTaxRatio": -0.3148658812,
        "incomeTaxExpense": -139300000,
        "netIncome": -111600000,
        "netIncomeRatio": -0.1398846829,
        "eps": -1.48,
        "epsdiluted": -1.48,
        "weightedAverageShsOut": 75400000,
        "weightedAverageShsOutDil": 75400000,
        "link": "https://www.sec.gov/Archives/edgar/data/1045309/000104530913000015/0001045309-13-000015-index.html",
        "finalLink": "https://www.sec.gov/Archives/edgar/data/1045309/000104530913000015/gra-20121231x10k.htm"
    },
    {
        "date": "2012-09-30",
        "symbol": "GRA",
        "reportedCurrency": "USD",
        "cik": "0001045309",
        "fillingDate": "2012-11-08",
        "acceptedDate": "2012-11-08 16:23:25",
        "calendarYear": "2012",
        "period": "Q3",
        "revenue": 776600000,
        "costOfRevenue": 491800000,
        "grossProfit": 284800000,
        "grossProfitRatio": 0.3667267577,
        "researchAndDevelopmentExpenses": 15400000,
        "generalAndAdministrativeExpenses": 153400000,
        "sellingAndMarketingExpenses": 0,
        "sellingGeneralAndAdministrativeExpenses": 153400000,
        "otherExpenses": 0,
        "operatingExpenses": 168800000,
        "costAndExpenses": 660600000,
        "interestIncome": 300000,
        "interestExpense": 11500000,
        "depreciationAndAmortization": 29700000,
        "ebitda": 152100000,
        "ebitdaratio": 0.1958537213,
        "operatingIncome": 116000000,
        "operatingIncomeRatio": 0.1493690446,
        "totalOtherIncomeExpensesNet": -4600000,
        "incomeBeforeTax": 111400000,
        "incomeBeforeTaxRatio": 0.1434457893,
        "incomeTaxExpense": 35400000,
        "netIncome": 75500000,
        "netIncomeRatio": 0.0972186454,
        "eps": 1.01,
        "epsdiluted": 0.99,
        "weightedAverageShsOut": 75000000,
        "weightedAverageShsOutDil": 76400000,
        "link": "https://www.sec.gov/Archives/edgar/data/1045309/000104746912010260/0001047469-12-010260-index.html",
        "finalLink": "https://www.sec.gov/Archives/edgar/data/1045309/000104746912010260/a2211539z10-q.htm"
    },
    {
        "date": "2012-06-30",
        "symbol": "GRA",
        "reportedCurrency": "USD",
        "cik": "0001045309",
        "fillingDate": "2012-08-06",
        "acceptedDate": "2012-08-06 11:31:20",
        "calendarYear": "2012",
        "period": "Q2",
        "revenue": 826700000,
        "costOfRevenue": 522600000,
        "grossProfit": 304100000,
        "grossProfitRatio": 0.3678480706,
        "researchAndDevelopmentExpenses": 16000000,
        "generalAndAdministrativeExpenses": 154900000,
        "sellingAndMarketingExpenses": 19500000,
        "sellingGeneralAndAdministrativeExpenses": 174400000,
        "otherExpenses": 0,
        "operatingExpenses": 190400000,
        "costAndExpenses": 713000000,
        "interestIncome": 300000,
        "interestExpense": 11300000,
        "depreciationAndAmortization": 29800000,
        "ebitda": 146200000,
        "ebitdaratio": 0.1768477078,
        "operatingIncome": 113700000,
        "operatingIncomeRatio": 0.1375347768,
        "totalOtherIncomeExpensesNet": -8200000,
        "incomeBeforeTax": 105500000,
        "incomeBeforeTaxRatio": 0.1276158219,
        "incomeTaxExpense": 35800000,
        "netIncome": 69300000,
        "netIncomeRatio": 0.083827265,
        "eps": 0.93,
        "epsdiluted": 0.9,
        "weightedAverageShsOut": 74700000,
        "weightedAverageShsOutDil": 76600000,
        "link": "https://www.sec.gov/Archives/edgar/data/1045309/000104746912007782/0001047469-12-007782-index.html",
        "finalLink": "https://www.sec.gov/Archives/edgar/data/1045309/000104746912007782/a2210406z10-q.htm"
    },
    {
        "date": "2012-03-31",
        "symbol": "GRA",
        "reportedCurrency": "USD",
        "cik": "0001045309",
        "fillingDate": "2012-05-04",
        "acceptedDate": "2012-05-04 09:16:15",
        "calendarYear": "2012",
        "period": "Q1",
        "revenue": 754400000,
        "costOfRevenue": 477300000,
        "grossProfit": 277100000,
        "grossProfitRatio": 0.3673117709,
        "researchAndDevelopmentExpenses": 16500000,
        "generalAndAdministrativeExpenses": 160500000,
        "sellingAndMarketingExpenses": 0,
        "sellingGeneralAndAdministrativeExpenses": 160500000,
        "otherExpenses": 0,
        "operatingExpenses": 177000000,
        "costAndExpenses": 654300000,
        "interestIncome": 100000,
        "interestExpense": 11300000,
        "depreciationAndAmortization": 29400000,
        "ebitda": 132400000,
        "ebitdaratio": 0.1755037116,
        "operatingIncome": 100100000,
        "operatingIncomeRatio": 0.1326882291,
        "totalOtherIncomeExpensesNet": -8000000,
        "incomeBeforeTax": 92100000,
        "incomeBeforeTaxRatio": 0.1220837752,
        "incomeTaxExpense": 30800000,
        "netIncome": 60900000,
        "netIncomeRatio": 0.0807264051,
        "eps": 0.82,
        "epsdiluted": 0.8,
        "weightedAverageShsOut": 74300000,
        "weightedAverageShsOutDil": 76400000,
        "link": "https://www.sec.gov/Archives/edgar/data/1045309/000104746912001426/0001047469-12-001426-index.htm",
        "finalLink": "https://www.sec.gov/Archives/edgar/data/1045309/000104746912001426/a2207391z10-k.htm"
    },
    {
        "date": "2011-12-31",
        "symbol": "GRA",
        "reportedCurrency": "USD",
        "cik": "0001045309",
        "fillingDate": "2012-02-24",
        "acceptedDate": "2012-02-24 10:03:27",
        "calendarYear": "2011",
        "period": "Q4",
        "revenue": 825600000,
        "costOfRevenue": 538300000,
        "grossProfit": 287300000,
        "grossProfitRatio": 0.3479893411,
        "researchAndDevelopmentExpenses": 19400000,
        "generalAndAdministrativeExpenses": 140800000,
        "sellingAndMarketingExpenses": 12400000,
        "sellingGeneralAndAdministrativeExpenses": 153200000,
        "otherExpenses": 0,
        "operatingExpenses": 172600000,
        "costAndExpenses": 710900000,
        "interestIncome": 0,
        "interestExpense": 10800000,
        "depreciationAndAmortization": 30100000,
        "ebitda": 111200000,
        "ebitdaratio": 0.1346899225,
        "operatingIncome": 114700000,
        "operatingIncomeRatio": 0.1389292636,
        "totalOtherIncomeExpensesNet": -44400000,
        "incomeBeforeTax": 70300000,
        "incomeBeforeTaxRatio": 0.0851501938,
        "incomeTaxExpense": 12200000,
        "netIncome": 58100000,
        "netIncomeRatio": 0.070373062,
        "eps": 0.78,
        "epsdiluted": 0.78,
        "weightedAverageShsOut": 74300000,
        "weightedAverageShsOutDil": 74300000,
        "link": "https://www.sec.gov/Archives/edgar/data/1045309/000104746912001426/0001047469-12-001426-index.html",
        "finalLink": "https://www.sec.gov/Archives/edgar/data/1045309/000104746912001426/a2207391z10-k.htm"
    },
    {
        "date": "2011-09-30",
        "symbol": "GRA",
        "reportedCurrency": "USD",
        "cik": "0001045309",
        "fillingDate": "2011-11-04",
        "acceptedDate": "2011-11-04 09:28:21",
        "calendarYear": "2011",
        "period": "Q3",
        "revenue": 864200000,
        "costOfRevenue": 548700000,
        "grossProfit": 315500000,
        "grossProfitRatio": 0.3650775283,
        "researchAndDevelopmentExpenses": 16800000,
        "generalAndAdministrativeExpenses": 168700000,
        "sellingAndMarketingExpenses": -2800000,
        "sellingGeneralAndAdministrativeExpenses": 165900000,
        "otherExpenses": 0,
        "operatingExpenses": 182700000,
        "costAndExpenses": 731400000,
        "interestIncome": 0,
        "interestExpense": 11100000,
        "depreciationAndAmortization": 31000000,
        "ebitda": 163800000,
        "ebitdaratio": 0.1895394585,
        "operatingIncome": 132800000,
        "operatingIncomeRatio": 0.1536681324,
        "totalOtherIncomeExpensesNet": -11200000,
        "incomeBeforeTax": 121600000,
        "incomeBeforeTaxRatio": 0.1407081694,
        "incomeTaxExpense": 40400000,
        "netIncome": 81300000,
        "netIncomeRatio": 0.0940754455,
        "eps": 1.1,
        "epsdiluted": 1.07,
        "weightedAverageShsOut": 73700000,
        "weightedAverageShsOutDil": 75700000,
        "link": "https://www.sec.gov/Archives/edgar/data/1045309/000104746911009027/0001047469-11-009027-index.html",
        "finalLink": "https://www.sec.gov/Archives/edgar/data/1045309/000104746911009027/a2206070z10-q.htm"
    },
    {
        "date": "2011-06-30",
        "symbol": "GRA",
        "reportedCurrency": "USD",
        "cik": "0001045309",
        "fillingDate": "2011-08-05",
        "acceptedDate": "2011-08-05 09:38:53",
        "calendarYear": "2011",
        "period": "Q2",
        "revenue": 826400000,
        "costOfRevenue": 522500000,
        "grossProfit": 303900000,
        "grossProfitRatio": 0.3677395934,
        "researchAndDevelopmentExpenses": 16700000,
        "generalAndAdministrativeExpenses": 167500000,
        "sellingAndMarketingExpenses": 0,
        "sellingGeneralAndAdministrativeExpenses": 167500000,
        "otherExpenses": 0,
        "operatingExpenses": 184200000,
        "costAndExpenses": 706700000,
        "interestIncome": 300000,
        "interestExpense": 11000000,
        "depreciationAndAmortization": 29700000,
        "ebitda": 153100000,
        "ebitdaratio": 0.1852613746,
        "operatingIncome": 119700000,
        "operatingIncomeRatio": 0.1448451113,
        "totalOtherIncomeExpensesNet": -7600000,
        "incomeBeforeTax": 112100000,
        "incomeBeforeTaxRatio": 0.1356485963,
        "incomeTaxExpense": 36600000,
        "netIncome": 75800000,
        "netIncomeRatio": 0.0917231365,
        "eps": 1.03,
        "epsdiluted": 1,
        "weightedAverageShsOut": 73400000,
        "weightedAverageShsOutDil": 75600000,
        "link": "https://www.sec.gov/Archives/edgar/data/1045309/000104746911006984/0001047469-11-006984-index.html",
        "finalLink": "https://www.sec.gov/Archives/edgar/data/1045309/000104746911006984/a2205031z10-q.htm"
    },
    {
        "date": "2011-03-31",
        "symbol": "GRA",
        "reportedCurrency": "USD",
        "cik": "0001045309",
        "fillingDate": "2011-05-06",
        "acceptedDate": "2011-05-06 15:32:44",
        "calendarYear": "2011",
        "period": "Q1",
        "revenue": 695700000,
        "costOfRevenue": 443900000,
        "grossProfit": 251800000,
        "grossProfitRatio": 0.3619376168,
        "researchAndDevelopmentExpenses": 15600000,
        "generalAndAdministrativeExpenses": 151600000,
        "sellingAndMarketingExpenses": -5500000,
        "sellingGeneralAndAdministrativeExpenses": 146100000,
        "otherExpenses": 0,
        "operatingExpenses": 161700000,
        "costAndExpenses": 605600000,
        "interestIncome": 0,
        "interestExpense": 10400000,
        "depreciationAndAmortization": 29200000,
        "ebitda": 119300000,
        "ebitdaratio": 0.1714819606,
        "operatingIncome": 90100000,
        "operatingIncomeRatio": 0.1295098462,
        "totalOtherIncomeExpensesNet": -10600000,
        "incomeBeforeTax": 79500000,
        "incomeBeforeTaxRatio": 0.1142733937,
        "incomeTaxExpense": 25500000,
        "netIncome": 54200000,
        "netIncomeRatio": 0.0779071439,
        "eps": 0.74,
        "epsdiluted": 0.72,
        "weightedAverageShsOut": 73200000,
        "weightedAverageShsOutDil": 75100000,
        "link": "https://www.sec.gov/Archives/edgar/data/1045309/000104746911004712/0001047469-11-004712-index.html",
        "finalLink": "https://www.sec.gov/Archives/edgar/data/1045309/000104746911004712/a2203839z10-q.htm"
    },
    {
        "date": "2010-12-31",
        "symbol": "GRA",
        "reportedCurrency": "USD",
        "cik": "0001045309",
        "fillingDate": "2011-02-25",
        "acceptedDate": "2011-02-25 12:17:56",
        "calendarYear": "2010",
        "period": "Q4",
        "revenue": 693000000,
        "costOfRevenue": 451300000,
        "grossProfit": 241700000,
        "grossProfitRatio": 0.3487734488,
        "researchAndDevelopmentExpenses": 15400000,
        "generalAndAdministrativeExpenses": 140400000,
        "sellingAndMarketingExpenses": 12800000,
        "sellingGeneralAndAdministrativeExpenses": 153200000,
        "otherExpenses": 0,
        "operatingExpenses": 168600000,
        "costAndExpenses": 619900000,
        "interestIncome": 0,
        "interestExpense": 10200000,
        "depreciationAndAmortization": 28700000,
        "ebitda": 95400000,
        "ebitdaratio": 0.1376623377,
        "operatingIncome": 73100000,
        "operatingIncomeRatio": 0.1054834055,
        "totalOtherIncomeExpensesNet": -16700000,
        "incomeBeforeTax": 56400000,
        "incomeBeforeTaxRatio": 0.0813852814,
        "incomeTaxExpense": 11600000,
        "netIncome": 44900000,
        "netIncomeRatio": 0.0647907648,
        "eps": 0.61,
        "epsdiluted": 0.61,
        "weightedAverageShsOut": 73200000,
        "weightedAverageShsOutDil": 73200000,
        "link": "https://www.sec.gov/Archives/edgar/data/1045309/000104746911001361/0001047469-11-001361-index.htm",
        "finalLink": "https://www.sec.gov/Archives/edgar/data/1045309/000104746911001361/a2202128z10-k.htm"
    },
    {
        "date": "2010-09-30",
        "symbol": "GRA",
        "reportedCurrency": "USD",
        "cik": "0001045309",
        "fillingDate": "2010-11-05",
        "acceptedDate": "2010-11-05 10:39:21",
        "calendarYear": "2010",
        "period": "Q3",
        "revenue": 682100000,
        "costOfRevenue": 436600000,
        "grossProfit": 245500000,
        "grossProfitRatio": 0.3599179006,
        "researchAndDevelopmentExpenses": 14800000,
        "generalAndAdministrativeExpenses": 146600000,
        "sellingAndMarketingExpenses": -3800000,
        "sellingGeneralAndAdministrativeExpenses": 142800000,
        "otherExpenses": 0,
        "operatingExpenses": 157600000,
        "costAndExpenses": 594200000,
        "interestIncome": 0,
        "interestExpense": 10200000,
        "depreciationAndAmortization": 27200000,
        "ebitda": 109400000,
        "ebitdaratio": 0.16038704,
        "operatingIncome": 87900000,
        "operatingIncomeRatio": 0.1288667351,
        "totalOtherIncomeExpensesNet": -15900000,
        "incomeBeforeTax": 72000000,
        "incomeBeforeTaxRatio": 0.10555637,
        "incomeTaxExpense": 17100000,
        "netIncome": 54900000,
        "netIncomeRatio": 0.0804867322,
        "eps": 0.75,
        "epsdiluted": 0.74,
        "weightedAverageShsOut": 72800000,
        "weightedAverageShsOutDil": 74300000,
        "link": "https://www.sec.gov/Archives/edgar/data/1045309/000104746910009285/0001047469-10-009285-index.html",
        "finalLink": "https://www.sec.gov/Archives/edgar/data/1045309/000104746910009285/a2200705z10-q.htm"
    },
    {
        "date": "2010-06-30",
        "symbol": "GRA",
        "reportedCurrency": "USD",
        "cik": "0001045309",
        "fillingDate": "2010-08-05",
        "acceptedDate": "2010-08-05 16:50:04",
        "calendarYear": "2010",
        "period": "Q2",
        "revenue": 685000000,
        "costOfRevenue": 440500000,
        "grossProfit": 244500000,
        "grossProfitRatio": 0.3569343066,
        "researchAndDevelopmentExpenses": 14800000,
        "generalAndAdministrativeExpenses": 152500000,
        "sellingAndMarketingExpenses": -6300000,
        "sellingGeneralAndAdministrativeExpenses": 146200000,
        "otherExpenses": 0,
        "operatingExpenses": 161000000,
        "costAndExpenses": 601500000,
        "interestIncome": 0,
        "interestExpense": 11000000,
        "depreciationAndAmortization": 30200000,
        "ebitda": 112500000,
        "ebitdaratio": 0.1642335766,
        "operatingIncome": 83500000,
        "operatingIncomeRatio": 0.1218978102,
        "totalOtherIncomeExpensesNet": -12200000,
        "incomeBeforeTax": 71300000,
        "incomeBeforeTaxRatio": 0.1040875912,
        "incomeTaxExpense": 20300000,
        "netIncome": 51000000,
        "netIncomeRatio": 0.0744525547,
        "eps": 0.7,
        "epsdiluted": 0.69,
        "weightedAverageShsOut": 72700000,
        "weightedAverageShsOutDil": 74400000,
        "link": "https://www.sec.gov/Archives/edgar/data/1045309/000104746910007068/0001047469-10-007068-index.html",
        "finalLink": "https://www.sec.gov/Archives/edgar/data/1045309/000104746910007068/a2199606z10-q.htm"
    },
    {
        "date": "2010-03-31",
        "symbol": "GRA",
        "reportedCurrency": "USD",
        "cik": "0001045309",
        "fillingDate": "2010-05-06",
        "acceptedDate": "2010-05-06 10:51:56",
        "calendarYear": "2010",
        "period": "Q1",
        "revenue": 614900000,
        "costOfRevenue": 401200000,
        "grossProfit": 213700000,
        "grossProfitRatio": 0.3475361847,
        "researchAndDevelopmentExpenses": 15300000,
        "generalAndAdministrativeExpenses": 147300000,
        "sellingAndMarketingExpenses": -1200000,
        "sellingGeneralAndAdministrativeExpenses": 146100000,
        "otherExpenses": 0,
        "operatingExpenses": 161400000,
        "costAndExpenses": 562600000,
        "interestIncome": 0,
        "interestExpense": 9900000,
        "depreciationAndAmortization": 29500000,
        "ebitda": 79200000,
        "ebitdaratio": 0.1288014311,
        "operatingIncome": 52300000,
        "operatingIncomeRatio": 0.0850544804,
        "totalOtherIncomeExpensesNet": -12100000,
        "incomeBeforeTax": 40200000,
        "incomeBeforeTaxRatio": 0.065376484,
        "incomeTaxExpense": -16500000,
        "netIncome": 56300000,
        "netIncomeRatio": 0.0915596032,
        "eps": 0.78,
        "epsdiluted": 0.76,
        "weightedAverageShsOut": 72400000,
        "weightedAverageShsOutDil": 74400000,
        "link": "https://www.sec.gov/Archives/edgar/data/1045309/000104746910004855/0001047469-10-004855-index.html",
        "finalLink": "https://www.sec.gov/Archives/edgar/data/1045309/000104746910004855/a2198482z10-q.htm"
    },
    {
        "date": "2009-12-31",
        "symbol": "GRA",
        "reportedCurrency": "USD",
        "cik": "0001045309",
        "fillingDate": "2010-02-25",
        "acceptedDate": "2010-02-25 17:16:53",
        "calendarYear": "2009",
        "period": "Q4",
        "revenue": 678300000,
        "costOfRevenue": 430100000,
        "grossProfit": 248200000,
        "grossProfitRatio": 0.365914787,
        "researchAndDevelopmentExpenses": 17300000,
        "generalAndAdministrativeExpenses": 129200000,
        "sellingAndMarketingExpenses": 44400000,
        "sellingGeneralAndAdministrativeExpenses": 173600000,
        "otherExpenses": 0,
        "operatingExpenses": 190900000,
        "costAndExpenses": 621000000,
        "interestIncome": 0,
        "interestExpense": 9800000,
        "depreciationAndAmortization": 28500000,
        "ebitda": 79200000,
        "ebitdaratio": 0.1167624945,
        "operatingIncome": 57300000,
        "operatingIncomeRatio": 0.0844758956,
        "totalOtherIncomeExpensesNet": -16300000,
        "incomeBeforeTax": 41000000,
        "incomeBeforeTaxRatio": 0.0604452307,
        "incomeTaxExpense": -5500000,
        "netIncome": 46400000,
        "netIncomeRatio": 0.0684063099,
        "eps": 0.64,
        "epsdiluted": 0.64,
        "weightedAverageShsOut": 72400000,
        "weightedAverageShsOutDil": 72400000,
        "link": "https://www.sec.gov/Archives/edgar/data/1045309/000104746910001405/0001047469-10-001405-index.html",
        "finalLink": "https://www.sec.gov/Archives/edgar/data/1045309/000104746910001405/a2196633z10-k.htm"
    },
    {
        "date": "2009-09-30",
        "symbol": "GRA",
        "reportedCurrency": "USD",
        "cik": "0001045309",
        "fillingDate": "2009-11-06",
        "acceptedDate": "2009-11-06 13:08:56",
        "calendarYear": "2009",
        "period": "Q3",
        "revenue": 753600000,
        "costOfRevenue": 491100000,
        "grossProfit": 262500000,
        "grossProfitRatio": 0.3483280255,
        "researchAndDevelopmentExpenses": 16600000,
        "generalAndAdministrativeExpenses": 177000000,
        "sellingAndMarketingExpenses": -17100000,
        "sellingGeneralAndAdministrativeExpenses": 159900000,
        "otherExpenses": 0,
        "operatingExpenses": 176500000,
        "costAndExpenses": 667600000,
        "interestIncome": 0,
        "interestExpense": 9700000,
        "depreciationAndAmortization": 28200000,
        "ebitda": 105900000,
        "ebitdaratio": 0.1405254777,
        "operatingIncome": 86000000,
        "operatingIncomeRatio": 0.114118896,
        "totalOtherIncomeExpensesNet": -11600000,
        "incomeBeforeTax": 74400000,
        "incomeBeforeTaxRatio": 0.0987261146,
        "incomeTaxExpense": 23600000,
        "netIncome": 44400000,
        "netIncomeRatio": 0.0589171975,
        "eps": 0.61,
        "epsdiluted": 0.61,
        "weightedAverageShsOut": 72200000,
        "weightedAverageShsOutDil": 72900000,
        "link": "https://www.sec.gov/Archives/edgar/data/1045309/000104746909009712/0001047469-09-009712-index.html",
        "finalLink": "https://www.sec.gov/Archives/edgar/data/1045309/000104746909009712/a2195243z10-q.htm"
    },
    {
        "date": "2009-06-30",
        "symbol": "GRA",
        "reportedCurrency": "USD",
        "cik": "0001045309",
        "fillingDate": "2009-08-07",
        "acceptedDate": "2009-08-07 14:15:50",
        "calendarYear": "2009",
        "period": "Q2",
        "revenue": 711000000,
        "costOfRevenue": 470400000,
        "grossProfit": 240600000,
        "grossProfitRatio": 0.3383966245,
        "researchAndDevelopmentExpenses": 17600000,
        "generalAndAdministrativeExpenses": 167900000,
        "sellingAndMarketingExpenses": 100000,
        "sellingGeneralAndAdministrativeExpenses": 168000000,
        "otherExpenses": 0,
        "operatingExpenses": 185600000,
        "costAndExpenses": 656000000,
        "interestIncome": 0,
        "interestExpense": 9600000,
        "depreciationAndAmortization": 28800000,
        "ebitda": 74500000,
        "ebitdaratio": 0.1047819972,
        "operatingIncome": 55000000,
        "operatingIncomeRatio": 0.0773558368,
        "totalOtherIncomeExpensesNet": -15500000,
        "incomeBeforeTax": 39500000,
        "incomeBeforeTaxRatio": 0.0555555556,
        "incomeTaxExpense": 16800000,
        "netIncome": 19300000,
        "netIncomeRatio": 0.0271448664,
        "eps": 0.27,
        "epsdiluted": 0.26,
        "weightedAverageShsOut": 72200000,
        "weightedAverageShsOutDil": 72900000,
        "link": "https://www.sec.gov/Archives/edgar/data/1045309/000104746909007378/0001047469-09-007378-index.html",
        "finalLink": "https://www.sec.gov/Archives/edgar/data/1045309/000104746909007378/a2194077z10-q.htm"
    },
    {
        "date": "2009-03-31",
        "symbol": "GRA",
        "reportedCurrency": "USD",
        "cik": "0001045309",
        "fillingDate": "2009-05-08",
        "acceptedDate": "2009-05-08 15:54:26",
        "calendarYear": "2009",
        "period": "Q1",
        "revenue": 682100000,
        "costOfRevenue": 513300000,
        "grossProfit": 168800000,
        "grossProfitRatio": 0.2474710453,
        "researchAndDevelopmentExpenses": 18600000,
        "generalAndAdministrativeExpenses": 182300000,
        "sellingAndMarketingExpenses": 1800000,
        "sellingGeneralAndAdministrativeExpenses": 184100000,
        "otherExpenses": 0,
        "operatingExpenses": 202700000,
        "costAndExpenses": 716000000,
        "interestIncome": 0,
        "interestExpense": 9200000,
        "depreciationAndAmortization": 27500000,
        "ebitda": -25600000,
        "ebitdaratio": -0.0375311538,
        "operatingIncome": -33900000,
        "operatingIncomeRatio": -0.0496994576,
        "totalOtherIncomeExpensesNet": -28300000,
        "incomeBeforeTax": -62200000,
        "incomeBeforeTaxRatio": -0.0911889752,
        "incomeTaxExpense": -23400000,
        "netIncome": -38900000,
        "netIncomeRatio": -0.057029761,
        "eps": -0.54,
        "epsdiluted": -0.54,
        "weightedAverageShsOut": 72200000,
        "weightedAverageShsOutDil": 72200000,
        "link": "https://www.sec.gov/Archives/edgar/data/1045309/000104746909005258/0001047469-09-005258-index.html",
        "finalLink": "https://www.sec.gov/Archives/edgar/data/1045309/000104746909005258/a2192848z10-q.htm"
    },
    {
        "date": "2008-12-31",
        "symbol": "GRA",
        "reportedCurrency": "USD",
        "cik": "0001045309",
        "fillingDate": "2009-03-02",
        "acceptedDate": "2009-03-02 08:28:28",
        "calendarYear": "2008",
        "period": "Q4",
        "revenue": 768400000,
        "costOfRevenue": 561500000,
        "grossProfit": 206900000,
        "grossProfitRatio": 0.2692608017,
        "researchAndDevelopmentExpenses": 19300000,
        "generalAndAdministrativeExpenses": 0,
        "sellingAndMarketingExpenses": 0,
        "sellingGeneralAndAdministrativeExpenses": 233800000,
        "otherExpenses": 0,
        "operatingExpenses": 253100000,
        "costAndExpenses": 814600000,
        "interestIncome": 0,
        "interestExpense": 0,
        "depreciationAndAmortization": 27900000,
        "ebitda": 36700000,
        "ebitdaratio": 0.0477615825,
        "operatingIncome": -46200000,
        "operatingIncomeRatio": -0.0601249349,
        "totalOtherIncomeExpensesNet": 59000000,
        "incomeBeforeTax": 12800000,
        "incomeBeforeTaxRatio": 0.0166579906,
        "incomeTaxExpense": -34600000,
        "netIncome": 43400000,
        "netIncomeRatio": 0.0564809995,
        "eps": 0.6,
        "epsdiluted": 0.6,
        "weightedAverageShsOut": 72200000,
        "weightedAverageShsOutDil": 72200000,
        "link": "https://www.sec.gov/Archives/edgar/data/1045309/000104746909002050/0001047469-09-002050-index.html",
        "finalLink": "https://www.sec.gov/Archives/edgar/data/1045309/000104746909002050/a2190906z10-k.htm"
    },
    {
        "date": "2008-09-30",
        "symbol": "GRA",
        "reportedCurrency": "USD",
        "cik": "0001045309",
        "fillingDate": "2008-11-07",
        "acceptedDate": "2008-11-07 17:24:47",
        "calendarYear": "2008",
        "period": "Q3",
        "revenue": 889400000,
        "costOfRevenue": 633400000,
        "grossProfit": 256000000,
        "grossProfitRatio": 0.2878344952,
        "researchAndDevelopmentExpenses": 20500000,
        "generalAndAdministrativeExpenses": 0,
        "sellingAndMarketingExpenses": 0,
        "sellingGeneralAndAdministrativeExpenses": 167800000,
        "otherExpenses": 0,
        "operatingExpenses": 188300000,
        "costAndExpenses": 821700000,
        "interestIncome": 0,
        "interestExpense": 0,
        "depreciationAndAmortization": 29900000,
        "ebitda": 54000000,
        "ebitdaratio": 0.0607150888,
        "operatingIncome": 67700000,
        "operatingIncomeRatio": 0.0761187317,
        "totalOtherIncomeExpensesNet": -39600000,
        "incomeBeforeTax": 28100000,
        "incomeBeforeTaxRatio": 0.0315943333,
        "incomeTaxExpense": -4200000,
        "netIncome": 28300000,
        "netIncomeRatio": 0.031819204,
        "eps": 0.39,
        "epsdiluted": 0.39,
        "weightedAverageShsOut": 72200000,
        "weightedAverageShsOutDil": 72800000,
        "link": "https://www.sec.gov/Archives/edgar/data/1045309/000104746908011844/0001047469-08-011844-index.html",
        "finalLink": "https://www.sec.gov/Archives/edgar/data/1045309/000104746908011844/a2188913z10-q.htm"
    },
    {
        "date": "2008-06-30",
        "symbol": "GRA",
        "reportedCurrency": "USD",
        "cik": "0001045309",
        "fillingDate": "2008-08-08",
        "acceptedDate": "2008-08-08 12:14:38",
        "calendarYear": "2008",
        "period": "Q2",
        "revenue": 900000000,
        "costOfRevenue": 635300000,
        "grossProfit": 264700000,
        "grossProfitRatio": 0.2941111111,
        "researchAndDevelopmentExpenses": 21200000,
        "generalAndAdministrativeExpenses": 0,
        "sellingAndMarketingExpenses": 0,
        "sellingGeneralAndAdministrativeExpenses": 186900000,
        "otherExpenses": 0,
        "operatingExpenses": 208100000,
        "costAndExpenses": 843400000,
        "interestIncome": 0,
        "interestExpense": 0,
        "depreciationAndAmortization": 30700000,
        "ebitda": 77200000,
        "ebitdaratio": 0.0857777778,
        "operatingIncome": 56600000,
        "operatingIncomeRatio": 0.0628888889,
        "totalOtherIncomeExpensesNet": -6000000,
        "incomeBeforeTax": 50600000,
        "incomeBeforeTaxRatio": 0.0562222222,
        "incomeTaxExpense": 21500000,
        "netIncome": 25000000,
        "netIncomeRatio": 0.0277777778,
        "eps": 0.35,
        "epsdiluted": 0.34,
        "weightedAverageShsOut": 72100000,
        "weightedAverageShsOutDil": 72900000,
        "link": "https://www.sec.gov/Archives/edgar/data/1045309/000104746908009003/0001047469-08-009003-index.html",
        "finalLink": "https://www.sec.gov/Archives/edgar/data/1045309/000104746908009003/a2187162z10-q.htm"
    },
    {
        "date": "2008-03-31",
        "symbol": "GRA",
        "reportedCurrency": "USD",
        "cik": "0001045309",
        "fillingDate": "2008-05-09",
        "acceptedDate": "2008-05-09 12:23:05",
        "calendarYear": "2008",
        "period": "Q1",
        "revenue": 759200000,
        "costOfRevenue": 527200000,
        "grossProfit": 232000000,
        "grossProfitRatio": 0.3055848261,
        "researchAndDevelopmentExpenses": 21700000,
        "generalAndAdministrativeExpenses": 0,
        "sellingAndMarketingExpenses": 0,
        "sellingGeneralAndAdministrativeExpenses": 157100000,
        "otherExpenses": 0,
        "operatingExpenses": 178800000,
        "costAndExpenses": 706000000,
        "interestIncome": 0,
        "interestExpense": 0,
        "depreciationAndAmortization": 30200000,
        "ebitda": 59400000,
        "ebitdaratio": 0.0782402529,
        "operatingIncome": 53200000,
        "operatingIncomeRatio": 0.0700737619,
        "totalOtherIncomeExpensesNet": -22100000,
        "incomeBeforeTax": 31100000,
        "incomeBeforeTaxRatio": 0.0409641728,
        "incomeTaxExpense": 15600000,
        "netIncome": 13600000,
        "netIncomeRatio": 0.0179135933,
        "eps": 0.19,
        "epsdiluted": 0.19,
        "weightedAverageShsOut": 72500000,
        "weightedAverageShsOutDil": 73200000,
        "link": "https://www.sec.gov/Archives/edgar/data/1045309/000110465908031704/0001104659-08-031704-index.html",
        "finalLink": "https://www.sec.gov/Archives/edgar/data/1045309/000110465908031704/a08-11758_110q.htm"
    },
    {
        "date": "2007-12-31",
        "symbol": "GRA",
        "reportedCurrency": "USD",
        "cik": "0001045309",
        "fillingDate": "2008-02-29",
        "acceptedDate": "2008-02-29 16:12:24",
        "calendarYear": "2007",
        "period": "Q4",
        "revenue": 803700000,
        "costOfRevenue": 616400000,
        "grossProfit": 187300000,
        "grossProfitRatio": 0.2330471569,
        "researchAndDevelopmentExpenses": 24600000,
        "generalAndAdministrativeExpenses": 0,
        "sellingAndMarketingExpenses": 0,
        "sellingGeneralAndAdministrativeExpenses": 122300000,
        "otherExpenses": 0,
        "operatingExpenses": 146900000,
        "costAndExpenses": 763300000,
        "interestIncome": 0,
        "interestExpense": 0,
        "depreciationAndAmortization": 29900000,
        "ebitda": 30800000,
        "ebitdaratio": 0.0383227572,
        "operatingIncome": 40400000,
        "operatingIncomeRatio": 0.0502675128,
        "totalOtherIncomeExpensesNet": -31200000,
        "incomeBeforeTax": 9200000,
        "incomeBeforeTaxRatio": 0.0114470574,
        "incomeTaxExpense": -37400000,
        "netIncome": 38300000,
        "netIncomeRatio": 0.0476545975,
        "eps": 0.53,
        "epsdiluted": 0.53,
        "weightedAverageShsOut": 72500000,
        "weightedAverageShsOutDil": 72500000,
        "link": "https://www.sec.gov/Archives/edgar/data/1045309/000110465908014321/0001104659-08-014321-index.htm",
        "finalLink": "https://www.sec.gov/Archives/edgar/data/1045309/000110465908014321/a08-2884_110k.htm"
    },
    {
        "date": "2007-09-30",
        "symbol": "GRA",
        "reportedCurrency": "USD",
        "cik": "0001045309",
        "fillingDate": "2007-11-08",
        "acceptedDate": "2007-11-08 16:53:00",
        "calendarYear": "2007",
        "period": "Q3",
        "revenue": 783100000,
        "costOfRevenue": 518400000,
        "grossProfit": 264700000,
        "grossProfitRatio": 0.3380155791,
        "researchAndDevelopmentExpenses": 19500000,
        "generalAndAdministrativeExpenses": 0,
        "sellingAndMarketingExpenses": 0,
        "sellingGeneralAndAdministrativeExpenses": 184000000,
        "otherExpenses": 0,
        "operatingExpenses": 203500000,
        "costAndExpenses": 721900000,
        "interestIncome": 0,
        "interestExpense": 0,
        "depreciationAndAmortization": 28300000,
        "ebitda": 52400000,
        "ebitdaratio": 0.0669135487,
        "operatingIncome": 61200000,
        "operatingIncomeRatio": 0.0781509386,
        "totalOtherIncomeExpensesNet": -33800000,
        "incomeBeforeTax": 27400000,
        "incomeBeforeTaxRatio": 0.0349891457,
        "incomeTaxExpense": 7400000,
        "netIncome": 16700000,
        "netIncomeRatio": 0.0213255012,
        "eps": 0.24,
        "epsdiluted": 0.23,
        "weightedAverageShsOut": 70200000,
        "weightedAverageShsOutDil": 71500000,
        "link": "https://www.sec.gov/Archives/edgar/data/1045309/000110465907081249/0001104659-07-081249-index.html",
        "finalLink": "https://www.sec.gov/Archives/edgar/data/1045309/000110465907081249/a07-28526_110q.htm"
    },
    {
        "date": "2007-06-30",
        "symbol": "GRA",
        "reportedCurrency": "USD",
        "cik": "0001045309",
        "fillingDate": "2007-08-08",
        "acceptedDate": "2007-08-07 18:11:29",
        "calendarYear": "2007",
        "period": "Q2",
        "revenue": 812800000,
        "costOfRevenue": 533900000,
        "grossProfit": 278900000,
        "grossProfitRatio": 0.3431348425,
        "researchAndDevelopmentExpenses": 17700000,
        "generalAndAdministrativeExpenses": 0,
        "sellingAndMarketingExpenses": 0,
        "sellingGeneralAndAdministrativeExpenses": 191100000,
        "otherExpenses": 0,
        "operatingExpenses": 208800000,
        "costAndExpenses": 742700000,
        "interestIncome": 0,
        "interestExpense": 0,
        "depreciationAndAmortization": 27600000,
        "ebitda": 57400000,
        "ebitdaratio": 0.0706200787,
        "operatingIncome": 70100000,
        "operatingIncomeRatio": 0.0862450787,
        "totalOtherIncomeExpensesNet": -36200000,
        "incomeBeforeTax": 33900000,
        "incomeBeforeTaxRatio": 0.0417076772,
        "incomeTaxExpense": 9300000,
        "netIncome": 20500000,
        "netIncomeRatio": 0.0252214567,
        "eps": 0.29,
        "epsdiluted": 0.29,
        "weightedAverageShsOut": 70100000,
        "weightedAverageShsOutDil": 71800000,
        "link": "https://www.sec.gov/Archives/edgar/data/1045309/000110465907059811/0001104659-07-059811-index.html",
        "finalLink": "https://www.sec.gov/Archives/edgar/data/1045309/000110465907059811/a07-19187_110q.htm"
    },
    {
        "date": "2007-03-31",
        "symbol": "GRA",
        "reportedCurrency": "USD",
        "cik": "0001045309",
        "fillingDate": "2007-05-09",
        "acceptedDate": "2007-05-09 11:58:53",
        "calendarYear": "2007",
        "period": "Q1",
        "revenue": 715600000,
        "costOfRevenue": 478700000,
        "grossProfit": 236900000,
        "grossProfitRatio": 0.3310508664,
        "researchAndDevelopmentExpenses": 17800000,
        "generalAndAdministrativeExpenses": 0,
        "sellingAndMarketingExpenses": 0,
        "sellingGeneralAndAdministrativeExpenses": 167800000,
        "otherExpenses": 0,
        "operatingExpenses": 185600000,
        "costAndExpenses": 664300000,
        "interestIncome": 0,
        "interestExpense": 0,
        "depreciationAndAmortization": 27600000,
        "ebitda": 47300000,
        "ebitdaratio": 0.066098379,
        "operatingIncome": 51300000,
        "operatingIncomeRatio": 0.0716880939,
        "totalOtherIncomeExpensesNet": -29200000,
        "incomeBeforeTax": 22100000,
        "incomeBeforeTaxRatio": 0.030883175,
        "incomeTaxExpense": 14900000,
        "netIncome": 4800000,
        "netIncomeRatio": 0.0067076579,
        "eps": 0.0692,
        "epsdiluted": 0.0681,
        "weightedAverageShsOut": 69400000,
        "weightedAverageShsOutDil": 70500000,
        "link": "https://www.sec.gov/Archives/edgar/data/1045309/000110465907037388/0001104659-07-037388-index.html",
        "finalLink": "https://www.sec.gov/Archives/edgar/data/1045309/000110465907037388/a07-11226_110q.htm"
    },
    {
        "date": "2006-12-31",
        "symbol": "GRA",
        "reportedCurrency": "USD",
        "cik": "0001045309",
        "fillingDate": "2007-03-02",
        "acceptedDate": "2007-03-02 15:39:26",
        "calendarYear": "2006",
        "period": "Q4",
        "revenue": 697400000,
        "costOfRevenue": 453000000,
        "grossProfit": 244400000,
        "grossProfitRatio": 0.3504445082,
        "researchAndDevelopmentExpenses": 17700000,
        "generalAndAdministrativeExpenses": 0,
        "sellingAndMarketingExpenses": 0,
        "sellingGeneralAndAdministrativeExpenses": 244500000,
        "otherExpenses": 0,
        "operatingExpenses": 262200000,
        "costAndExpenses": 715200000,
        "interestIncome": 0,
        "interestExpense": 0,
        "depreciationAndAmortization": 27800000,
        "ebitda": 35500000,
        "ebitdaratio": 0.0509033553,
        "operatingIncome": -17800000,
        "operatingIncomeRatio": -0.0255233725,
        "totalOtherIncomeExpensesNet": 1500000,
        "incomeBeforeTax": -16300000,
        "incomeBeforeTaxRatio": -0.0233725265,
        "incomeTaxExpense": 2700000,
        "netIncome": 5000000,
        "netIncomeRatio": 0.0071694867,
        "eps": 0.072,
        "epsdiluted": 0.072,
        "weightedAverageShsOut": 69400000,
        "weightedAverageShsOutDil": 69400000,
        "link": "https://www.sec.gov/Archives/edgar/data/1045309/000110465907015932/0001104659-07-015932-index.htm",
        "finalLink": "https://www.sec.gov/Archives/edgar/data/1045309/000110465907015932/a07-6889_110k.htm"
    },
    {
        "date": "2006-09-30",
        "symbol": "GRA",
        "reportedCurrency": "USD",
        "cik": "0001045309",
        "fillingDate": "2006-11-08",
        "acceptedDate": "2006-11-08 15:14:40",
        "calendarYear": "2006",
        "period": "Q3",
        "revenue": 741400000,
        "costOfRevenue": 483800000,
        "grossProfit": 257600000,
        "grossProfitRatio": 0.3474507688,
        "researchAndDevelopmentExpenses": 15500000,
        "generalAndAdministrativeExpenses": 0,
        "sellingAndMarketingExpenses": 0,
        "sellingGeneralAndAdministrativeExpenses": 193700000,
        "otherExpenses": 0,
        "operatingExpenses": 209200000,
        "costAndExpenses": 693000000,
        "interestIncome": 0,
        "interestExpense": 0,
        "depreciationAndAmortization": 29200000,
        "ebitda": 45200000,
        "ebitdaratio": 0.0609657405,
        "operatingIncome": 48400000,
        "operatingIncomeRatio": 0.0652818991,
        "totalOtherIncomeExpensesNet": -12500000,
        "incomeBeforeTax": 35900000,
        "incomeBeforeTaxRatio": 0.0484219045,
        "incomeTaxExpense": -2400000,
        "netIncome": 18400000,
        "netIncomeRatio": 0.0248179121,
        "eps": 0.27,
        "epsdiluted": 0.27,
        "weightedAverageShsOut": 68300000,
        "weightedAverageShsOutDil": 68500000,
        "link": "https://www.sec.gov/Archives/edgar/data/1045309/000110465906072711/0001104659-06-072711-index.htm",
        "finalLink": "https://www.sec.gov/Archives/edgar/data/1045309/000110465906072711/a06-22157_110q.htm"
    },
    {
        "date": "2006-06-30",
        "symbol": "GRA",
        "reportedCurrency": "USD",
        "cik": "0001045309",
        "fillingDate": "2006-08-08",
        "acceptedDate": "2006-08-08 16:09:13",
        "calendarYear": "2006",
        "period": "Q2",
        "revenue": 729100000,
        "costOfRevenue": 470200000,
        "grossProfit": 258900000,
        "grossProfitRatio": 0.355095323,
        "researchAndDevelopmentExpenses": 15100000,
        "generalAndAdministrativeExpenses": 0,
        "sellingAndMarketingExpenses": 0,
        "sellingGeneralAndAdministrativeExpenses": 216700000,
        "otherExpenses": 0,
        "operatingExpenses": 231800000,
        "costAndExpenses": 702000000,
        "interestIncome": 0,
        "interestExpense": 0,
        "depreciationAndAmortization": 28400000,
        "ebitda": 26500000,
        "ebitdaratio": 0.0363461802,
        "operatingIncome": 27100000,
        "operatingIncomeRatio": 0.0371691126,
        "totalOtherIncomeExpensesNet": -6000000,
        "incomeBeforeTax": 21100000,
        "incomeBeforeTaxRatio": 0.0289397888,
        "incomeTaxExpense": 3300000,
        "netIncome": -5200000,
        "netIncomeRatio": -0.0071320806,
        "eps": -0.0766,
        "epsdiluted": -0.0766,
        "weightedAverageShsOut": 67900000,
        "weightedAverageShsOutDil": 67900000,
        "link": "https://www.sec.gov/Archives/edgar/data/1045309/000110465906052500/0001104659-06-052500-index.htm",
        "finalLink": "https://www.sec.gov/Archives/edgar/data/1045309/000110465906052500/a06-17387_110q.htm"
    },
    {
        "date": "2006-03-31",
        "symbol": "GRA",
        "reportedCurrency": "USD",
        "cik": "0001045309",
        "fillingDate": "2006-05-09",
        "acceptedDate": "2006-05-09 17:00:09",
        "calendarYear": "2006",
        "period": "Q1",
        "revenue": 658600000,
        "costOfRevenue": 438000000,
        "grossProfit": 220600000,
        "grossProfitRatio": 0.3349529305,
        "researchAndDevelopmentExpenses": 15500000,
        "generalAndAdministrativeExpenses": 0,
        "sellingAndMarketingExpenses": 0,
        "sellingGeneralAndAdministrativeExpenses": 171100000,
        "otherExpenses": 0,
        "operatingExpenses": 186600000,
        "costAndExpenses": 624600000,
        "interestIncome": 0,
        "interestExpense": 0,
        "depreciationAndAmortization": 28100000,
        "ebitda": 32700000,
        "ebitdaratio": 0.0496507744,
        "operatingIncome": 34000000,
        "operatingIncomeRatio": 0.0516246584,
        "totalOtherIncomeExpensesNet": -13900000,
        "incomeBeforeTax": 20100000,
        "incomeBeforeTaxRatio": 0.0305192833,
        "incomeTaxExpense": 4500000,
        "netIncome": 100000,
        "netIncomeRatio": 0.0001518372,
        "eps": 0.0015,
        "epsdiluted": 0.0015,
        "weightedAverageShsOut": 67000000,
        "weightedAverageShsOutDil": 67300000,
        "link": "https://www.sec.gov/Archives/edgar/data/1045309/000095013606001861/0000950136-06-001861-index.htm",
        "finalLink": "https://www.sec.gov/Archives/edgar/data/1045309/000095013606001861/file001.htm"
    },
    {
        "date": "2005-12-31",
        "symbol": "GRA",
        "reportedCurrency": "USD",
        "cik": "0001045309",
        "fillingDate": "2006-03-13",
        "acceptedDate": "2006-03-10 21:23:02",
        "calendarYear": "2005",
        "period": "Q4",
        "revenue": 636400000,
        "costOfRevenue": 431400000,
        "grossProfit": 205000000,
        "grossProfitRatio": 0.32212445,
        "researchAndDevelopmentExpenses": 14100000,
        "generalAndAdministrativeExpenses": 0,
        "sellingAndMarketingExpenses": 0,
        "sellingGeneralAndAdministrativeExpenses": 176500000,
        "otherExpenses": 0,
        "operatingExpenses": 190600000,
        "costAndExpenses": 622000000,
        "interestIncome": 0,
        "interestExpense": 0,
        "depreciationAndAmortization": 27900000,
        "ebitda": 22600000,
        "ebitdaratio": 0.0355122564,
        "operatingIncome": 14400000,
        "operatingIncomeRatio": 0.0226272784,
        "totalOtherIncomeExpensesNet": -6000000,
        "incomeBeforeTax": 8400000,
        "incomeBeforeTaxRatio": 0.0131992458,
        "incomeTaxExpense": -4700000,
        "netIncome": -600000,
        "netIncomeRatio": -0.0009428033,
        "eps": -0.009,
        "epsdiluted": -0.009,
        "weightedAverageShsOut": 67000000,
        "weightedAverageShsOutDil": 67000000,
        "link": "https://www.sec.gov/Archives/edgar/data/1045309/000095013606001861/0000950136-06-001861-index.htm",
        "finalLink": "https://www.sec.gov/Archives/edgar/data/1045309/000095013606001861/file001.htm"
    },
    {
        "date": "2005-09-30",
        "symbol": "GRA",
        "reportedCurrency": "USD",
        "cik": "0001045309",
        "fillingDate": "2005-09-30",
        "acceptedDate": "2005-09-29 20:00:00",
        "calendarYear": "2005",
        "period": "Q3",
        "revenue": 653400000,
        "costOfRevenue": 426000000,
        "grossProfit": 227400000,
        "grossProfitRatio": 0.3480257117,
        "researchAndDevelopmentExpenses": 14900000,
        "generalAndAdministrativeExpenses": 0,
        "sellingAndMarketingExpenses": 0,
        "sellingGeneralAndAdministrativeExpenses": 157300000,
        "otherExpenses": 0,
        "operatingExpenses": 172200000,
        "costAndExpenses": 598200000,
        "interestIncome": 0,
        "interestExpense": 0,
        "depreciationAndAmortization": 28700000,
        "ebitda": 58200000,
        "ebitdaratio": 0.0890725436,
        "operatingIncome": 55200000,
        "operatingIncomeRatio": 0.0844811754,
        "totalOtherIncomeExpensesNet": -9000000,
        "incomeBeforeTax": 46200000,
        "incomeBeforeTaxRatio": 0.0707070707,
        "incomeTaxExpense": -2600000,
        "netIncome": 32100000,
        "netIncomeRatio": 0.04912764,
        "eps": 0.48,
        "epsdiluted": 0.48,
        "weightedAverageShsOut": 66900000,
        "weightedAverageShsOutDil": 67200000,
        "link": "",
        "finalLink": ""
    },
    {
        "date": "2005-06-30",
        "symbol": "GRA",
        "reportedCurrency": "USD",
        "cik": "0001045309",
        "fillingDate": "2005-06-30",
        "acceptedDate": "2005-06-29 20:00:00",
        "calendarYear": "2005",
        "period": "Q2",
        "revenue": 676500000,
        "costOfRevenue": 439700000,
        "grossProfit": 236800000,
        "grossProfitRatio": 0.3500369549,
        "researchAndDevelopmentExpenses": 15100000,
        "generalAndAdministrativeExpenses": 0,
        "sellingAndMarketingExpenses": 0,
        "sellingGeneralAndAdministrativeExpenses": 167500000,
        "otherExpenses": 0,
        "operatingExpenses": 182600000,
        "costAndExpenses": 622300000,
        "interestIncome": 0,
        "interestExpense": 0,
        "depreciationAndAmortization": 28600000,
        "ebitda": 81300000,
        "ebitdaratio": 0.1201773836,
        "operatingIncome": 54200000,
        "operatingIncomeRatio": 0.0801182557,
        "totalOtherIncomeExpensesNet": 10600000,
        "incomeBeforeTax": 64800000,
        "incomeBeforeTaxRatio": 0.0957871397,
        "incomeTaxExpense": 20000000,
        "netIncome": 32700000,
        "netIncomeRatio": 0.0483370288,
        "eps": 0.49,
        "epsdiluted": 0.49,
        "weightedAverageShsOut": 66900000,
        "weightedAverageShsOutDil": 67200000,
        "link": "",
        "finalLink": ""
    },
    {
        "date": "2005-03-31",
        "symbol": "GRA",
        "reportedCurrency": "USD",
        "cik": "0001045309",
        "fillingDate": "2005-03-31",
        "acceptedDate": "2005-03-30 19:00:00",
        "calendarYear": "2005",
        "period": "Q1",
        "revenue": 603200000,
        "costOfRevenue": 392700000,
        "grossProfit": 210500000,
        "grossProfitRatio": 0.3489721485,
        "researchAndDevelopmentExpenses": 15100000,
        "generalAndAdministrativeExpenses": 0,
        "sellingAndMarketingExpenses": 0,
        "sellingGeneralAndAdministrativeExpenses": 148100000,
        "otherExpenses": 0,
        "operatingExpenses": 163200000,
        "costAndExpenses": 555900000,
        "interestIncome": 0,
        "interestExpense": 0,
        "depreciationAndAmortization": 28800000,
        "ebitda": 40500000,
        "ebitdaratio": 0.0671419098,
        "operatingIncome": 47300000,
        "operatingIncomeRatio": 0.0784151194,
        "totalOtherIncomeExpensesNet": -26100000,
        "incomeBeforeTax": 21200000,
        "incomeBeforeTaxRatio": 0.0351458886,
        "incomeTaxExpense": 8600000,
        "netIncome": 3100000,
        "netIncomeRatio": 0.0051392573,
        "eps": 0.0465,
        "epsdiluted": 0.0461,
        "weightedAverageShsOut": 66600000,
        "weightedAverageShsOutDil": 67300000,
        "link": "",
        "finalLink": ""
    },
    {
        "date": "2004-12-31",
        "symbol": "GRA",
        "reportedCurrency": "USD",
        "cik": "0001045309",
        "fillingDate": "2005-03-07",
        "acceptedDate": "2005-03-04 18:40:50",
        "calendarYear": "2004",
        "period": "Q4",
        "revenue": 589100000,
        "costOfRevenue": 380900000,
        "grossProfit": 208200000,
        "grossProfitRatio": 0.3534204719,
        "researchAndDevelopmentExpenses": 12300000,
        "generalAndAdministrativeExpenses": 0,
        "sellingAndMarketingExpenses": 0,
        "sellingGeneralAndAdministrativeExpenses": 192400000,
        "otherExpenses": 0,
        "operatingExpenses": 204700000,
        "costAndExpenses": 585600000,
        "interestIncome": 0,
        "interestExpense": 0,
        "depreciationAndAmortization": 28400000,
        "ebitda": -512400000,
        "ebitdaratio": -0.869801392,
        "operatingIncome": 3500000,
        "operatingIncomeRatio": 0.0059412663,
        "totalOtherIncomeExpensesNet": -553800000,
        "incomeBeforeTax": -550300000,
        "incomeBeforeTaxRatio": -0.9341368189,
        "incomeTaxExpense": -53400000,
        "netIncome": -487400000,
        "netIncomeRatio": -0.8273637753,
        "eps": -7.32,
        "epsdiluted": -7.32,
        "weightedAverageShsOut": 66600000,
        "weightedAverageShsOutDil": 66600000,
        "link": "https://www.sec.gov/Archives/edgar/data/1045309/000095013605001184/0000950136-05-001184-index.html",
        "finalLink": "https://www.sec.gov/Archives/edgar/data/1045309/000095013605001184/file001.htm"
    },
    {
        "date": "2004-09-30",
        "symbol": "GRA",
        "reportedCurrency": "USD",
        "cik": "0001045309",
        "fillingDate": "2004-11-05",
        "acceptedDate": "2004-11-05 16:55:40",
        "calendarYear": "2004",
        "period": "Q3",
        "revenue": 579900000,
        "costOfRevenue": 361300000,
        "grossProfit": 218600000,
        "grossProfitRatio": 0.3769615451,
        "researchAndDevelopmentExpenses": 13100000,
        "generalAndAdministrativeExpenses": 0,
        "sellingAndMarketingExpenses": 0,
        "sellingGeneralAndAdministrativeExpenses": 167900000,
        "otherExpenses": 0,
        "operatingExpenses": 181000000,
        "costAndExpenses": 542300000,
        "interestIncome": 0,
        "interestExpense": 0,
        "depreciationAndAmortization": 26900000,
        "ebitda": 102900000,
        "ebitdaratio": 0.177444387,
        "operatingIncome": 37600000,
        "operatingIncomeRatio": 0.0648387653,
        "totalOtherIncomeExpensesNet": 46000000,
        "incomeBeforeTax": 83600000,
        "incomeBeforeTaxRatio": 0.1441627867,
        "incomeTaxExpense": 28000000,
        "netIncome": 48000000,
        "netIncomeRatio": 0.0827728919,
        "eps": 0.73,
        "epsdiluted": 0.72,
        "weightedAverageShsOut": 65800000,
        "weightedAverageShsOutDil": 66300000,
        "link": "https://www.sec.gov/Archives/edgar/data/1045309/000095013604003749/0000950136-04-003749-index.html",
        "finalLink": "https://www.sec.gov/Archives/edgar/data/1045309/000095013604003749/file001.htm"
    },
    {
        "date": "2004-06-30",
        "symbol": "GRA",
        "reportedCurrency": "USD",
        "cik": "0001045309",
        "fillingDate": "2004-08-09",
        "acceptedDate": "2004-08-09 17:24:34",
        "calendarYear": "2004",
        "period": "Q2",
        "revenue": 572400000,
        "costOfRevenue": 357600000,
        "grossProfit": 214800000,
        "grossProfitRatio": 0.3752620545,
        "researchAndDevelopmentExpenses": 13000000,
        "generalAndAdministrativeExpenses": 0,
        "sellingAndMarketingExpenses": 0,
        "sellingGeneralAndAdministrativeExpenses": 153400000,
        "otherExpenses": 0,
        "operatingExpenses": 166400000,
        "costAndExpenses": 524000000,
        "interestIncome": 0,
        "interestExpense": 0,
        "depreciationAndAmortization": 26300000,
        "ebitda": 60600000,
        "ebitdaratio": 0.105870021,
        "operatingIncome": 48400000,
        "operatingIncomeRatio": 0.0845562544,
        "totalOtherIncomeExpensesNet": -8500000,
        "incomeBeforeTax": 39900000,
        "incomeBeforeTaxRatio": 0.069706499,
        "incomeTaxExpense": 13000000,
        "netIncome": 21300000,
        "netIncomeRatio": 0.03721174,
        "eps": 0.32,
        "epsdiluted": 0.32,
        "weightedAverageShsOut": 65600000,
        "weightedAverageShsOutDil": 65800000,
        "link": "https://www.sec.gov/Archives/edgar/data/1045309/000095013604002506/0000950136-04-002506-index.html",
        "finalLink": "https://www.sec.gov/Archives/edgar/data/1045309/000095013604002506/file001.txt"
    },
    {
        "date": "2004-03-31",
        "symbol": "GRA",
        "reportedCurrency": "USD",
        "cik": "0001045309",
        "fillingDate": "2004-05-07",
        "acceptedDate": "2004-05-07 16:01:44",
        "calendarYear": "2004",
        "period": "Q1",
        "revenue": 518500000,
        "costOfRevenue": 331700000,
        "grossProfit": 186800000,
        "grossProfitRatio": 0.3602700096,
        "researchAndDevelopmentExpenses": 12700000,
        "generalAndAdministrativeExpenses": 0,
        "sellingAndMarketingExpenses": 0,
        "sellingGeneralAndAdministrativeExpenses": 141700000,
        "otherExpenses": 0,
        "operatingExpenses": 154400000,
        "costAndExpenses": 486100000,
        "interestIncome": 0,
        "interestExpense": 0,
        "depreciationAndAmortization": 27200000,
        "ebitda": 53900000,
        "ebitdaratio": 0.1039537126,
        "operatingIncome": 32400000,
        "operatingIncomeRatio": 0.062487946,
        "totalOtherIncomeExpensesNet": -700000,
        "incomeBeforeTax": 31700000,
        "incomeBeforeTaxRatio": 0.0611378978,
        "incomeTaxExpense": 10900000,
        "netIncome": 15800000,
        "netIncomeRatio": 0.0304725169,
        "eps": 0.24,
        "epsdiluted": 0.24,
        "weightedAverageShsOut": 65600000,
        "weightedAverageShsOutDil": 65800000,
        "link": "https://www.sec.gov/Archives/edgar/data/1045309/000095013604001460/0000950136-04-001460-index.html",
        "finalLink": "https://www.sec.gov/Archives/edgar/data/1045309/000095013604001460/file001.txt"
    },
    {
        "date": "2003-12-31",
        "symbol": "GRA",
        "reportedCurrency": "USD",
        "cik": "0001045309",
        "fillingDate": "2004-03-05",
        "acceptedDate": "2004-03-05 14:31:43",
        "calendarYear": "2003",
        "period": "Q4",
        "revenue": 500300000,
        "costOfRevenue": 326900000,
        "grossProfit": 173400000,
        "grossProfitRatio": 0.3465920448,
        "researchAndDevelopmentExpenses": 11800000,
        "generalAndAdministrativeExpenses": 0,
        "sellingAndMarketingExpenses": 0,
        "sellingGeneralAndAdministrativeExpenses": 23600000,
        "otherExpenses": 0,
        "operatingExpenses": 35400000,
        "costAndExpenses": 362300000,
        "interestIncome": 0,
        "interestExpense": 0,
        "depreciationAndAmortization": 26800000,
        "ebitda": -49000000,
        "ebitdaratio": -0.0979412353,
        "operatingIncome": 138000000,
        "operatingIncomeRatio": 0.2758344993,
        "totalOtherIncomeExpensesNet": -213800000,
        "incomeBeforeTax": -75800000,
        "incomeBeforeTaxRatio": -0.1515090945,
        "incomeTaxExpense": -26300000,
        "netIncome": -49500000,
        "netIncomeRatio": -0.0989406356,
        "eps": -0.75,
        "epsdiluted": -0.75,
        "weightedAverageShsOut": 65600000,
        "weightedAverageShsOutDil": 65600000,
        "link": "https://www.sec.gov/Archives/edgar/data/1045309/000095013604000657/0000950136-04-000657-index.html",
        "finalLink": "https://www.sec.gov/Archives/edgar/data/1045309/000095013604000657/file001.txt"
    },
    {
        "date": "2003-09-30",
        "symbol": "GRA",
        "reportedCurrency": "USD",
        "cik": "0001045309",
        "fillingDate": "2003-11-10",
        "acceptedDate": "2003-11-10 16:51:47",
        "calendarYear": "2003",
        "period": "Q3",
        "revenue": 524100000,
        "costOfRevenue": 336500000,
        "grossProfit": 187600000,
        "grossProfitRatio": 0.3579469567,
        "researchAndDevelopmentExpenses": 11900000,
        "generalAndAdministrativeExpenses": 0,
        "sellingAndMarketingExpenses": 0,
        "sellingGeneralAndAdministrativeExpenses": 179300000,
        "otherExpenses": 0,
        "operatingExpenses": 191200000,
        "costAndExpenses": 527700000,
        "interestIncome": 0,
        "interestExpense": 0,
        "depreciationAndAmortization": 26100000,
        "ebitda": 16900000,
        "ebitdaratio": 0.0322457546,
        "operatingIncome": -3600000,
        "operatingIncomeRatio": -0.0068689181,
        "totalOtherIncomeExpensesNet": -5600000,
        "incomeBeforeTax": -9200000,
        "incomeBeforeTaxRatio": -0.0175539019,
        "incomeTaxExpense": 700000,
        "netIncome": -9900000,
        "netIncomeRatio": -0.0188895249,
        "eps": -0.15,
        "epsdiluted": -0.15,
        "weightedAverageShsOut": 65600000,
        "weightedAverageShsOutDil": 65600000,
        "link": "https://www.sec.gov/Archives/edgar/data/1045309/000095013603002731/0000950136-03-002731-index.html",
        "finalLink": "https://www.sec.gov/Archives/edgar/data/1045309/000095013603002731/file001.txt"
    },
    {
        "date": "2003-06-30",
        "symbol": "GRA",
        "reportedCurrency": "USD",
        "cik": "0001045309",
        "fillingDate": "2003-08-05",
        "acceptedDate": "2003-08-05 16:45:14",
        "calendarYear": "2003",
        "period": "Q2",
        "revenue": 505500000,
        "costOfRevenue": 329700000,
        "grossProfit": 175800000,
        "grossProfitRatio": 0.3477744807,
        "researchAndDevelopmentExpenses": 14200000,
        "generalAndAdministrativeExpenses": 0,
        "sellingAndMarketingExpenses": 0,
        "sellingGeneralAndAdministrativeExpenses": 133700000,
        "otherExpenses": 0,
        "operatingExpenses": 147900000,
        "costAndExpenses": 477600000,
        "interestIncome": 0,
        "interestExpense": 0,
        "depreciationAndAmortization": 25300000,
        "ebitda": 42000000,
        "ebitdaratio": 0.0830860534,
        "operatingIncome": 27900000,
        "operatingIncomeRatio": 0.0551928783,
        "totalOtherIncomeExpensesNet": -11200000,
        "incomeBeforeTax": 16700000,
        "incomeBeforeTaxRatio": 0.0330365974,
        "incomeTaxExpense": 10200000,
        "netIncome": 6500000,
        "netIncomeRatio": 0.0128585559,
        "eps": 0.0991,
        "epsdiluted": 0.0989,
        "weightedAverageShsOut": 65600000,
        "weightedAverageShsOutDil": 65700000,
        "link": "https://www.sec.gov/Archives/edgar/data/1045309/000095013603001905/0000950136-03-001905-index.html",
        "finalLink": "https://www.sec.gov/Archives/edgar/data/1045309/000095013603001905/file001.txt"
    },
    {
        "date": "2003-03-31",
        "symbol": "GRA",
        "reportedCurrency": "USD",
        "cik": "0001045309",
        "fillingDate": "2003-05-13",
        "acceptedDate": "2003-05-13 15:05:42",
        "calendarYear": "2003",
        "period": "Q1",
        "revenue": 450600000,
        "costOfRevenue": 296600000,
        "grossProfit": 154000000,
        "grossProfitRatio": 0.3417665335,
        "researchAndDevelopmentExpenses": 14100000,
        "generalAndAdministrativeExpenses": 0,
        "sellingAndMarketingExpenses": 0,
        "sellingGeneralAndAdministrativeExpenses": 116500000,
        "otherExpenses": 0,
        "operatingExpenses": 130600000,
        "costAndExpenses": 427200000,
        "interestIncome": 0,
        "interestExpense": 0,
        "depreciationAndAmortization": 24700000,
        "ebitda": 25500000,
        "ebitdaratio": 0.0565912117,
        "operatingIncome": 23400000,
        "operatingIncomeRatio": 0.051930759,
        "totalOtherIncomeExpensesNet": -19700000,
        "incomeBeforeTax": 3700000,
        "incomeBeforeTaxRatio": 0.0082112739,
        "incomeTaxExpense": 3100000,
        "netIncome": -2300000,
        "netIncomeRatio": -0.0051043054,
        "eps": -0.0351,
        "epsdiluted": -0.0351,
        "weightedAverageShsOut": 65500000,
        "weightedAverageShsOutDil": 65500000,
        "link": "https://www.sec.gov/Archives/edgar/data/1045309/000095013603001196/0000950136-03-001196-index.html",
        "finalLink": "https://www.sec.gov/Archives/edgar/data/1045309/000095013603001196/file001.txt"
    },
    {
        "date": "2002-12-31",
        "symbol": "GRA",
        "reportedCurrency": "USD",
        "cik": "0001045309",
        "fillingDate": "2003-03-13",
        "acceptedDate": "2003-03-13 17:26:58",
        "calendarYear": "2002",
        "period": "Q4",
        "revenue": 453400000,
        "costOfRevenue": 289800000,
        "grossProfit": 163600000,
        "grossProfitRatio": 0.3608292898,
        "researchAndDevelopmentExpenses": 15100000,
        "generalAndAdministrativeExpenses": 0,
        "sellingAndMarketingExpenses": 0,
        "sellingGeneralAndAdministrativeExpenses": 169600000,
        "otherExpenses": 0,
        "operatingExpenses": 184700000,
        "costAndExpenses": 474500000,
        "interestIncome": 0,
        "interestExpense": 0,
        "depreciationAndAmortization": 24000000,
        "ebitda": -7800000,
        "ebitdaratio": -0.0172033524,
        "operatingIncome": -21100000,
        "operatingIncomeRatio": -0.0465372739,
        "totalOtherIncomeExpensesNet": -100000,
        "incomeBeforeTax": -21200000,
        "incomeBeforeTaxRatio": -0.0467578297,
        "incomeTaxExpense": -6300000,
        "netIncome": -25500000,
        "netIncomeRatio": -0.0562417292,
        "eps": -0.39,
        "epsdiluted": -0.39,
        "weightedAverageShsOut": 65500000,
        "weightedAverageShsOutDil": 65500000,
        "link": "https://www.sec.gov/Archives/edgar/data/1045309/000095013603000564/0000950136-03-000564-index.html",
        "finalLink": "https://www.sec.gov/Archives/edgar/data/1045309/000095013603000564/file001.txt"
    },
    {
        "date": "2002-09-30",
        "symbol": "GRA",
        "reportedCurrency": "USD",
        "cik": "0001045309",
        "fillingDate": "2002-11-13",
        "acceptedDate": "2002-11-13 14:32:57",
        "calendarYear": "2002",
        "period": "Q3",
        "revenue": 478700000,
        "costOfRevenue": 300500000,
        "grossProfit": 178200000,
        "grossProfitRatio": 0.3722581993,
        "researchAndDevelopmentExpenses": 12400000,
        "generalAndAdministrativeExpenses": 106300000,
        "sellingAndMarketingExpenses": 24500000,
        "sellingGeneralAndAdministrativeExpenses": 130800000,
        "otherExpenses": 0,
        "operatingExpenses": 143200000,
        "costAndExpenses": 443700000,
        "interestIncome": 0,
        "interestExpense": 0,
        "depreciationAndAmortization": 24500000,
        "ebitda": 53600000,
        "ebitdaratio": 0.1119699185,
        "operatingIncome": 35000000,
        "operatingIncomeRatio": 0.0731146856,
        "totalOtherIncomeExpensesNet": 2700000,
        "incomeBeforeTax": 37700000,
        "incomeBeforeTaxRatio": 0.0787549614,
        "incomeTaxExpense": 15100000,
        "netIncome": 14000000,
        "netIncomeRatio": 0.0292458742,
        "eps": 0.21,
        "epsdiluted": 0.21,
        "weightedAverageShsOut": 65500000,
        "weightedAverageShsOutDil": 65500000,
        "link": "https://www.sec.gov/Archives/edgar/data/1045309/000095013602003175/0000950136-02-003175-index.html",
        "finalLink": "https://www.sec.gov/Archives/edgar/data/1045309/000095013602003175/file001.txt"
    },
    {
        "date": "2002-06-30",
        "symbol": "GRA",
        "reportedCurrency": "USD",
        "cik": "0001045309",
        "fillingDate": "2002-08-13",
        "acceptedDate": "2002-08-13 17:25:20",
        "calendarYear": "2002",
        "period": "Q2",
        "revenue": 476300000,
        "costOfRevenue": 297000000,
        "grossProfit": 179300000,
        "grossProfitRatio": 0.376443418,
        "researchAndDevelopmentExpenses": 12300000,
        "generalAndAdministrativeExpenses": 89400000,
        "sellingAndMarketingExpenses": 23300000,
        "sellingGeneralAndAdministrativeExpenses": 112700000,
        "otherExpenses": 0,
        "operatingExpenses": 125000000,
        "costAndExpenses": 422000000,
        "interestIncome": 0,
        "interestExpense": 0,
        "depreciationAndAmortization": 23300000,
        "ebitda": 63600000,
        "ebitdaratio": 0.1335292883,
        "operatingIncome": 54300000,
        "operatingIncomeRatio": 0.1140037791,
        "totalOtherIncomeExpensesNet": -5600000,
        "incomeBeforeTax": 48700000,
        "incomeBeforeTaxRatio": 0.1022464833,
        "incomeTaxExpense": 19100000,
        "netIncome": 21200000,
        "netIncomeRatio": 0.0445097628,
        "eps": 0.32,
        "epsdiluted": 0.32,
        "weightedAverageShsOut": 65400000,
        "weightedAverageShsOutDil": 65600000,
        "link": "https://www.sec.gov/Archives/edgar/data/1045309/000095013602002343/0000950136-02-002343-index.html",
        "finalLink": "https://www.sec.gov/Archives/edgar/data/1045309/000095013602002343/file001.txt"
    },
    {
        "date": "2002-03-31",
        "symbol": "GRA",
        "reportedCurrency": "USD",
        "cik": "0001045309",
        "fillingDate": "2002-05-15",
        "acceptedDate": "2002-05-15 15:52:55",
        "calendarYear": "2002",
        "period": "Q1",
        "revenue": 419800000,
        "costOfRevenue": 261600000,
        "grossProfit": 158200000,
        "grossProfitRatio": 0.3768461172,
        "researchAndDevelopmentExpenses": 11900000,
        "generalAndAdministrativeExpenses": 91800000,
        "sellingAndMarketingExpenses": 22800000,
        "sellingGeneralAndAdministrativeExpenses": 114600000,
        "otherExpenses": 0,
        "operatingExpenses": 126500000,
        "costAndExpenses": 388100000,
        "interestIncome": 0,
        "interestExpense": 0,
        "depreciationAndAmortization": 22800000,
        "ebitda": 45300000,
        "ebitdaratio": 0.1079085279,
        "operatingIncome": 31700000,
        "operatingIncomeRatio": 0.0755121486,
        "totalOtherIncomeExpensesNet": -4800000,
        "incomeBeforeTax": 26900000,
        "incomeBeforeTaxRatio": 0.0640781324,
        "incomeTaxExpense": 10100000,
        "netIncome": 12400000,
        "netIncomeRatio": 0.0295378752,
        "eps": 0.19,
        "epsdiluted": 0.19,
        "weightedAverageShsOut": 65400000,
        "weightedAverageShsOutDil": 65400000,
        "link": "https://www.sec.gov/Archives/edgar/data/1045309/000095013602001487/0000950136-02-001487-index.html",
        "finalLink": "https://www.sec.gov/Archives/edgar/data/1045309/000095013602001487/file001.txt"
    },
    {
        "date": "2001-12-31",
        "symbol": "GRA",
        "reportedCurrency": "USD",
        "cik": "0001045309",
        "fillingDate": "2002-03-28",
        "acceptedDate": "2002-03-28 00:00:00",
        "calendarYear": "2001",
        "period": "Q4",
        "revenue": 429100000,
        "costOfRevenue": 271000000,
        "grossProfit": 158100000,
        "grossProfitRatio": 0.3684455838,
        "researchAndDevelopmentExpenses": 11800000,
        "generalAndAdministrativeExpenses": 78400000,
        "sellingAndMarketingExpenses": 24600000,
        "sellingGeneralAndAdministrativeExpenses": 103000000,
        "otherExpenses": 0,
        "operatingExpenses": 114800000,
        "costAndExpenses": 385800000,
        "interestIncome": 0,
        "interestExpense": 0,
        "depreciationAndAmortization": 24600000,
        "ebitda": 62100000,
        "ebitdaratio": 0.1447215101,
        "operatingIncome": 43300000,
        "operatingIncomeRatio": 0.100908879,
        "totalOtherIncomeExpensesNet": -19200000,
        "incomeBeforeTax": 24100000,
        "incomeBeforeTaxRatio": 0.0561640643,
        "incomeTaxExpense": 16300000,
        "netIncome": 21200000,
        "netIncomeRatio": 0.0494057329,
        "eps": 0.32,
        "epsdiluted": 0.32,
        "weightedAverageShsOut": 65400000,
        "weightedAverageShsOutDil": 65400000,
        "link": "https://www.sec.gov/Archives/edgar/data/1045309/000095013602000891/0000950136-02-000891-index.html",
        "finalLink": "https://www.sec.gov/Archives/edgar/data/1045309/000095013602000891/file001.txt"
    },
    {
        "date": "2001-09-30",
        "symbol": "GRA",
        "reportedCurrency": "USD",
        "cik": "0001045309",
        "fillingDate": "2001-11-14",
        "acceptedDate": "2001-11-14 00:00:00",
        "calendarYear": "2001",
        "period": "Q3",
        "revenue": 448100000,
        "costOfRevenue": 283700000,
        "grossProfit": 164400000,
        "grossProfitRatio": 0.3668823923,
        "researchAndDevelopmentExpenses": 11400000,
        "generalAndAdministrativeExpenses": 87200000,
        "sellingAndMarketingExpenses": 21800000,
        "sellingGeneralAndAdministrativeExpenses": 109000000,
        "otherExpenses": 0,
        "operatingExpenses": 120400000,
        "costAndExpenses": 404100000,
        "interestIncome": 0,
        "interestExpense": 0,
        "depreciationAndAmortization": 21800000,
        "ebitda": 57800000,
        "ebitdaratio": 0.1289890649,
        "operatingIncome": 44000000,
        "operatingIncomeRatio": 0.0981923678,
        "totalOtherIncomeExpensesNet": -3000000,
        "incomeBeforeTax": 41000000,
        "incomeBeforeTaxRatio": 0.0914974336,
        "incomeTaxExpense": 16200000,
        "netIncome": 19800000,
        "netIncomeRatio": 0.0441865655,
        "eps": 0.3,
        "epsdiluted": 0.3,
        "weightedAverageShsOut": 65300000,
        "weightedAverageShsOutDil": 65400000,
        "link": "https://www.sec.gov/Archives/edgar/data/1045309/000095013601501842/0000950136-01-501842-index.html",
        "finalLink": "https://www.sec.gov/Archives/edgar/data/1045309/000095013601501842/file001.txt"
    },
    {
        "date": "2001-06-30",
        "symbol": "GRA",
        "reportedCurrency": "USD",
        "cik": "0001045309",
        "fillingDate": "2001-08-14",
        "acceptedDate": "2001-08-14 00:00:00",
        "calendarYear": "2001",
        "period": "Q2",
        "revenue": 456600000,
        "costOfRevenue": 285200000,
        "grossProfit": 171400000,
        "grossProfitRatio": 0.3753832676,
        "researchAndDevelopmentExpenses": 10700000,
        "generalAndAdministrativeExpenses": 79800000,
        "sellingAndMarketingExpenses": 20700000,
        "sellingGeneralAndAdministrativeExpenses": 100500000,
        "otherExpenses": 0,
        "operatingExpenses": 111200000,
        "costAndExpenses": 396400000,
        "interestIncome": 0,
        "interestExpense": 0,
        "depreciationAndAmortization": 20700000,
        "ebitda": 63000000,
        "ebitdaratio": 0.1379763469,
        "operatingIncome": 60200000,
        "operatingIncomeRatio": 0.1318440648,
        "totalOtherIncomeExpensesNet": -12700000,
        "incomeBeforeTax": 47500000,
        "incomeBeforeTaxRatio": 0.1040297854,
        "incomeTaxExpense": 19300000,
        "netIncome": 23000000,
        "netIncomeRatio": 0.0503723171,
        "eps": 0.35,
        "epsdiluted": 0.35,
        "weightedAverageShsOut": 65300000,
        "weightedAverageShsOutDil": 65400000,
        "link": "https://www.sec.gov/Archives/edgar/data/1045309/000095013601501181/0000950136-01-501181-index.html",
        "finalLink": "https://www.sec.gov/Archives/edgar/data/1045309/000095013601501181/file001.txt"
    },
    {
        "date": "2001-03-31",
        "symbol": "GRA",
        "reportedCurrency": "USD",
        "cik": "0001045309",
        "fillingDate": "2001-05-15",
        "acceptedDate": "2001-05-15 00:00:00",
        "calendarYear": "2001",
        "period": "Q1",
        "revenue": 414500000,
        "costOfRevenue": 253000000,
        "grossProfit": 161500000,
        "grossProfitRatio": 0.3896260555,
        "researchAndDevelopmentExpenses": 10200000,
        "generalAndAdministrativeExpenses": 90700000,
        "sellingAndMarketingExpenses": 21900000,
        "sellingGeneralAndAdministrativeExpenses": 112600000,
        "otherExpenses": 0,
        "operatingExpenses": 122800000,
        "costAndExpenses": 375800000,
        "interestIncome": 0,
        "interestExpense": 0,
        "depreciationAndAmortization": 21900000,
        "ebitda": 48400000,
        "ebitdaratio": 0.1167671894,
        "operatingIncome": 38700000,
        "operatingIncomeRatio": 0.0933655006,
        "totalOtherIncomeExpensesNet": -11900000,
        "incomeBeforeTax": 26800000,
        "incomeBeforeTaxRatio": 0.0646562123,
        "incomeTaxExpense": 11900000,
        "netIncome": 14600000,
        "netIncomeRatio": 0.0352231604,
        "eps": 0.22,
        "epsdiluted": 0.22,
        "weightedAverageShsOut": 65300000,
        "weightedAverageShsOutDil": 65300000,
        "link": "https://www.sec.gov/Archives/edgar/data/1045309/000095013601500428/0000950136-01-500428-index.html",
        "finalLink": "https://www.sec.gov/Archives/edgar/data/1045309/000095013601500428/file001.txt"
    },
    {
        "date": "2000-12-31",
        "symbol": "GRA",
        "reportedCurrency": "USD",
        "cik": "0001045309",
        "fillingDate": "2000-12-31",
        "acceptedDate": "2000-12-30 19:00:00",
        "calendarYear": "2000",
        "period": "Q4",
        "revenue": 453200000,
        "costOfRevenue": 307000000,
        "grossProfit": 146200000,
        "grossProfitRatio": 0.3225948808,
        "researchAndDevelopmentExpenses": 12400000,
        "generalAndAdministrativeExpenses": 77200000,
        "sellingAndMarketingExpenses": 21900000,
        "sellingGeneralAndAdministrativeExpenses": 99100000,
        "otherExpenses": 0,
        "operatingExpenses": 111500000,
        "costAndExpenses": 418500000,
        "interestIncome": 0,
        "interestExpense": 0,
        "depreciationAndAmortization": 21900000,
        "ebitda": -142800000,
        "ebitdaratio": -0.3150926743,
        "operatingIncome": 34700000,
        "operatingIncomeRatio": 0.0765666372,
        "totalOtherIncomeExpensesNet": -199400000,
        "incomeBeforeTax": -164700000,
        "incomeBeforeTaxRatio": -0.3634157105,
        "incomeTaxExpense": 17900000,
        "netIncome": -182600000,
        "netIncomeRatio": -0.4029126214,
        "eps": -2.8,
        "epsdiluted": -2.8,
        "weightedAverageShsOut": 65300000,
        "weightedAverageShsOutDil": 65300000,
        "link": "",
        "finalLink": ""
    },
    {
        "date": "2000-09-30",
        "symbol": "GRA",
        "reportedCurrency": "USD",
        "cik": "0001045309",
        "fillingDate": "2000-11-16",
        "acceptedDate": "2000-11-16 00:00:00",
        "calendarYear": "2000",
        "period": "Q3",
        "revenue": 394700000,
        "costOfRevenue": 233000000,
        "grossProfit": 161700000,
        "grossProfitRatio": 0.4096782366,
        "researchAndDevelopmentExpenses": 11200000,
        "generalAndAdministrativeExpenses": 74700000,
        "sellingAndMarketingExpenses": 21600000,
        "sellingGeneralAndAdministrativeExpenses": 96300000,
        "otherExpenses": 0,
        "operatingExpenses": 107500000,
        "costAndExpenses": 340500000,
        "interestIncome": 0,
        "interestExpense": 0,
        "depreciationAndAmortization": 21600000,
        "ebitda": 74800000,
        "ebitdaratio": 0.189511021,
        "operatingIncome": 54200000,
        "operatingIncomeRatio": 0.1373194832,
        "totalOtherIncomeExpensesNet": -1000000,
        "incomeBeforeTax": 53200000,
        "incomeBeforeTaxRatio": 0.1347859134,
        "incomeTaxExpense": 19100000,
        "netIncome": 34100000,
        "netIncomeRatio": 0.0863947302,
        "eps": 0.51,
        "epsdiluted": 0.51,
        "weightedAverageShsOut": 66700000,
        "weightedAverageShsOutDil": 67400000,
        "link": "https://www.sec.gov/Archives/edgar/data/1045309/000095013600001635/0000950136-00-001635-index.html",
        "finalLink": "https://www.sec.gov/Archives/edgar/data/1045309/000095013600001635/0000950136-00-001635-0001.txt"
    },
    {
        "date": "2000-06-30",
        "symbol": "GRA",
        "reportedCurrency": "USD",
        "cik": "0001045309",
        "fillingDate": "2000-08-14",
        "acceptedDate": "2000-08-14 00:00:00",
        "calendarYear": "2000",
        "period": "Q2",
        "revenue": 384600000,
        "costOfRevenue": 221000000,
        "grossProfit": 163600000,
        "grossProfitRatio": 0.4253770151,
        "researchAndDevelopmentExpenses": 10800000,
        "generalAndAdministrativeExpenses": 85600000,
        "sellingAndMarketingExpenses": 22100000,
        "sellingGeneralAndAdministrativeExpenses": 107700000,
        "otherExpenses": 0,
        "operatingExpenses": 118500000,
        "costAndExpenses": 339500000,
        "interestIncome": 0,
        "interestExpense": 0,
        "depreciationAndAmortization": 22100000,
        "ebitda": 76100000,
        "ebitdaratio": 0.1978679147,
        "operatingIncome": 45100000,
        "operatingIncomeRatio": 0.1172646906,
        "totalOtherIncomeExpensesNet": 8900000,
        "incomeBeforeTax": 54000000,
        "incomeBeforeTaxRatio": 0.1404056162,
        "incomeTaxExpense": 19400000,
        "netIncome": 34600000,
        "netIncomeRatio": 0.0899635985,
        "eps": 0.51,
        "epsdiluted": 0.5,
        "weightedAverageShsOut": 67200000,
        "weightedAverageShsOutDil": 68600000,
        "link": "https://www.sec.gov/Archives/edgar/data/1045309/000095013600001098/0000950136-00-001098-index.html",
        "finalLink": "https://www.sec.gov/Archives/edgar/data/1045309/000095013600001098/0000950136-00-001098-0001.txt"
    },
    {
        "date": "2000-03-31",
        "symbol": "GRA",
        "reportedCurrency": "USD",
        "cik": "0001045309",
        "fillingDate": "2000-05-12",
        "acceptedDate": "2000-05-12 00:00:00",
        "calendarYear": "2000",
        "period": "Q1",
        "revenue": 364900000,
        "costOfRevenue": 212900000,
        "grossProfit": 152000000,
        "grossProfitRatio": 0.4165524801,
        "researchAndDevelopmentExpenses": 11300000,
        "generalAndAdministrativeExpenses": 85600000,
        "sellingAndMarketingExpenses": 22200000,
        "sellingGeneralAndAdministrativeExpenses": 107800000,
        "otherExpenses": 0,
        "operatingExpenses": 119100000,
        "costAndExpenses": 332000000,
        "interestIncome": 0,
        "interestExpense": 0,
        "depreciationAndAmortization": 22200000,
        "ebitda": 60000000,
        "ebitdaratio": 0.1644286106,
        "operatingIncome": 32900000,
        "operatingIncomeRatio": 0.0901616881,
        "totalOtherIncomeExpensesNet": 4900000,
        "incomeBeforeTax": 37800000,
        "incomeBeforeTaxRatio": 0.1035900247,
        "incomeTaxExpense": 13600000,
        "netIncome": 24200000,
        "netIncomeRatio": 0.0663195396,
        "eps": 0.35,
        "epsdiluted": 0.35,
        "weightedAverageShsOut": 68200000,
        "weightedAverageShsOutDil": 69400000,
        "link": "https://www.sec.gov/Archives/edgar/data/1045309/000095013600000694/0000950136-00-000694-index.html",
        "finalLink": "https://www.sec.gov/Archives/edgar/data/1045309/0000950136-00-000694.txt"
    },
    {
        "date": "1999-12-31",
        "symbol": "GRA",
        "reportedCurrency": "USD",
        "cik": "0001045309",
        "fillingDate": "2000-03-28",
        "acceptedDate": "2000-03-28 00:00:00",
        "calendarYear": "1999",
        "period": "Q4",
        "revenue": 381200000,
        "costOfRevenue": 220500000,
        "grossProfit": 160700000,
        "grossProfitRatio": 0.4215634837,
        "researchAndDevelopmentExpenses": 10600000,
        "generalAndAdministrativeExpenses": 83500000,
        "sellingAndMarketingExpenses": 21400000,
        "sellingGeneralAndAdministrativeExpenses": 104900000,
        "otherExpenses": 0,
        "operatingExpenses": 115500000,
        "costAndExpenses": 336000000,
        "interestIncome": 0,
        "interestExpense": 0,
        "depreciationAndAmortization": 21400000,
        "ebitda": 96700000,
        "ebitdaratio": 0.2536726128,
        "operatingIncome": 45200000,
        "operatingIncomeRatio": 0.1185729276,
        "totalOtherIncomeExpensesNet": 30100000,
        "incomeBeforeTax": 75300000,
        "incomeBeforeTaxRatio": 0.1975341028,
        "incomeTaxExpense": 27100000,
        "netIncome": 48200000,
        "netIncomeRatio": 0.1264428122,
        "eps": 0.71,
        "epsdiluted": 0.71,
        "weightedAverageShsOut": 68200000,
        "weightedAverageShsOutDil": 68200000,
        "link": "https://www.sec.gov/Archives/edgar/data/1045309/000095013600000425/0000950136-00-000425-index.html",
        "finalLink": "https://www.sec.gov/Archives/edgar/data/1045309/0000950136-00-000425.txt"
    },
    {
        "date": "1999-09-30",
        "symbol": "GRA",
        "reportedCurrency": "USD",
        "cik": "0001045309",
        "fillingDate": "1999-11-12",
        "acceptedDate": "1999-11-12 00:00:00",
        "calendarYear": "1999",
        "period": "Q3",
        "revenue": 372200000,
        "costOfRevenue": 214100000,
        "grossProfit": 158100000,
        "grossProfitRatio": 0.4247716282,
        "researchAndDevelopmentExpenses": 10600000,
        "generalAndAdministrativeExpenses": 81000000,
        "sellingAndMarketingExpenses": 22300000,
        "sellingGeneralAndAdministrativeExpenses": 103300000,
        "otherExpenses": 0,
        "operatingExpenses": 113900000,
        "costAndExpenses": 328000000,
        "interestIncome": 0,
        "interestExpense": 0,
        "depreciationAndAmortization": 22300000,
        "ebitda": 82700000,
        "ebitdaratio": 0.2221923697,
        "operatingIncome": 44200000,
        "operatingIncomeRatio": 0.1187533584,
        "totalOtherIncomeExpensesNet": 7000000,
        "incomeBeforeTax": 51200000,
        "incomeBeforeTaxRatio": 0.1375604514,
        "incomeTaxExpense": 18400000,
        "netIncome": 42000000,
        "netIncomeRatio": 0.1128425578,
        "eps": 0.59,
        "epsdiluted": 0.56,
        "weightedAverageShsOut": 71200000,
        "weightedAverageShsOutDil": 74600000,
        "link": "https://www.sec.gov/Archives/edgar/data/1045309/000095013699001453/0000950136-99-001453-index.html",
        "finalLink": "https://www.sec.gov/Archives/edgar/data/1045309/0000950136-99-001453.txt"
    },
    {
        "date": "1999-06-30",
        "symbol": "GRA",
        "reportedCurrency": "USD",
        "cik": "0001045309",
        "fillingDate": "1999-08-13",
        "acceptedDate": "1999-08-13 00:00:00",
        "calendarYear": "1999",
        "period": "Q2",
        "revenue": 373000000,
        "costOfRevenue": 214600000,
        "grossProfit": 158400000,
        "grossProfitRatio": 0.4246648794,
        "researchAndDevelopmentExpenses": 10100000,
        "generalAndAdministrativeExpenses": 81400000,
        "sellingAndMarketingExpenses": 22600000,
        "sellingGeneralAndAdministrativeExpenses": 104000000,
        "otherExpenses": 0,
        "operatingExpenses": 114100000,
        "costAndExpenses": 328700000,
        "interestIncome": 0,
        "interestExpense": 0,
        "depreciationAndAmortization": 22500000,
        "ebitda": 66700000,
        "ebitdaratio": 0.1788203753,
        "operatingIncome": 44300000,
        "operatingIncomeRatio": 0.118766756,
        "totalOtherIncomeExpensesNet": 5600000,
        "incomeBeforeTax": 49900000,
        "incomeBeforeTaxRatio": 0.1337801609,
        "incomeTaxExpense": 18500000,
        "netIncome": 25700000,
        "netIncomeRatio": 0.0689008043,
        "eps": 0.37,
        "epsdiluted": 0.35,
        "weightedAverageShsOut": 69500000,
        "weightedAverageShsOutDil": 73000000,
        "link": "https://www.sec.gov/Archives/edgar/data/1045309/000095013699001069/0000950136-99-001069-index.html",
        "finalLink": "https://www.sec.gov/Archives/edgar/data/1045309/0000950136-99-001069.txt"
    },
    {
        "date": "1999-03-31",
        "symbol": "GRA",
        "reportedCurrency": "USD",
        "cik": "0001045309",
        "fillingDate": "1999-05-17",
        "acceptedDate": "1999-05-17 00:00:00",
        "calendarYear": "1999",
        "period": "Q1",
        "revenue": 345400000,
        "costOfRevenue": 208800000,
        "grossProfit": 136600000,
        "grossProfitRatio": 0.3954834974,
        "researchAndDevelopmentExpenses": 11100000,
        "generalAndAdministrativeExpenses": 75400000,
        "sellingAndMarketingExpenses": 23000000,
        "sellingGeneralAndAdministrativeExpenses": 98400000,
        "otherExpenses": 0,
        "operatingExpenses": 109500000,
        "costAndExpenses": 318300000,
        "interestIncome": 0,
        "interestExpense": 0,
        "depreciationAndAmortization": 23000000,
        "ebitda": 54700000,
        "ebitdaratio": 0.1583671106,
        "operatingIncome": 27100000,
        "operatingIncomeRatio": 0.0784597568,
        "totalOtherIncomeExpensesNet": 4600000,
        "incomeBeforeTax": 31700000,
        "incomeBeforeTaxRatio": 0.0917776491,
        "incomeTaxExpense": 11700000,
        "netIncome": 20000000,
        "netIncomeRatio": 0.0579038796,
        "eps": 0.28,
        "epsdiluted": 0.27,
        "weightedAverageShsOut": 71700000,
        "weightedAverageShsOutDil": 74700000,
        "link": "https://www.sec.gov/Archives/edgar/data/1045309/000095013699000705/0000950136-99-000705-index.html",
        "finalLink": "https://www.sec.gov/Archives/edgar/data/1045309/0000950136-99-000705.txt"
    },
    {
        "date": "1998-12-31",
        "symbol": "GRA",
        "reportedCurrency": "USD",
        "cik": "0001045309",
        "fillingDate": "1999-03-29",
        "acceptedDate": "1999-03-29 00:00:00",
        "calendarYear": "1998",
        "period": "Q4",
        "revenue": 372400000,
        "costOfRevenue": 222500000,
        "grossProfit": 149900000,
        "grossProfitRatio": 0.4025241676,
        "researchAndDevelopmentExpenses": 15500000,
        "generalAndAdministrativeExpenses": 81300000,
        "sellingAndMarketingExpenses": 25200000,
        "sellingGeneralAndAdministrativeExpenses": 106500000,
        "otherExpenses": 0,
        "operatingExpenses": 122000000,
        "costAndExpenses": 344500000,
        "interestIncome": 0,
        "interestExpense": 0,
        "depreciationAndAmortization": 25200000,
        "ebitda": -293900000,
        "ebitdaratio": -0.7892051557,
        "operatingIncome": 27900000,
        "operatingIncomeRatio": 0.0749194415,
        "totalOtherIncomeExpensesNet": -346900000,
        "incomeBeforeTax": -319000000,
        "incomeBeforeTaxRatio": -0.8566058002,
        "incomeTaxExpense": -109700000,
        "netIncome": -209400000,
        "netIncomeRatio": -0.5622986037,
        "eps": -2.92,
        "epsdiluted": -2.92,
        "weightedAverageShsOut": 71700000,
        "weightedAverageShsOutDil": 71700000,
        "link": "https://www.sec.gov/Archives/edgar/data/1045309/000095013699000385/0000950136-99-000385-index.html",
        "finalLink": "https://www.sec.gov/Archives/edgar/data/1045309/0000950136-99-000385.txt"
    },
    {
        "date": "1998-09-30",
        "symbol": "GRA",
        "reportedCurrency": "USD",
        "cik": "0001045309",
        "fillingDate": "1998-11-12",
        "acceptedDate": "1998-11-12 00:00:00",
        "calendarYear": "1998",
        "period": "Q3",
        "revenue": 380300000,
        "costOfRevenue": 228500000,
        "grossProfit": 151800000,
        "grossProfitRatio": 0.399158559,
        "researchAndDevelopmentExpenses": 10900000,
        "generalAndAdministrativeExpenses": 80800000,
        "sellingAndMarketingExpenses": 23400000,
        "sellingGeneralAndAdministrativeExpenses": 104200000,
        "otherExpenses": 0,
        "operatingExpenses": 115100000,
        "costAndExpenses": 343600000,
        "interestIncome": 0,
        "interestExpense": 0,
        "depreciationAndAmortization": 23300000,
        "ebitda": 66300000,
        "ebitdaratio": 0.1743360505,
        "operatingIncome": 36700000,
        "operatingIncomeRatio": 0.096502761,
        "totalOtherIncomeExpensesNet": 6300000,
        "incomeBeforeTax": 43000000,
        "incomeBeforeTaxRatio": 0.11306863,
        "incomeTaxExpense": 16700000,
        "netIncome": 26300000,
        "netIncomeRatio": 0.0691559295,
        "eps": 0.35,
        "epsdiluted": 0.34,
        "weightedAverageShsOut": 74600000,
        "weightedAverageShsOutDil": 78500000,
        "link": "https://www.sec.gov/Archives/edgar/data/1045309/000095013698002192/0000950136-98-002192-index.html",
        "finalLink": "https://www.sec.gov/Archives/edgar/data/1045309/0000950136-98-002192.txt"
    },
    {
        "date": "1998-06-30",
        "symbol": "GRA",
        "reportedCurrency": "USD",
        "cik": "0001045309",
        "fillingDate": "1998-08-14",
        "acceptedDate": "1998-08-14 00:00:00",
        "calendarYear": "1998",
        "period": "Q2",
        "revenue": 369900000,
        "costOfRevenue": 224200000,
        "grossProfit": 145700000,
        "grossProfitRatio": 0.3938902406,
        "researchAndDevelopmentExpenses": 10600000,
        "generalAndAdministrativeExpenses": 78700000,
        "sellingAndMarketingExpenses": 23600000,
        "sellingGeneralAndAdministrativeExpenses": 102300000,
        "otherExpenses": 0,
        "operatingExpenses": 112900000,
        "costAndExpenses": 337100000,
        "interestIncome": 0,
        "interestExpense": 0,
        "depreciationAndAmortization": 23600000,
        "ebitda": 65400000,
        "ebitdaratio": 0.1768045418,
        "operatingIncome": 32800000,
        "operatingIncomeRatio": 0.0886726142,
        "totalOtherIncomeExpensesNet": 9000000,
        "incomeBeforeTax": 41800000,
        "incomeBeforeTaxRatio": 0.1130035145,
        "incomeTaxExpense": 16300000,
        "netIncome": 25500000,
        "netIncomeRatio": 0.0689375507,
        "eps": 0.34,
        "epsdiluted": 0.32,
        "weightedAverageShsOut": 75700000,
        "weightedAverageShsOutDil": 80500000,
        "link": "https://www.sec.gov/Archives/edgar/data/1045309/000095013698001467/0000950136-98-001467-index.html",
        "finalLink": "https://www.sec.gov/Archives/edgar/data/1045309/0000950136-98-001467.txt"
    },
    {
        "date": "1998-03-31",
        "symbol": "GRA",
        "reportedCurrency": "USD",
        "cik": "0001045309",
        "fillingDate": "1998-05-15",
        "acceptedDate": "1998-05-15 00:00:00",
        "calendarYear": "1998",
        "period": "Q1",
        "revenue": 340800000,
        "costOfRevenue": 209600000,
        "grossProfit": 131200000,
        "grossProfitRatio": 0.3849765258,
        "researchAndDevelopmentExpenses": 10400000,
        "generalAndAdministrativeExpenses": 80600000,
        "sellingAndMarketingExpenses": 21800000,
        "sellingGeneralAndAdministrativeExpenses": 102400000,
        "otherExpenses": 0,
        "operatingExpenses": 112800000,
        "costAndExpenses": 322400000,
        "interestIncome": 0,
        "interestExpense": 0,
        "depreciationAndAmortization": 21800000,
        "ebitda": 3400000,
        "ebitdaratio": 0.0099765258,
        "operatingIncome": 18400000,
        "operatingIncomeRatio": 0.0539906103,
        "totalOtherIncomeExpensesNet": 1000000,
        "incomeBeforeTax": 19400000,
        "incomeBeforeTaxRatio": 0.0569248826,
        "incomeTaxExpense": 7600000,
        "netIncome": -26000000,
        "netIncomeRatio": -0.0762910798,
        "eps": -0.35,
        "epsdiluted": -0.32,
        "weightedAverageShsOut": 75100000,
        "weightedAverageShsOutDil": 81600000,
        "link": "https://www.sec.gov/Archives/edgar/data/1045309/000095013698000949/0000950136-98-000949-index.html",
        "finalLink": "https://www.sec.gov/Archives/edgar/data/1045309/0000950136-98-000949.txt"
    }
]