[
    {
        "date": "2025-06-30",
        "symbol": "GT",
        "reportedCurrency": "USD",
        "cik": "0000042582",
        "fillingDate": "2025-08-08",
        "acceptedDate": "2025-08-08 11:27:44",
        "calendarYear": "2025",
        "period": "Q2",
        "revenue": 4465000000,
        "costOfRevenue": 3705000000,
        "grossProfit": 760000000,
        "grossProfitRatio": 0.170212766,
        "researchAndDevelopmentExpenses": 0,
        "generalAndAdministrativeExpenses": 0,
        "sellingAndMarketingExpenses": 0,
        "sellingGeneralAndAdministrativeExpenses": 692000000,
        "otherExpenses": 0,
        "operatingExpenses": 692000000,
        "costAndExpenses": 4397000000,
        "interestIncome": 8000000,
        "interestExpense": 128000000,
        "depreciationAndAmortization": 274000000,
        "ebitda": 707000000,
        "ebitdaratio": 0.1583426652,
        "operatingIncome": 68000000,
        "operatingIncomeRatio": 0.0152295633,
        "totalOtherIncomeExpensesNet": 237000000,
        "incomeBeforeTax": 305000000,
        "incomeBeforeTaxRatio": 0.0683090705,
        "incomeTaxExpense": 24000000,
        "netIncome": 254000000,
        "netIncomeRatio": 0.0568868981,
        "eps": 0.89,
        "epsdiluted": 0.88,
        "weightedAverageShsOut": 287000000,
        "weightedAverageShsOutDil": 870000,
        "link": "https://www.sec.gov/Archives/edgar/data/42582/000162828025039165/0001628280-25-039165-index.htm",
        "finalLink": "https://www.sec.gov/Archives/edgar/data/42582/000162828025039165/gt-20250630.htm"
    },
    {
        "date": "2025-03-31",
        "symbol": "GT",
        "reportedCurrency": "USD",
        "cik": "0000042582",
        "fillingDate": "2025-05-08",
        "acceptedDate": "2025-05-08 11:56:52",
        "calendarYear": "2025",
        "period": "Q1",
        "revenue": 4253000000,
        "costOfRevenue": 3513000000,
        "grossProfit": 740000000,
        "grossProfitRatio": 0.1739948272,
        "researchAndDevelopmentExpenses": 0,
        "generalAndAdministrativeExpenses": 0,
        "sellingAndMarketingExpenses": 0,
        "sellingGeneralAndAdministrativeExpenses": 650000000,
        "otherExpenses": 0,
        "operatingExpenses": 650000000,
        "costAndExpenses": 4163000000,
        "interestIncome": 10000000,
        "interestExpense": 130000000,
        "depreciationAndAmortization": 270000000,
        "ebitda": 516000000,
        "ebitdaratio": 0.1213261227,
        "operatingIncome": 90000000,
        "operatingIncomeRatio": 0.021161533,
        "totalOtherIncomeExpensesNet": 41000000,
        "incomeBeforeTax": 131000000,
        "incomeBeforeTaxRatio": 0.030801787,
        "incomeTaxExpense": 13000000,
        "netIncome": 115000000,
        "netIncomeRatio": 0.0270397367,
        "eps": 0.4,
        "epsdiluted": 0.4,
        "weightedAverageShsOut": 287000000,
        "weightedAverageShsOutDil": 289000000,
        "link": "https://www.sec.gov/Archives/edgar/data/42582/000095017025066579/0000950170-25-066579-index.htm",
        "finalLink": "https://www.sec.gov/Archives/edgar/data/42582/000095017025066579/gt-20250331.htm"
    },
    {
        "date": "2024-12-31",
        "symbol": "GT",
        "reportedCurrency": "USD",
        "cik": "0000042582",
        "fillingDate": "2025-02-14",
        "acceptedDate": "2025-02-14 12:26:28",
        "calendarYear": "2024",
        "period": "Q4",
        "revenue": 4947000000,
        "costOfRevenue": 3958000000,
        "grossProfit": 989000000,
        "grossProfitRatio": 0.1999191429,
        "researchAndDevelopmentExpenses": 426000000,
        "generalAndAdministrativeExpenses": 719000000,
        "sellingAndMarketingExpenses": 0,
        "sellingGeneralAndAdministrativeExpenses": 692000000,
        "otherExpenses": -426000000,
        "operatingExpenses": 692000000,
        "costAndExpenses": 4650000000,
        "interestIncome": 13000000,
        "interestExpense": 146000000,
        "depreciationAndAmortization": 249000000,
        "ebitda": 472000000,
        "ebitdaratio": 0.0954113604,
        "operatingIncome": 297000000,
        "operatingIncomeRatio": 0.0600363857,
        "totalOtherIncomeExpensesNet": -205000000,
        "incomeBeforeTax": 92000000,
        "incomeBeforeTaxRatio": 0.0185971296,
        "incomeTaxExpense": 20000000,
        "netIncome": 76000000,
        "netIncomeRatio": 0.0153628462,
        "eps": 0.26,
        "epsdiluted": 0.26,
        "weightedAverageShsOut": 287000000,
        "weightedAverageShsOutDil": 288000000,
        "link": "https://www.sec.gov/Archives/edgar/data/42582/000095017025020763/0000950170-25-020763-index.htm",
        "finalLink": "https://www.sec.gov/Archives/edgar/data/42582/000095017025020763/gt-20241231.htm"
    },
    {
        "date": "2024-09-30",
        "symbol": "GT",
        "reportedCurrency": "USD",
        "cik": "0000042582",
        "fillingDate": "2024-11-05",
        "acceptedDate": "2024-11-05 10:47:24",
        "calendarYear": "2024",
        "period": "Q3",
        "revenue": 4824000000,
        "costOfRevenue": 3881000000,
        "grossProfit": 943000000,
        "grossProfitRatio": 0.1954809287,
        "researchAndDevelopmentExpenses": 0,
        "generalAndAdministrativeExpenses": 0,
        "sellingAndMarketingExpenses": 0,
        "sellingGeneralAndAdministrativeExpenses": 663000000,
        "otherExpenses": 0,
        "operatingExpenses": 663000000,
        "costAndExpenses": 4544000000,
        "interestIncome": 14000000,
        "interestExpense": 151000000,
        "depreciationAndAmortization": 254000000,
        "ebitda": 364000000,
        "ebitdaratio": 0.0754560531,
        "operatingIncome": 280000000,
        "operatingIncomeRatio": 0.0580431177,
        "totalOtherIncomeExpensesNet": -305000000,
        "incomeBeforeTax": -25000000,
        "incomeBeforeTaxRatio": -0.0051824212,
        "incomeTaxExpense": 9000000,
        "netIncome": -34000000,
        "netIncomeRatio": -0.0070480929,
        "eps": -0.12,
        "epsdiluted": -0.12,
        "weightedAverageShsOut": 287000000,
        "weightedAverageShsOutDil": 287000000,
        "link": "https://www.sec.gov/Archives/edgar/data/42582/000095017024121152/0000950170-24-121152-index.htm",
        "finalLink": "https://www.sec.gov/Archives/edgar/data/42582/000095017024121152/gt-20240930.htm"
    },
    {
        "date": "2024-06-30",
        "symbol": "GT",
        "reportedCurrency": "USD",
        "cik": "0000042582",
        "fillingDate": "2024-08-01",
        "acceptedDate": "2024-08-01 10:25:49",
        "calendarYear": "2024",
        "period": "Q2",
        "revenue": 4570000000,
        "costOfRevenue": 3622000000,
        "grossProfit": 948000000,
        "grossProfitRatio": 0.2074398249,
        "researchAndDevelopmentExpenses": 0,
        "generalAndAdministrativeExpenses": 0,
        "sellingAndMarketingExpenses": 0,
        "sellingGeneralAndAdministrativeExpenses": 731000000,
        "otherExpenses": 0,
        "operatingExpenses": 731000000,
        "costAndExpenses": 4353000000,
        "interestIncome": 12000000,
        "interestExpense": 146000000,
        "depreciationAndAmortization": 262000000,
        "ebitda": 532000000,
        "ebitdaratio": 0.1164113786,
        "operatingIncome": 217000000,
        "operatingIncomeRatio": 0.0474835886,
        "totalOtherIncomeExpensesNet": -77000000,
        "incomeBeforeTax": 140000000,
        "incomeBeforeTaxRatio": 0.0306345733,
        "incomeTaxExpense": 60000000,
        "netIncome": 85000000,
        "netIncomeRatio": 0.0185995624,
        "eps": 0.3,
        "epsdiluted": 0.3,
        "weightedAverageShsOut": 287000000,
        "weightedAverageShsOutDil": 288000000,
        "link": "https://www.sec.gov/Archives/edgar/data/42582/000095017024089017/0000950170-24-089017-index.htm",
        "finalLink": "https://www.sec.gov/Archives/edgar/data/42582/000095017024089017/gt-20240630.htm"
    },
    {
        "date": "2024-03-31",
        "symbol": "GT",
        "reportedCurrency": "USD",
        "cik": "0000042582",
        "fillingDate": "2024-05-07",
        "acceptedDate": "2024-05-07 10:11:15",
        "calendarYear": "2024",
        "period": "Q1",
        "revenue": 4537000000,
        "costOfRevenue": 3715000000,
        "grossProfit": 822000000,
        "grossProfitRatio": 0.1811769892,
        "researchAndDevelopmentExpenses": 0,
        "generalAndAdministrativeExpenses": 719000000,
        "sellingAndMarketingExpenses": -23000000,
        "sellingGeneralAndAdministrativeExpenses": 696000000,
        "otherExpenses": 0,
        "operatingExpenses": 696000000,
        "costAndExpenses": 4411000000,
        "interestIncome": 15000000,
        "interestExpense": 141000000,
        "depreciationAndAmortization": 284000000,
        "ebitda": 358000000,
        "ebitdaratio": 0.0789067666,
        "operatingIncome": 126000000,
        "operatingIncomeRatio": 0.0277716553,
        "totalOtherIncomeExpensesNet": -178000000,
        "incomeBeforeTax": -52000000,
        "incomeBeforeTaxRatio": -0.0114613181,
        "incomeTaxExpense": 6000000,
        "netIncome": -57000000,
        "netIncomeRatio": -0.0125633679,
        "eps": -0.2,
        "epsdiluted": -0.2,
        "weightedAverageShsOut": 286000000,
        "weightedAverageShsOutDil": 286000000,
        "link": "https://www.sec.gov/Archives/edgar/data/42582/000095017024054023/0000950170-24-054023-index.htm",
        "finalLink": "https://www.sec.gov/Archives/edgar/data/42582/000095017024054023/gt-20240331.htm"
    },
    {
        "date": "2023-12-31",
        "symbol": "GT",
        "reportedCurrency": "USD",
        "cik": "0000042582",
        "fillingDate": "2024-02-13",
        "acceptedDate": "2024-02-13 10:11:02",
        "calendarYear": "2023",
        "period": "Q4",
        "revenue": 5116000000,
        "costOfRevenue": 4070000000,
        "grossProfit": 1046000000,
        "grossProfitRatio": 0.2044566067,
        "researchAndDevelopmentExpenses": 461000000,
        "generalAndAdministrativeExpenses": 432000000,
        "sellingAndMarketingExpenses": 364000000,
        "sellingGeneralAndAdministrativeExpenses": 769000000,
        "otherExpenses": -461000000,
        "operatingExpenses": 769000000,
        "costAndExpenses": 4839000000,
        "interestIncome": 29000000,
        "interestExpense": 85000000,
        "depreciationAndAmortization": 250000000,
        "ebitda": 71000000,
        "ebitdaratio": 0.0138780297,
        "operatingIncome": 277000000,
        "operatingIncomeRatio": 0.0541438624,
        "totalOtherIncomeExpensesNet": -585000000,
        "incomeBeforeTax": -308000000,
        "incomeBeforeTaxRatio": -0.0602032838,
        "incomeTaxExpense": -12000000,
        "netIncome": -291000000,
        "netIncomeRatio": -0.0568803753,
        "eps": -1.02,
        "epsdiluted": -1.02,
        "weightedAverageShsOut": 285000000,
        "weightedAverageShsOutDil": 285000000,
        "link": "https://www.sec.gov/Archives/edgar/data/42582/000095017024014240/0000950170-24-014240-index.htm",
        "finalLink": "https://www.sec.gov/Archives/edgar/data/42582/000095017024014240/gt-20231231.htm"
    },
    {
        "date": "2023-09-30",
        "symbol": "GT",
        "reportedCurrency": "USD",
        "cik": "0000042582",
        "fillingDate": "2023-11-07",
        "acceptedDate": "2023-11-07 11:07:28",
        "calendarYear": "2023",
        "period": "Q3",
        "revenue": 5142000000,
        "costOfRevenue": 4171000000,
        "grossProfit": 971000000,
        "grossProfitRatio": 0.1888370284,
        "researchAndDevelopmentExpenses": 0,
        "generalAndAdministrativeExpenses": 0,
        "sellingAndMarketingExpenses": 0,
        "sellingGeneralAndAdministrativeExpenses": 673000000,
        "otherExpenses": 0,
        "operatingExpenses": 673000000,
        "costAndExpenses": 4844000000,
        "interestIncome": 21000000,
        "interestExpense": 153000000,
        "depreciationAndAmortization": 245000000,
        "ebitda": 324000000,
        "ebitdaratio": 0.0630105018,
        "operatingIncome": 298000000,
        "operatingIncomeRatio": 0.0579541035,
        "totalOtherIncomeExpensesNet": -357000000,
        "incomeBeforeTax": -59000000,
        "incomeBeforeTaxRatio": -0.0114741346,
        "incomeTaxExpense": 25000000,
        "netIncome": -89000000,
        "netIncomeRatio": -0.0173084403,
        "eps": -0.31,
        "epsdiluted": -0.31,
        "weightedAverageShsOut": 285000000,
        "weightedAverageShsOutDil": 285000000,
        "link": "https://www.sec.gov/Archives/edgar/data/42582/000095017023059862/0000950170-23-059862-index.htm",
        "finalLink": "https://www.sec.gov/Archives/edgar/data/42582/000095017023059862/gt-20230930.htm"
    },
    {
        "date": "2023-06-30",
        "symbol": "GT",
        "reportedCurrency": "USD",
        "cik": "0000042582",
        "fillingDate": "2023-08-03",
        "acceptedDate": "2023-08-03 10:22:35",
        "calendarYear": "2023",
        "period": "Q2",
        "revenue": 4867000000,
        "costOfRevenue": 4123000000,
        "grossProfit": 744000000,
        "grossProfitRatio": 0.152866242,
        "researchAndDevelopmentExpenses": 0,
        "generalAndAdministrativeExpenses": 0,
        "sellingAndMarketingExpenses": 0,
        "sellingGeneralAndAdministrativeExpenses": 708000000,
        "otherExpenses": 0,
        "operatingExpenses": 708000000,
        "costAndExpenses": 4831000000,
        "interestIncome": 18000000,
        "interestExpense": 155000000,
        "depreciationAndAmortization": 255000000,
        "ebitda": 183000000,
        "ebitdaratio": 0.0376001644,
        "operatingIncome": 36000000,
        "operatingIncomeRatio": 0.0073967536,
        "totalOtherIncomeExpensesNet": -246000000,
        "incomeBeforeTax": -210000000,
        "incomeBeforeTaxRatio": -0.0431477296,
        "incomeTaxExpense": -2000000,
        "netIncome": -208000000,
        "netIncomeRatio": -0.0427367988,
        "eps": -0.73,
        "epsdiluted": -0.73,
        "weightedAverageShsOut": 284931506,
        "weightedAverageShsOutDil": 285000000,
        "link": "https://www.sec.gov/Archives/edgar/data/42582/000095017023037664/0000950170-23-037664-index.htm",
        "finalLink": "https://www.sec.gov/Archives/edgar/data/42582/000095017023037664/gt-20230630.htm"
    },
    {
        "date": "2023-03-31",
        "symbol": "GT",
        "reportedCurrency": "USD",
        "cik": "0000042582",
        "fillingDate": "2023-05-05",
        "acceptedDate": "2023-05-05 09:12:45",
        "calendarYear": "2023",
        "period": "Q1",
        "revenue": 4941000000,
        "costOfRevenue": 4193000000,
        "grossProfit": 748000000,
        "grossProfitRatio": 0.151386359,
        "researchAndDevelopmentExpenses": 0,
        "generalAndAdministrativeExpenses": 693000000,
        "sellingAndMarketingExpenses": -29000000,
        "sellingGeneralAndAdministrativeExpenses": 664000000,
        "otherExpenses": 0,
        "operatingExpenses": 664000000,
        "costAndExpenses": 4857000000,
        "interestIncome": 16000000,
        "interestExpense": 139000000,
        "depreciationAndAmortization": 251000000,
        "ebitda": 278000000,
        "ebitdaratio": 0.0562639142,
        "operatingIncome": 84000000,
        "operatingIncomeRatio": 0.0170006072,
        "totalOtherIncomeExpensesNet": -184000000,
        "incomeBeforeTax": -100000000,
        "incomeBeforeTaxRatio": -0.0202388181,
        "incomeTaxExpense": -1000000,
        "netIncome": -101000000,
        "netIncomeRatio": -0.0204412062,
        "eps": -0.35,
        "epsdiluted": -0.35,
        "weightedAverageShsOut": 285000775,
        "weightedAverageShsOutDil": 285000000,
        "link": "https://www.sec.gov/Archives/edgar/data/42582/000095017023018114/0000950170-23-018114-index.htm",
        "finalLink": "https://www.sec.gov/Archives/edgar/data/42582/000095017023018114/gt-20230331.htm"
    },
    {
        "date": "2022-12-31",
        "symbol": "GT",
        "reportedCurrency": "USD",
        "cik": "0000042582",
        "fillingDate": "2023-02-13",
        "acceptedDate": "2023-02-13 11:27:41",
        "calendarYear": "2022",
        "period": "Q4",
        "revenue": 5374000000,
        "costOfRevenue": 4510000000,
        "grossProfit": 864000000,
        "grossProfitRatio": 0.1607740975,
        "researchAndDevelopmentExpenses": 0,
        "generalAndAdministrativeExpenses": 0,
        "sellingAndMarketingExpenses": 0,
        "sellingGeneralAndAdministrativeExpenses": 697000000,
        "otherExpenses": 0,
        "operatingExpenses": 697000000,
        "costAndExpenses": 5207000000,
        "interestIncome": 12000000,
        "interestExpense": 132000000,
        "depreciationAndAmortization": 246000000,
        "ebitda": 273000000,
        "ebitdaratio": 0.0508001489,
        "operatingIncome": 167000000,
        "operatingIncomeRatio": 0.0310755489,
        "totalOtherIncomeExpensesNet": -260000000,
        "incomeBeforeTax": -93000000,
        "incomeBeforeTaxRatio": -0.0173055452,
        "incomeTaxExpense": 12000000,
        "netIncome": -104000000,
        "netIncomeRatio": -0.0193524377,
        "eps": -0.45,
        "epsdiluted": -0.45,
        "weightedAverageShsOut": 234000000,
        "weightedAverageShsOutDil": 234000000,
        "link": "https://www.sec.gov/Archives/edgar/data/42582/000095017023002558/0000950170-23-002558-index.htm",
        "finalLink": "https://www.sec.gov/Archives/edgar/data/42582/000095017023002558/gt-20221231.htm"
    },
    {
        "date": "2022-09-30",
        "symbol": "GT",
        "reportedCurrency": "USD",
        "cik": "0000042582",
        "fillingDate": "2022-11-01",
        "acceptedDate": "2022-11-01 10:23:30",
        "calendarYear": "2022",
        "period": "Q3",
        "revenue": 5311000000,
        "costOfRevenue": 4305000000,
        "grossProfit": 1006000000,
        "grossProfitRatio": 0.1894181887,
        "researchAndDevelopmentExpenses": 0,
        "generalAndAdministrativeExpenses": 0,
        "sellingAndMarketingExpenses": 0,
        "sellingGeneralAndAdministrativeExpenses": 696000000,
        "otherExpenses": 0,
        "operatingExpenses": 696000000,
        "costAndExpenses": 5001000000,
        "interestIncome": 11000000,
        "interestExpense": 128000000,
        "depreciationAndAmortization": 237000000,
        "ebitda": 460000000,
        "ebitdaratio": 0.0866126906,
        "operatingIncome": 310000000,
        "operatingIncomeRatio": 0.058369422,
        "totalOtherIncomeExpensesNet": -204000000,
        "incomeBeforeTax": 106000000,
        "incomeBeforeTaxRatio": 0.0199585765,
        "incomeTaxExpense": 58000000,
        "netIncome": 44000000,
        "netIncomeRatio": 0.0082846921,
        "eps": 0.15,
        "epsdiluted": 0.15,
        "weightedAverageShsOut": 284000000,
        "weightedAverageShsOutDil": 286000000,
        "link": "https://www.sec.gov/Archives/edgar/data/42582/000095017022020726/0000950170-22-020726-index.htm",
        "finalLink": "https://www.sec.gov/Archives/edgar/data/42582/000095017022020726/gt-20220930.htm"
    },
    {
        "date": "2022-06-30",
        "symbol": "GT",
        "reportedCurrency": "USD",
        "cik": "0000042582",
        "fillingDate": "2022-08-05",
        "acceptedDate": "2022-08-05 09:49:41",
        "calendarYear": "2022",
        "period": "Q2",
        "revenue": 5212000000,
        "costOfRevenue": 4172000000,
        "grossProfit": 1040000000,
        "grossProfitRatio": 0.1995395242,
        "researchAndDevelopmentExpenses": 0,
        "generalAndAdministrativeExpenses": 0,
        "sellingAndMarketingExpenses": 0,
        "sellingGeneralAndAdministrativeExpenses": 717000000,
        "otherExpenses": 0,
        "operatingExpenses": 717000000,
        "costAndExpenses": 4889000000,
        "interestIncome": 6000000,
        "interestExpense": 120000000,
        "depreciationAndAmortization": 237000000,
        "ebitda": 599000000,
        "ebitdaratio": 0.1149270913,
        "operatingIncome": 323000000,
        "operatingIncomeRatio": 0.0619723715,
        "totalOtherIncomeExpensesNet": -71000000,
        "incomeBeforeTax": 252000000,
        "incomeBeforeTaxRatio": 0.0483499616,
        "incomeTaxExpense": 82000000,
        "netIncome": 166000000,
        "netIncomeRatio": 0.0318495779,
        "eps": 0.58,
        "epsdiluted": 0.58,
        "weightedAverageShsOut": 284000000,
        "weightedAverageShsOutDil": 286000000,
        "link": "https://www.sec.gov/Archives/edgar/data/42582/000095017022014987/0000950170-22-014987-index.htm",
        "finalLink": "https://www.sec.gov/Archives/edgar/data/42582/000095017022014987/gt-20220630.htm"
    },
    {
        "date": "2022-03-31",
        "symbol": "GT",
        "reportedCurrency": "USD",
        "cik": "0000042582",
        "fillingDate": "2022-05-06",
        "acceptedDate": "2022-05-06 10:43:20",
        "calendarYear": "2022",
        "period": "Q1",
        "revenue": 4908000000,
        "costOfRevenue": 3966000000,
        "grossProfit": 942000000,
        "grossProfitRatio": 0.1919315403,
        "researchAndDevelopmentExpenses": 0,
        "generalAndAdministrativeExpenses": 0,
        "sellingAndMarketingExpenses": 0,
        "sellingGeneralAndAdministrativeExpenses": 688000000,
        "otherExpenses": 0,
        "operatingExpenses": 688000000,
        "costAndExpenses": 4654000000,
        "interestIncome": 5000000,
        "interestExpense": 111000000,
        "depreciationAndAmortization": 244000000,
        "ebitda": 482000000,
        "ebitdaratio": 0.098207009,
        "operatingIncome": 254000000,
        "operatingIncomeRatio": 0.0517522412,
        "totalOtherIncomeExpensesNet": -120000000,
        "incomeBeforeTax": 134000000,
        "incomeBeforeTaxRatio": 0.0273023635,
        "incomeTaxExpense": 38000000,
        "netIncome": 96000000,
        "netIncomeRatio": 0.0195599022,
        "eps": 0.34,
        "epsdiluted": 0.33,
        "weightedAverageShsOut": 284000000,
        "weightedAverageShsOutDil": 287000000,
        "link": "https://www.sec.gov/Archives/edgar/data/42582/000095017022008036/0000950170-22-008036-index.htm",
        "finalLink": "https://www.sec.gov/Archives/edgar/data/42582/000095017022008036/gt-20220331.htm"
    },
    {
        "date": "2021-12-31",
        "symbol": "GT",
        "reportedCurrency": "USD",
        "cik": "0000042582",
        "fillingDate": "2022-02-14",
        "acceptedDate": "2022-02-14 15:25:54",
        "calendarYear": "2021",
        "period": "Q4",
        "revenue": 5054000000,
        "costOfRevenue": 3969000000,
        "grossProfit": 1085000000,
        "grossProfitRatio": 0.2146814404,
        "researchAndDevelopmentExpenses": 0,
        "generalAndAdministrativeExpenses": 0,
        "sellingAndMarketingExpenses": 0,
        "sellingGeneralAndAdministrativeExpenses": 750000000,
        "otherExpenses": 0,
        "operatingExpenses": 750000000,
        "costAndExpenses": 4719000000,
        "interestIncome": 7000000,
        "interestExpense": 115000000,
        "depreciationAndAmortization": 238000000,
        "ebitda": 540000000,
        "ebitdaratio": 0.1068460625,
        "operatingIncome": 335000000,
        "operatingIncomeRatio": 0.0662841314,
        "totalOtherIncomeExpensesNet": -140000000,
        "incomeBeforeTax": 195000000,
        "incomeBeforeTaxRatio": 0.0385833004,
        "incomeTaxExpense": -362000000,
        "netIncome": 553000000,
        "netIncomeRatio": 0.1094182825,
        "eps": 1.95,
        "epsdiluted": 1.93,
        "weightedAverageShsOut": 283000000,
        "weightedAverageShsOutDil": 287000000,
        "link": "https://www.sec.gov/Archives/edgar/data/42582/000095017022001201/0000950170-22-001201-index.htm",
        "finalLink": "https://www.sec.gov/Archives/edgar/data/42582/000095017022001201/gt-20211231.htm"
    },
    {
        "date": "2021-09-30",
        "symbol": "GT",
        "reportedCurrency": "USD",
        "cik": "0000042582",
        "fillingDate": "2021-11-05",
        "acceptedDate": "2021-11-05 12:02:03",
        "calendarYear": "2021",
        "period": "Q3",
        "revenue": 4934000000,
        "costOfRevenue": 3894000000,
        "grossProfit": 1040000000,
        "grossProfitRatio": 0.2107823267,
        "researchAndDevelopmentExpenses": 0,
        "generalAndAdministrativeExpenses": 0,
        "sellingAndMarketingExpenses": 0,
        "sellingGeneralAndAdministrativeExpenses": 727000000,
        "otherExpenses": 0,
        "operatingExpenses": 727000000,
        "costAndExpenses": 4621000000,
        "interestIncome": 6000000,
        "interestExpense": 111000000,
        "depreciationAndAmortization": 240000000,
        "ebitda": 531000000,
        "ebitdaratio": 0.1076205918,
        "operatingIncome": 313000000,
        "operatingIncomeRatio": 0.0634373733,
        "totalOtherIncomeExpensesNet": -126000000,
        "incomeBeforeTax": 187000000,
        "incomeBeforeTaxRatio": 0.0379002837,
        "incomeTaxExpense": 53000000,
        "netIncome": 132000000,
        "netIncomeRatio": 0.0267531415,
        "eps": 0.47,
        "epsdiluted": 0.46,
        "weightedAverageShsOut": 283000000,
        "weightedAverageShsOutDil": 286000000,
        "link": "https://www.sec.gov/Archives/edgar/data/42582/000095017021003186/0000950170-21-003186-index.htm",
        "finalLink": "https://www.sec.gov/Archives/edgar/data/42582/000095017021003186/gt-20210930.htm"
    },
    {
        "date": "2021-06-30",
        "symbol": "GT",
        "reportedCurrency": "USD",
        "cik": "0000042582",
        "fillingDate": "2021-08-06",
        "acceptedDate": "2021-08-06 11:47:23",
        "calendarYear": "2021",
        "period": "Q2",
        "revenue": 3979000000,
        "costOfRevenue": 3078000000,
        "grossProfit": 901000000,
        "grossProfitRatio": 0.2264388037,
        "researchAndDevelopmentExpenses": 0,
        "generalAndAdministrativeExpenses": 0,
        "sellingAndMarketingExpenses": 0,
        "sellingGeneralAndAdministrativeExpenses": 658000000,
        "otherExpenses": 0,
        "operatingExpenses": 658000000,
        "costAndExpenses": 3736000000,
        "interestIncome": 53000000,
        "interestExpense": 114000000,
        "depreciationAndAmortization": 208000000,
        "ebitda": 403000000,
        "ebitdaratio": 0.1012817291,
        "operatingIncome": 243000000,
        "operatingIncomeRatio": 0.0610706208,
        "totalOtherIncomeExpensesNet": -145000000,
        "incomeBeforeTax": 98000000,
        "incomeBeforeTaxRatio": 0.0246293038,
        "incomeTaxExpense": 27000000,
        "netIncome": 67000000,
        "netIncomeRatio": 0.0168384016,
        "eps": 0.27,
        "epsdiluted": 0.27,
        "weightedAverageShsOut": 244000000,
        "weightedAverageShsOutDil": 247000000,
        "link": "https://www.sec.gov/Archives/edgar/data/42582/000095017021000990/0000950170-21-000990-index.htm",
        "finalLink": "https://www.sec.gov/Archives/edgar/data/42582/000095017021000990/gt-20210630.htm"
    },
    {
        "date": "2021-03-31",
        "symbol": "GT",
        "reportedCurrency": "USD",
        "cik": "0000042582",
        "fillingDate": "2021-04-30",
        "acceptedDate": "2021-04-30 10:44:19",
        "calendarYear": "2021",
        "period": "Q1",
        "revenue": 3511000000,
        "costOfRevenue": 2751000000,
        "grossProfit": 760000000,
        "grossProfitRatio": 0.2164625463,
        "researchAndDevelopmentExpenses": 0,
        "generalAndAdministrativeExpenses": 0,
        "sellingAndMarketingExpenses": 0,
        "sellingGeneralAndAdministrativeExpenses": 564000000,
        "otherExpenses": 0,
        "operatingExpenses": 564000000,
        "costAndExpenses": 3315000000,
        "interestIncome": 5000000,
        "interestExpense": 86000000,
        "depreciationAndAmortization": 197000000,
        "ebitda": 309000000,
        "ebitdaratio": 0.0880091142,
        "operatingIncome": 196000000,
        "operatingIncomeRatio": 0.0558245514,
        "totalOtherIncomeExpensesNet": -163000000,
        "incomeBeforeTax": 33000000,
        "incomeBeforeTaxRatio": 0.0093990316,
        "incomeTaxExpense": 15000000,
        "netIncome": 12000000,
        "netIncomeRatio": 0.0034178297,
        "eps": 0.05,
        "epsdiluted": 0.05,
        "weightedAverageShsOut": 235000000,
        "weightedAverageShsOutDil": 238000000,
        "link": "https://www.sec.gov/Archives/edgar/data/42582/000156459021022280/0001564590-21-022280-index.htm",
        "finalLink": "https://www.sec.gov/Archives/edgar/data/42582/000156459021022280/gt-10q_20210331.htm"
    },
    {
        "date": "2020-12-31",
        "symbol": "GT",
        "reportedCurrency": "USD",
        "cik": "0000042582",
        "fillingDate": "2021-02-09",
        "acceptedDate": "2021-02-09 11:47:49",
        "calendarYear": "2020",
        "period": "Q4",
        "revenue": 3656000000,
        "costOfRevenue": 2794000000,
        "grossProfit": 862000000,
        "grossProfitRatio": 0.2357768053,
        "researchAndDevelopmentExpenses": 0,
        "generalAndAdministrativeExpenses": 0,
        "sellingAndMarketingExpenses": 0,
        "sellingGeneralAndAdministrativeExpenses": 605000000,
        "otherExpenses": 0,
        "operatingExpenses": 605000000,
        "costAndExpenses": 3399000000,
        "interestIncome": 5000000,
        "interestExpense": 78000000,
        "depreciationAndAmortization": 194000000,
        "ebitda": 399000000,
        "ebitdaratio": 0.1091356674,
        "operatingIncome": 257000000,
        "operatingIncomeRatio": 0.0702954048,
        "totalOtherIncomeExpensesNet": -130000000,
        "incomeBeforeTax": 127000000,
        "incomeBeforeTaxRatio": 0.0347374179,
        "incomeTaxExpense": 60000000,
        "netIncome": 63000000,
        "netIncomeRatio": 0.0172319475,
        "eps": 0.27,
        "epsdiluted": 0.27,
        "weightedAverageShsOut": 235000000,
        "weightedAverageShsOutDil": 235000000,
        "link": "https://www.sec.gov/Archives/edgar/data/42582/000156459021004857/0001564590-21-004857-index.htm",
        "finalLink": "https://www.sec.gov/Archives/edgar/data/42582/000156459021004857/gt-10k_20201231.htm"
    },
    {
        "date": "2020-09-30",
        "symbol": "GT",
        "reportedCurrency": "USD",
        "cik": "0000042582",
        "fillingDate": "2020-10-30",
        "acceptedDate": "2020-10-30 11:50:39",
        "calendarYear": "2020",
        "period": "Q3",
        "revenue": 3465000000,
        "costOfRevenue": 2775000000,
        "grossProfit": 690000000,
        "grossProfitRatio": 0.1991341991,
        "researchAndDevelopmentExpenses": 0,
        "generalAndAdministrativeExpenses": 0,
        "sellingAndMarketingExpenses": 0,
        "sellingGeneralAndAdministrativeExpenses": 555000000,
        "otherExpenses": 0,
        "operatingExpenses": 555000000,
        "costAndExpenses": 3330000000,
        "interestIncome": 3000000,
        "interestExpense": 94000000,
        "depreciationAndAmortization": 193000000,
        "ebitda": 271000000,
        "ebitdaratio": 0.0782106782,
        "operatingIncome": 135000000,
        "operatingIncomeRatio": 0.038961039,
        "totalOtherIncomeExpensesNet": -145000000,
        "incomeBeforeTax": -10000000,
        "incomeBeforeTaxRatio": -0.0028860029,
        "incomeTaxExpense": -13000000,
        "netIncome": -2000000,
        "netIncomeRatio": -0.0005772006,
        "eps": -0.0085,
        "epsdiluted": -0.0085,
        "weightedAverageShsOut": 234000000,
        "weightedAverageShsOutDil": 234000000,
        "link": "https://www.sec.gov/Archives/edgar/data/42582/000156459020049196/0001564590-20-049196-index.htm",
        "finalLink": "https://www.sec.gov/Archives/edgar/data/42582/000156459020049196/gt-10q_20200930.htm"
    },
    {
        "date": "2020-06-30",
        "symbol": "GT",
        "reportedCurrency": "USD",
        "cik": "0000042582",
        "fillingDate": "2020-07-31",
        "acceptedDate": "2020-07-31 11:18:34",
        "calendarYear": "2020",
        "period": "Q2",
        "revenue": 2144000000,
        "costOfRevenue": 2216000000,
        "grossProfit": -72000000,
        "grossProfitRatio": -0.0335820896,
        "researchAndDevelopmentExpenses": 0,
        "generalAndAdministrativeExpenses": 0,
        "sellingAndMarketingExpenses": 0,
        "sellingGeneralAndAdministrativeExpenses": 451000000,
        "otherExpenses": 0,
        "operatingExpenses": 451000000,
        "costAndExpenses": 2667000000,
        "interestIncome": 3000000,
        "interestExpense": 90000000,
        "depreciationAndAmortization": 276000000,
        "ebitda": -528000000,
        "ebitdaratio": -0.2462686567,
        "operatingIncome": -523000000,
        "operatingIncomeRatio": -0.2439365672,
        "totalOtherIncomeExpensesNet": -366000000,
        "incomeBeforeTax": -889000000,
        "incomeBeforeTaxRatio": -0.4146455224,
        "incomeTaxExpense": -186000000,
        "netIncome": -696000000,
        "netIncomeRatio": -0.3246268657,
        "eps": -2.97,
        "epsdiluted": -2.97,
        "weightedAverageShsOut": 234000000,
        "weightedAverageShsOutDil": 234000000,
        "link": "https://www.sec.gov/Archives/edgar/data/42582/000156459020035078/0001564590-20-035078-index.htm",
        "finalLink": "https://www.sec.gov/Archives/edgar/data/42582/000156459020035078/gt-10q_20200630.htm"
    },
    {
        "date": "2020-03-31",
        "symbol": "GT",
        "reportedCurrency": "USD",
        "cik": "0000042582",
        "fillingDate": "2020-04-30",
        "acceptedDate": "2020-04-30 12:47:30",
        "calendarYear": "2020",
        "period": "Q1",
        "revenue": 3056000000,
        "costOfRevenue": 2552000000,
        "grossProfit": 504000000,
        "grossProfitRatio": 0.164921466,
        "researchAndDevelopmentExpenses": 0,
        "generalAndAdministrativeExpenses": 0,
        "sellingAndMarketingExpenses": 0,
        "sellingGeneralAndAdministrativeExpenses": 581000000,
        "otherExpenses": 0,
        "operatingExpenses": 581000000,
        "costAndExpenses": 3133000000,
        "interestIncome": 3000000,
        "interestExpense": 80000000,
        "depreciationAndAmortization": 196000000,
        "ebitda": -99000000,
        "ebitdaratio": -0.032395288,
        "operatingIncome": -77000000,
        "operatingIncomeRatio": -0.0251963351,
        "totalOtherIncomeExpensesNet": -291000000,
        "incomeBeforeTax": -368000000,
        "incomeBeforeTaxRatio": -0.1204188482,
        "incomeTaxExpense": 249000000,
        "netIncome": -619000000,
        "netIncomeRatio": -0.202552356,
        "eps": -2.65,
        "epsdiluted": -2.65,
        "weightedAverageShsOut": 233584905,
        "weightedAverageShsOutDil": 234000000,
        "link": "https://www.sec.gov/Archives/edgar/data/42582/000156459020020061/0001564590-20-020061-index.htm",
        "finalLink": "https://www.sec.gov/Archives/edgar/data/42582/000156459020020061/gt-10q_20200331.htm"
    },
    {
        "date": "2019-12-31",
        "symbol": "GT",
        "reportedCurrency": "USD",
        "cik": "0000042582",
        "fillingDate": "2020-02-11",
        "acceptedDate": "2020-02-11 11:12:22",
        "calendarYear": "2019",
        "period": "Q4",
        "revenue": 3713000000,
        "costOfRevenue": 2903000000,
        "grossProfit": 810000000,
        "grossProfitRatio": 0.2181524374,
        "researchAndDevelopmentExpenses": 0,
        "generalAndAdministrativeExpenses": 618000000,
        "sellingAndMarketingExpenses": 0,
        "sellingGeneralAndAdministrativeExpenses": 618000000,
        "otherExpenses": 0,
        "operatingExpenses": 618000000,
        "costAndExpenses": 3521000000,
        "interestIncome": 13000000,
        "interestExpense": 87000000,
        "depreciationAndAmortization": 211000000,
        "ebitda": 302000000,
        "ebitdaratio": 0.081335847,
        "operatingIncome": 192000000,
        "operatingIncomeRatio": 0.0517102074,
        "totalOtherIncomeExpensesNet": -180000000,
        "incomeBeforeTax": 12000000,
        "incomeBeforeTaxRatio": 0.003231888,
        "incomeTaxExpense": 411000000,
        "netIncome": -392000000,
        "netIncomeRatio": -0.1055750067,
        "eps": -1.68,
        "epsdiluted": -1.68,
        "weightedAverageShsOut": 234000000,
        "weightedAverageShsOutDil": 234000000,
        "link": "https://www.sec.gov/Archives/edgar/data/42582/000095012320001393/0000950123-20-001393-index.htm",
        "finalLink": "https://www.sec.gov/Archives/edgar/data/42582/000095012320001393/gt-q4201910k.htm"
    },
    {
        "date": "2019-09-30",
        "symbol": "GT",
        "reportedCurrency": "USD",
        "cik": "0000042582",
        "fillingDate": "2019-10-25",
        "acceptedDate": "2019-10-25 11:14:09",
        "calendarYear": "2019",
        "period": "Q3",
        "revenue": 3802000000,
        "costOfRevenue": 2965000000,
        "grossProfit": 837000000,
        "grossProfitRatio": 0.2201472909,
        "researchAndDevelopmentExpenses": 0,
        "generalAndAdministrativeExpenses": 572000000,
        "sellingAndMarketingExpenses": 0,
        "sellingGeneralAndAdministrativeExpenses": 572000000,
        "otherExpenses": 0,
        "operatingExpenses": 572000000,
        "costAndExpenses": 3537000000,
        "interestIncome": 5000000,
        "interestExpense": 96000000,
        "depreciationAndAmortization": 195000000,
        "ebitda": 404000000,
        "ebitdaratio": 0.1062598632,
        "operatingIncome": 265000000,
        "operatingIncomeRatio": 0.0697001578,
        "totalOtherIncomeExpensesNet": -144000000,
        "incomeBeforeTax": 121000000,
        "incomeBeforeTaxRatio": 0.0318253551,
        "incomeTaxExpense": 31000000,
        "netIncome": 88000000,
        "netIncomeRatio": 0.0231457128,
        "eps": 0.38,
        "epsdiluted": 0.38,
        "weightedAverageShsOut": 233000000,
        "weightedAverageShsOutDil": 234000000,
        "link": "https://www.sec.gov/Archives/edgar/data/42582/000119312519274403/0001193125-19-274403-index.htm",
        "finalLink": "https://www.sec.gov/Archives/edgar/data/42582/000119312519274403/d33265d10q.htm"
    },
    {
        "date": "2019-06-30",
        "symbol": "GT",
        "reportedCurrency": "USD",
        "cik": "0000042582",
        "fillingDate": "2019-07-26",
        "acceptedDate": "2019-07-26 11:41:10",
        "calendarYear": "2019",
        "period": "Q2",
        "revenue": 3632000000,
        "costOfRevenue": 2855000000,
        "grossProfit": 777000000,
        "grossProfitRatio": 0.2139317181,
        "researchAndDevelopmentExpenses": 0,
        "generalAndAdministrativeExpenses": 586000000,
        "sellingAndMarketingExpenses": 0,
        "sellingGeneralAndAdministrativeExpenses": 586000000,
        "otherExpenses": 0,
        "operatingExpenses": 586000000,
        "costAndExpenses": 3441000000,
        "interestIncome": 4000000,
        "interestExpense": 98000000,
        "depreciationAndAmortization": 196000000,
        "ebitda": 366000000,
        "ebitdaratio": 0.1007709251,
        "operatingIncome": 191000000,
        "operatingIncomeRatio": 0.0525881057,
        "totalOtherIncomeExpensesNet": -109000000,
        "incomeBeforeTax": 82000000,
        "incomeBeforeTaxRatio": 0.0225770925,
        "incomeTaxExpense": 26000000,
        "netIncome": 54000000,
        "netIncomeRatio": 0.0148678414,
        "eps": 0.23,
        "epsdiluted": 0.23,
        "weightedAverageShsOut": 233000000,
        "weightedAverageShsOutDil": 234000000,
        "link": "https://www.sec.gov/Archives/edgar/data/42582/000095012319006654/0000950123-19-006654-index.htm",
        "finalLink": "https://www.sec.gov/Archives/edgar/data/42582/000095012319006654/gt-q2201910q.htm"
    },
    {
        "date": "2019-03-31",
        "symbol": "GT",
        "reportedCurrency": "USD",
        "cik": "0000042582",
        "fillingDate": "2019-04-26",
        "acceptedDate": "2019-04-26 11:33:02",
        "calendarYear": "2019",
        "period": "Q1",
        "revenue": 3598000000,
        "costOfRevenue": 2879000000,
        "grossProfit": 719000000,
        "grossProfitRatio": 0.1998332407,
        "researchAndDevelopmentExpenses": 0,
        "generalAndAdministrativeExpenses": 547000000,
        "sellingAndMarketingExpenses": 0,
        "sellingGeneralAndAdministrativeExpenses": 547000000,
        "otherExpenses": 0,
        "operatingExpenses": 547000000,
        "costAndExpenses": 3426000000,
        "interestIncome": 3000000,
        "interestExpense": 93000000,
        "depreciationAndAmortization": 193000000,
        "ebitda": 240000000,
        "ebitdaratio": 0.0667037243,
        "operatingIncome": 172000000,
        "operatingIncomeRatio": 0.0478043357,
        "totalOtherIncomeExpensesNet": -210000000,
        "incomeBeforeTax": -38000000,
        "incomeBeforeTaxRatio": -0.010561423,
        "incomeTaxExpense": 6000000,
        "netIncome": -61000000,
        "netIncomeRatio": -0.0169538633,
        "eps": -0.26,
        "epsdiluted": -0.26,
        "weightedAverageShsOut": 232000000,
        "weightedAverageShsOutDil": 232000000,
        "link": "https://www.sec.gov/Archives/edgar/data/42582/000095012319003618/0000950123-19-003618-index.htm",
        "finalLink": "https://www.sec.gov/Archives/edgar/data/42582/000095012319003618/gt-q1201910q.htm"
    },
    {
        "date": "2018-12-31",
        "symbol": "GT",
        "reportedCurrency": "USD",
        "cik": "0000042582",
        "fillingDate": "2019-02-08",
        "acceptedDate": "2019-02-08 11:28:40",
        "calendarYear": "2018",
        "period": "Q4",
        "revenue": 3876000000,
        "costOfRevenue": 3008000000,
        "grossProfit": 868000000,
        "grossProfitRatio": 0.2239422085,
        "researchAndDevelopmentExpenses": 0,
        "generalAndAdministrativeExpenses": 580000000,
        "sellingAndMarketingExpenses": 0,
        "sellingGeneralAndAdministrativeExpenses": 580000000,
        "otherExpenses": 0,
        "operatingExpenses": 580000000,
        "costAndExpenses": 3588000000,
        "interestIncome": 42000000,
        "interestExpense": 94000000,
        "depreciationAndAmortization": 189000000,
        "ebitda": 476000000,
        "ebitdaratio": 0.1228070175,
        "operatingIncome": 288000000,
        "operatingIncomeRatio": 0.0743034056,
        "totalOtherIncomeExpensesNet": -86000000,
        "incomeBeforeTax": 202000000,
        "incomeBeforeTaxRatio": 0.0521155831,
        "incomeTaxExpense": 92000000,
        "netIncome": 110000000,
        "netIncomeRatio": 0.028379773,
        "eps": 0.47,
        "epsdiluted": 0.47,
        "weightedAverageShsOut": 233000000,
        "weightedAverageShsOutDil": 235000000,
        "link": "https://www.sec.gov/Archives/edgar/data/42582/000095012319000989/0000950123-19-000989-index.htm",
        "finalLink": "https://www.sec.gov/Archives/edgar/data/42582/000095012319000989/gt-q4201810k.htm"
    },
    {
        "date": "2018-09-30",
        "symbol": "GT",
        "reportedCurrency": "USD",
        "cik": "0000042582",
        "fillingDate": "2018-10-26",
        "acceptedDate": "2018-10-26 11:09:15",
        "calendarYear": "2018",
        "period": "Q3",
        "revenue": 3928000000,
        "costOfRevenue": 3028000000,
        "grossProfit": 900000000,
        "grossProfitRatio": 0.2291242363,
        "researchAndDevelopmentExpenses": 0,
        "generalAndAdministrativeExpenses": 553000000,
        "sellingAndMarketingExpenses": 0,
        "sellingGeneralAndAdministrativeExpenses": 553000000,
        "otherExpenses": 0,
        "operatingExpenses": 553000000,
        "costAndExpenses": 3581000000,
        "interestIncome": 6000000,
        "interestExpense": 82000000,
        "depreciationAndAmortization": 197000000,
        "ebitda": 792000000,
        "ebitdaratio": 0.2016293279,
        "operatingIncome": 347000000,
        "operatingIncomeRatio": 0.0883401222,
        "totalOtherIncomeExpensesNet": 166000000,
        "incomeBeforeTax": 513000000,
        "incomeBeforeTaxRatio": 0.1306008147,
        "incomeTaxExpense": 159000000,
        "netIncome": 351000000,
        "netIncomeRatio": 0.0893584521,
        "eps": 1.49,
        "epsdiluted": 1.48,
        "weightedAverageShsOut": 236000000,
        "weightedAverageShsOutDil": 238000000,
        "link": "https://www.sec.gov/Archives/edgar/data/42582/000095012318010221/0000950123-18-010221-index.htm",
        "finalLink": "https://www.sec.gov/Archives/edgar/data/42582/000095012318010221/gt-q3201810q.htm"
    },
    {
        "date": "2018-06-30",
        "symbol": "GT",
        "reportedCurrency": "USD",
        "cik": "0000042582",
        "fillingDate": "2018-07-27",
        "acceptedDate": "2018-07-27 11:18:27",
        "calendarYear": "2018",
        "period": "Q2",
        "revenue": 3841000000,
        "costOfRevenue": 2949000000,
        "grossProfit": 892000000,
        "grossProfitRatio": 0.2322311898,
        "researchAndDevelopmentExpenses": 0,
        "generalAndAdministrativeExpenses": 588000000,
        "sellingAndMarketingExpenses": 0,
        "sellingGeneralAndAdministrativeExpenses": 588000000,
        "otherExpenses": 0,
        "operatingExpenses": 588000000,
        "costAndExpenses": 3537000000,
        "interestIncome": 2000000,
        "interestExpense": 78000000,
        "depreciationAndAmortization": 193000000,
        "ebitda": 454000000,
        "ebitdaratio": 0.1181983858,
        "operatingIncome": 304000000,
        "operatingIncomeRatio": 0.0791460557,
        "totalOtherIncomeExpensesNet": -121000000,
        "incomeBeforeTax": 183000000,
        "incomeBeforeTaxRatio": 0.0476438427,
        "incomeTaxExpense": 19000000,
        "netIncome": 157000000,
        "netIncomeRatio": 0.0408747722,
        "eps": 0.66,
        "epsdiluted": 0.65,
        "weightedAverageShsOut": 239000000,
        "weightedAverageShsOutDil": 241000000,
        "link": "https://www.sec.gov/Archives/edgar/data/42582/000095012318007055/0000950123-18-007055-index.htm",
        "finalLink": "https://www.sec.gov/Archives/edgar/data/42582/000095012318007055/gt-q2201810q.htm"
    },
    {
        "date": "2018-03-31",
        "symbol": "GT",
        "reportedCurrency": "USD",
        "cik": "0000042582",
        "fillingDate": "2018-04-25",
        "acceptedDate": "2018-04-25 11:29:31",
        "calendarYear": "2018",
        "period": "Q1",
        "revenue": 3830000000,
        "costOfRevenue": 2976000000,
        "grossProfit": 854000000,
        "grossProfitRatio": 0.2229765013,
        "researchAndDevelopmentExpenses": 0,
        "generalAndAdministrativeExpenses": 591000000,
        "sellingAndMarketingExpenses": 0,
        "sellingGeneralAndAdministrativeExpenses": 591000000,
        "otherExpenses": 0,
        "operatingExpenses": 591000000,
        "costAndExpenses": 3567000000,
        "interestIncome": 4000000,
        "interestExpense": 76000000,
        "depreciationAndAmortization": 199000000,
        "ebitda": 388000000,
        "ebitdaratio": 0.101305483,
        "operatingIncome": 263000000,
        "operatingIncomeRatio": 0.0686684073,
        "totalOtherIncomeExpensesNet": -150000000,
        "incomeBeforeTax": 113000000,
        "incomeBeforeTaxRatio": 0.0295039164,
        "incomeTaxExpense": 33000000,
        "netIncome": 75000000,
        "netIncomeRatio": 0.0195822454,
        "eps": 0.31,
        "epsdiluted": 0.31,
        "weightedAverageShsOut": 240000000,
        "weightedAverageShsOutDil": 244000000,
        "link": "https://www.sec.gov/Archives/edgar/data/42582/000095012318003783/0000950123-18-003783-index.htm",
        "finalLink": "https://www.sec.gov/Archives/edgar/data/42582/000095012318003783/gt-q1201810q.htm"
    },
    {
        "date": "2017-12-31",
        "symbol": "GT",
        "reportedCurrency": "USD",
        "cik": "0000042582",
        "fillingDate": "2018-02-08",
        "acceptedDate": "2018-02-08 11:50:53",
        "calendarYear": "2017",
        "period": "Q4",
        "revenue": 4071000000,
        "costOfRevenue": 3093000000,
        "grossProfit": 978000000,
        "grossProfitRatio": 0.2402358143,
        "researchAndDevelopmentExpenses": 0,
        "generalAndAdministrativeExpenses": 584000000,
        "sellingAndMarketingExpenses": 0,
        "sellingGeneralAndAdministrativeExpenses": 584000000,
        "otherExpenses": 0,
        "operatingExpenses": 584000000,
        "costAndExpenses": 3677000000,
        "interestIncome": 3000000,
        "interestExpense": 75000000,
        "depreciationAndAmortization": 195000000,
        "ebitda": 557000000,
        "ebitdaratio": 0.1368214198,
        "operatingIncome": 394000000,
        "operatingIncomeRatio": 0.0967821174,
        "totalOtherIncomeExpensesNet": -107000000,
        "incomeBeforeTax": 287000000,
        "incomeBeforeTaxRatio": 0.070498649,
        "incomeTaxExpense": 377000000,
        "netIncome": -96000000,
        "netIncomeRatio": -0.0235814296,
        "eps": -0.39,
        "epsdiluted": -0.39,
        "weightedAverageShsOut": 244000000,
        "weightedAverageShsOutDil": 244000000,
        "link": "https://www.sec.gov/Archives/edgar/data/42582/000095012318001052/0000950123-18-001052-index.htm",
        "finalLink": "https://www.sec.gov/Archives/edgar/data/42582/000095012318001052/gt-q4201710k.htm"
    },
    {
        "date": "2017-09-30",
        "symbol": "GT",
        "reportedCurrency": "USD",
        "cik": "0000042582",
        "fillingDate": "2017-10-27",
        "acceptedDate": "2017-10-27 11:47:15",
        "calendarYear": "2017",
        "period": "Q3",
        "revenue": 3921000000,
        "costOfRevenue": 3054000000,
        "grossProfit": 867000000,
        "grossProfitRatio": 0.221117062,
        "researchAndDevelopmentExpenses": 0,
        "generalAndAdministrativeExpenses": 545000000,
        "sellingAndMarketingExpenses": 0,
        "sellingGeneralAndAdministrativeExpenses": 545000000,
        "otherExpenses": 0,
        "operatingExpenses": 545000000,
        "costAndExpenses": 3599000000,
        "interestIncome": 3000000,
        "interestExpense": 84000000,
        "depreciationAndAmortization": 199000000,
        "ebitda": 445000000,
        "ebitdaratio": 0.1134914563,
        "operatingIncome": 322000000,
        "operatingIncomeRatio": 0.0821219077,
        "totalOtherIncomeExpensesNet": -160000000,
        "incomeBeforeTax": 162000000,
        "incomeBeforeTaxRatio": 0.0413159908,
        "incomeTaxExpense": 30000000,
        "netIncome": 129000000,
        "netIncomeRatio": 0.0328997705,
        "eps": 0.52,
        "epsdiluted": 0.5,
        "weightedAverageShsOut": 250000000,
        "weightedAverageShsOutDil": 254000000,
        "link": "https://www.sec.gov/Archives/edgar/data/42582/000095012317009287/0000950123-17-009287-index.htm",
        "finalLink": "https://www.sec.gov/Archives/edgar/data/42582/000095012317009287/gt-q3201710q.htm"
    },
    {
        "date": "2017-06-30",
        "symbol": "GT",
        "reportedCurrency": "USD",
        "cik": "0000042582",
        "fillingDate": "2017-07-28",
        "acceptedDate": "2017-07-28 11:23:52",
        "calendarYear": "2017",
        "period": "Q2",
        "revenue": 3686000000,
        "costOfRevenue": 2785000000,
        "grossProfit": 901000000,
        "grossProfitRatio": 0.2444384156,
        "researchAndDevelopmentExpenses": 0,
        "generalAndAdministrativeExpenses": 579000000,
        "sellingAndMarketingExpenses": 0,
        "sellingGeneralAndAdministrativeExpenses": 579000000,
        "otherExpenses": 0,
        "operatingExpenses": 579000000,
        "costAndExpenses": 3364000000,
        "interestIncome": 3000000,
        "interestExpense": 89000000,
        "depreciationAndAmortization": 202000000,
        "ebitda": 481000000,
        "ebitdaratio": 0.1304937602,
        "operatingIncome": 322000000,
        "operatingIncomeRatio": 0.0873575692,
        "totalOtherIncomeExpensesNet": -132000000,
        "incomeBeforeTax": 190000000,
        "incomeBeforeTaxRatio": 0.0515463918,
        "incomeTaxExpense": 36000000,
        "netIncome": 147000000,
        "netIncomeRatio": 0.0398806294,
        "eps": 0.58,
        "epsdiluted": 0.58,
        "weightedAverageShsOut": 252000000,
        "weightedAverageShsOutDil": 256000000,
        "link": "https://www.sec.gov/Archives/edgar/data/42582/000095012317006405/0000950123-17-006405-index.htm",
        "finalLink": "https://www.sec.gov/Archives/edgar/data/42582/000095012317006405/gt-q2201710q.htm"
    },
    {
        "date": "2017-03-31",
        "symbol": "GT",
        "reportedCurrency": "USD",
        "cik": "0000042582",
        "fillingDate": "2017-04-28",
        "acceptedDate": "2017-04-28 10:19:56",
        "calendarYear": "2017",
        "period": "Q1",
        "revenue": 3699000000,
        "costOfRevenue": 2760000000,
        "grossProfit": 939000000,
        "grossProfitRatio": 0.2538523925,
        "researchAndDevelopmentExpenses": 0,
        "generalAndAdministrativeExpenses": 576000000,
        "sellingAndMarketingExpenses": 0,
        "sellingGeneralAndAdministrativeExpenses": 576000000,
        "otherExpenses": 0,
        "operatingExpenses": 576000000,
        "costAndExpenses": 3336000000,
        "interestIncome": 4000000,
        "interestExpense": 87000000,
        "depreciationAndAmortization": 185000000,
        "ebitda": 511000000,
        "ebitdaratio": 0.1381454447,
        "operatingIncome": 363000000,
        "operatingIncomeRatio": 0.098134631,
        "totalOtherIncomeExpensesNet": -124000000,
        "incomeBeforeTax": 239000000,
        "incomeBeforeTaxRatio": 0.0646120573,
        "incomeTaxExpense": 70000000,
        "netIncome": 166000000,
        "netIncomeRatio": 0.0448769938,
        "eps": 0.66,
        "epsdiluted": 0.65,
        "weightedAverageShsOut": 252000000,
        "weightedAverageShsOutDil": 256000000,
        "link": "https://www.sec.gov/Archives/edgar/data/42582/000095012317003639/0000950123-17-003639-index.htm",
        "finalLink": "https://www.sec.gov/Archives/edgar/data/42582/000095012317003639/gt-q1201710q.htm"
    },
    {
        "date": "2016-12-31",
        "symbol": "GT",
        "reportedCurrency": "USD",
        "cik": "0000042582",
        "fillingDate": "2017-02-08",
        "acceptedDate": "2017-02-08 12:55:31",
        "calendarYear": "2016",
        "period": "Q4",
        "revenue": 3741000000,
        "costOfRevenue": 2722000000,
        "grossProfit": 1019000000,
        "grossProfitRatio": 0.2723870623,
        "researchAndDevelopmentExpenses": 0,
        "generalAndAdministrativeExpenses": 600000000,
        "sellingAndMarketingExpenses": 0,
        "sellingGeneralAndAdministrativeExpenses": 600000000,
        "otherExpenses": 0,
        "operatingExpenses": 600000000,
        "costAndExpenses": 3322000000,
        "interestIncome": 3000000,
        "interestExpense": 87000000,
        "depreciationAndAmortization": 191000000,
        "ebitda": 607000000,
        "ebitdaratio": 0.1622560813,
        "operatingIncome": 419000000,
        "operatingIncomeRatio": 0.1120021385,
        "totalOtherIncomeExpensesNet": -90000000,
        "incomeBeforeTax": 329000000,
        "incomeBeforeTaxRatio": 0.0879443999,
        "incomeTaxExpense": -238000000,
        "netIncome": 561000000,
        "netIncomeRatio": 0.1499599038,
        "eps": 2.17,
        "epsdiluted": 2.14,
        "weightedAverageShsOut": 258000000,
        "weightedAverageShsOutDil": 262000000,
        "link": "https://www.sec.gov/Archives/edgar/data/42582/000156459017001142/0001564590-17-001142-index.htm",
        "finalLink": "https://www.sec.gov/Archives/edgar/data/42582/000156459017001142/gt-q4201610k.htm"
    },
    {
        "date": "2016-09-30",
        "symbol": "GT",
        "reportedCurrency": "USD",
        "cik": "0000042582",
        "fillingDate": "2016-10-28",
        "acceptedDate": "2016-10-28 11:22:05",
        "calendarYear": "2016",
        "period": "Q3",
        "revenue": 3847000000,
        "costOfRevenue": 2736000000,
        "grossProfit": 1111000000,
        "grossProfitRatio": 0.2887964648,
        "researchAndDevelopmentExpenses": 0,
        "generalAndAdministrativeExpenses": 599000000,
        "sellingAndMarketingExpenses": 0,
        "sellingGeneralAndAdministrativeExpenses": 599000000,
        "otherExpenses": 0,
        "operatingExpenses": 599000000,
        "costAndExpenses": 3335000000,
        "interestIncome": 4000000,
        "interestExpense": 97000000,
        "depreciationAndAmortization": 181000000,
        "ebitda": 581000000,
        "ebitdaratio": 0.1510267741,
        "operatingIncome": 512000000,
        "operatingIncomeRatio": 0.13309072,
        "totalOtherIncomeExpensesNet": -202000000,
        "incomeBeforeTax": 310000000,
        "incomeBeforeTaxRatio": 0.0805822719,
        "incomeTaxExpense": -10000000,
        "netIncome": 317000000,
        "netIncomeRatio": 0.0824018716,
        "eps": 1.21,
        "epsdiluted": 1.19,
        "weightedAverageShsOut": 262000000,
        "weightedAverageShsOutDil": 266000000,
        "link": "https://www.sec.gov/Archives/edgar/data/42582/000095012316020909/0000950123-16-020909-index.htm",
        "finalLink": "https://www.sec.gov/Archives/edgar/data/42582/000095012316020909/gt-q3201610q.htm"
    },
    {
        "date": "2016-06-30",
        "symbol": "GT",
        "reportedCurrency": "USD",
        "cik": "0000042582",
        "fillingDate": "2016-07-27",
        "acceptedDate": "2016-07-27 10:58:24",
        "calendarYear": "2016",
        "period": "Q2",
        "revenue": 3879000000,
        "costOfRevenue": 2813000000,
        "grossProfit": 1066000000,
        "grossProfitRatio": 0.2748130962,
        "researchAndDevelopmentExpenses": 0,
        "generalAndAdministrativeExpenses": 593000000,
        "sellingAndMarketingExpenses": 0,
        "sellingGeneralAndAdministrativeExpenses": 593000000,
        "otherExpenses": 0,
        "operatingExpenses": 593000000,
        "costAndExpenses": 3406000000,
        "interestIncome": 4000000,
        "interestExpense": 104000000,
        "depreciationAndAmortization": 181000000,
        "ebitda": 586000000,
        "ebitdaratio": 0.1510698634,
        "operatingIncome": 473000000,
        "operatingIncomeRatio": 0.121938644,
        "totalOtherIncomeExpensesNet": -172000000,
        "incomeBeforeTax": 301000000,
        "incomeBeforeTaxRatio": 0.0775973189,
        "incomeTaxExpense": 93000000,
        "netIncome": 202000000,
        "netIncomeRatio": 0.0520752771,
        "eps": 0.76,
        "epsdiluted": 0.75,
        "weightedAverageShsOut": 264000000,
        "weightedAverageShsOutDil": 268000000,
        "link": "https://www.sec.gov/Archives/edgar/data/42582/000095012316018552/0000950123-16-018552-index.htm",
        "finalLink": "https://www.sec.gov/Archives/edgar/data/42582/000095012316018552/gt-q2201610q.htm"
    },
    {
        "date": "2016-03-31",
        "symbol": "GT",
        "reportedCurrency": "USD",
        "cik": "0000042582",
        "fillingDate": "2016-04-27",
        "acceptedDate": "2016-04-27 10:51:11",
        "calendarYear": "2016",
        "period": "Q1",
        "revenue": 3691000000,
        "costOfRevenue": 2701000000,
        "grossProfit": 990000000,
        "grossProfitRatio": 0.2682199946,
        "researchAndDevelopmentExpenses": 0,
        "generalAndAdministrativeExpenses": 615000000,
        "sellingAndMarketingExpenses": 0,
        "sellingGeneralAndAdministrativeExpenses": 615000000,
        "otherExpenses": 0,
        "operatingExpenses": 615000000,
        "costAndExpenses": 3316000000,
        "interestIncome": 4000000,
        "interestExpense": 91000000,
        "depreciationAndAmortization": 174000000,
        "ebitda": 532000000,
        "ebitdaratio": 0.1441343809,
        "operatingIncome": 375000000,
        "operatingIncomeRatio": 0.1015984828,
        "totalOtherIncomeExpensesNet": -108000000,
        "incomeBeforeTax": 267000000,
        "incomeBeforeTaxRatio": 0.0723381198,
        "incomeTaxExpense": 78000000,
        "netIncome": 184000000,
        "netIncomeRatio": 0.0498509889,
        "eps": 0.69,
        "epsdiluted": 0.68,
        "weightedAverageShsOut": 267000000,
        "weightedAverageShsOutDil": 271000000,
        "link": "https://www.sec.gov/Archives/edgar/data/42582/000095012316016039/0000950123-16-016039-index.htm",
        "finalLink": "https://www.sec.gov/Archives/edgar/data/42582/000095012316016039/gt-q1201610q.htm"
    },
    {
        "date": "2015-12-31",
        "symbol": "GT",
        "reportedCurrency": "USD",
        "cik": "0000042582",
        "fillingDate": "2016-02-09",
        "acceptedDate": "2016-02-09 12:32:55",
        "calendarYear": "2015",
        "period": "Q4",
        "revenue": 4063000000,
        "costOfRevenue": 3071000000,
        "grossProfit": 992000000,
        "grossProfitRatio": 0.2441545656,
        "researchAndDevelopmentExpenses": 0,
        "generalAndAdministrativeExpenses": 725000000,
        "sellingAndMarketingExpenses": 0,
        "sellingGeneralAndAdministrativeExpenses": 725000000,
        "otherExpenses": 0,
        "operatingExpenses": 725000000,
        "costAndExpenses": 3796000000,
        "interestIncome": 6000000,
        "interestExpense": 101000000,
        "depreciationAndAmortization": 176000000,
        "ebitda": -233000000,
        "ebitdaratio": -0.0573467881,
        "operatingIncome": 267000000,
        "operatingIncomeRatio": 0.0657149889,
        "totalOtherIncomeExpensesNet": -777000000,
        "incomeBeforeTax": -510000000,
        "incomeBeforeTaxRatio": -0.1255230126,
        "incomeTaxExpense": -137000000,
        "netIncome": -380000000,
        "netIncomeRatio": -0.0935269505,
        "eps": -1.42,
        "epsdiluted": -1.41,
        "weightedAverageShsOut": 267605633,
        "weightedAverageShsOutDil": 269000000,
        "link": "https://www.sec.gov/Archives/edgar/data/42582/000095012316013733/0000950123-16-013733-index.htm",
        "finalLink": "https://www.sec.gov/Archives/edgar/data/42582/000095012316013733/gt-q4201510k.htm"
    },
    {
        "date": "2015-09-30",
        "symbol": "GT",
        "reportedCurrency": "USD",
        "cik": "0000042582",
        "fillingDate": "2015-10-29",
        "acceptedDate": "2015-10-29 10:37:21",
        "calendarYear": "2015",
        "period": "Q3",
        "revenue": 4184000000,
        "costOfRevenue": 3000000000,
        "grossProfit": 1184000000,
        "grossProfitRatio": 0.2829827916,
        "researchAndDevelopmentExpenses": 0,
        "generalAndAdministrativeExpenses": 633000000,
        "sellingAndMarketingExpenses": 0,
        "sellingGeneralAndAdministrativeExpenses": 633000000,
        "otherExpenses": 0,
        "operatingExpenses": 633000000,
        "costAndExpenses": 3633000000,
        "interestIncome": 7000000,
        "interestExpense": 105000000,
        "depreciationAndAmortization": 173000000,
        "ebitda": 709000000,
        "ebitdaratio": 0.1694550669,
        "operatingIncome": 551000000,
        "operatingIncomeRatio": 0.1316921606,
        "totalOtherIncomeExpensesNet": -120000000,
        "incomeBeforeTax": 431000000,
        "incomeBeforeTaxRatio": 0.1030114723,
        "incomeTaxExpense": 126000000,
        "netIncome": 271000000,
        "netIncomeRatio": 0.0647705545,
        "eps": 1.01,
        "epsdiluted": 0.99,
        "weightedAverageShsOut": 269000000,
        "weightedAverageShsOutDil": 274000000,
        "link": "https://www.sec.gov/Archives/edgar/data/42582/000095012315010574/0000950123-15-010574-index.htm",
        "finalLink": "https://www.sec.gov/Archives/edgar/data/42582/000095012315010574/gt-q3201510q.htm"
    },
    {
        "date": "2015-06-30",
        "symbol": "GT",
        "reportedCurrency": "USD",
        "cik": "0000042582",
        "fillingDate": "2015-07-29",
        "acceptedDate": "2015-07-29 10:48:56",
        "calendarYear": "2015",
        "period": "Q2",
        "revenue": 4172000000,
        "costOfRevenue": 3027000000,
        "grossProfit": 1145000000,
        "grossProfitRatio": 0.2744487057,
        "researchAndDevelopmentExpenses": 0,
        "generalAndAdministrativeExpenses": 648000000,
        "sellingAndMarketingExpenses": 0,
        "sellingGeneralAndAdministrativeExpenses": 648000000,
        "otherExpenses": 0,
        "operatingExpenses": 648000000,
        "costAndExpenses": 3675000000,
        "interestIncome": 4000000,
        "interestExpense": 110000000,
        "depreciationAndAmortization": 177000000,
        "ebitda": 615000000,
        "ebitdaratio": 0.1474113135,
        "operatingIncome": 497000000,
        "operatingIncomeRatio": 0.1191275168,
        "totalOtherIncomeExpensesNet": -169000000,
        "incomeBeforeTax": 328000000,
        "incomeBeforeTaxRatio": 0.0786193672,
        "incomeTaxExpense": 120000000,
        "netIncome": 192000000,
        "netIncomeRatio": 0.046021093,
        "eps": 0.71,
        "epsdiluted": 0.7,
        "weightedAverageShsOut": 270000000,
        "weightedAverageShsOutDil": 274000000,
        "link": "https://www.sec.gov/Archives/edgar/data/42582/000095012315007799/0000950123-15-007799-index.htm",
        "finalLink": "https://www.sec.gov/Archives/edgar/data/42582/000095012315007799/gt-q2201510q.htm"
    },
    {
        "date": "2015-03-31",
        "symbol": "GT",
        "reportedCurrency": "USD",
        "cik": "0000042582",
        "fillingDate": "2015-04-29",
        "acceptedDate": "2015-04-29 10:41:37",
        "calendarYear": "2015",
        "period": "Q1",
        "revenue": 4024000000,
        "costOfRevenue": 3066000000,
        "grossProfit": 958000000,
        "grossProfitRatio": 0.2380715706,
        "researchAndDevelopmentExpenses": 0,
        "generalAndAdministrativeExpenses": 608000000,
        "sellingAndMarketingExpenses": 0,
        "sellingGeneralAndAdministrativeExpenses": 608000000,
        "otherExpenses": 0,
        "operatingExpenses": 608000000,
        "costAndExpenses": 3674000000,
        "interestIncome": 5000000,
        "interestExpense": 107000000,
        "depreciationAndAmortization": 172000000,
        "ebitda": 638000000,
        "ebitdaratio": 0.1585487078,
        "operatingIncome": 350000000,
        "operatingIncomeRatio": 0.0869781312,
        "totalOtherIncomeExpensesNet": 9000000,
        "incomeBeforeTax": 359000000,
        "incomeBeforeTaxRatio": 0.0892147117,
        "incomeTaxExpense": 123000000,
        "netIncome": 224000000,
        "netIncomeRatio": 0.055666004,
        "eps": 0.83,
        "epsdiluted": 0.82,
        "weightedAverageShsOut": 270000000,
        "weightedAverageShsOutDil": 274000000,
        "link": "https://www.sec.gov/Archives/edgar/data/42582/000095012315004738/0000950123-15-004738-index.htm",
        "finalLink": "https://www.sec.gov/Archives/edgar/data/42582/000095012315004738/gt-q1201510q.htm"
    },
    {
        "date": "2014-12-31",
        "symbol": "GT",
        "reportedCurrency": "USD",
        "cik": "0000042582",
        "fillingDate": "2015-02-17",
        "acceptedDate": "2015-02-17 11:58:59",
        "calendarYear": "2014",
        "period": "Q4",
        "revenue": 4356000000,
        "costOfRevenue": 3340000000,
        "grossProfit": 1016000000,
        "grossProfitRatio": 0.233241506,
        "researchAndDevelopmentExpenses": 0,
        "generalAndAdministrativeExpenses": 702000000,
        "sellingAndMarketingExpenses": 0,
        "sellingGeneralAndAdministrativeExpenses": 702000000,
        "otherExpenses": 0,
        "operatingExpenses": 702000000,
        "costAndExpenses": 4042000000,
        "interestIncome": 5000000,
        "interestExpense": 113000000,
        "depreciationAndAmortization": 179000000,
        "ebitda": 418000000,
        "ebitdaratio": 0.095959596,
        "operatingIncome": 314000000,
        "operatingIncomeRatio": 0.0720844812,
        "totalOtherIncomeExpensesNet": -188000000,
        "incomeBeforeTax": 126000000,
        "incomeBeforeTaxRatio": 0.0289256198,
        "incomeTaxExpense": -2002000000,
        "netIncome": 2129000000,
        "netIncomeRatio": 0.4887511478,
        "eps": 7.82,
        "epsdiluted": 7.68,
        "weightedAverageShsOut": 272000000,
        "weightedAverageShsOutDil": 277000000,
        "link": "https://www.sec.gov/Archives/edgar/data/42582/000095012315002527/0000950123-15-002527-index.htm",
        "finalLink": "https://www.sec.gov/Archives/edgar/data/42582/000095012315002527/gt-q4201410k.htm"
    },
    {
        "date": "2014-09-30",
        "symbol": "GT",
        "reportedCurrency": "USD",
        "cik": "0000042582",
        "fillingDate": "2014-10-29",
        "acceptedDate": "2014-10-29 11:03:40",
        "calendarYear": "2014",
        "period": "Q3",
        "revenue": 4657000000,
        "costOfRevenue": 3516000000,
        "grossProfit": 1141000000,
        "grossProfitRatio": 0.2450075156,
        "researchAndDevelopmentExpenses": 0,
        "generalAndAdministrativeExpenses": 653000000,
        "sellingAndMarketingExpenses": 0,
        "sellingGeneralAndAdministrativeExpenses": 653000000,
        "otherExpenses": 0,
        "operatingExpenses": 653000000,
        "costAndExpenses": 4169000000,
        "interestIncome": 4000000,
        "interestExpense": 108000000,
        "depreciationAndAmortization": 182000000,
        "ebitda": 589000000,
        "ebitdaratio": 0.1264762723,
        "operatingIncome": 488000000,
        "operatingIncomeRatio": 0.1047884904,
        "totalOtherIncomeExpensesNet": -189000000,
        "incomeBeforeTax": 299000000,
        "incomeBeforeTaxRatio": 0.0642044234,
        "incomeTaxExpense": 100000000,
        "netIncome": 161000000,
        "netIncomeRatio": 0.0345716126,
        "eps": 0.58,
        "epsdiluted": 0.58,
        "weightedAverageShsOut": 275000000,
        "weightedAverageShsOutDil": 279000000,
        "link": "https://www.sec.gov/Archives/edgar/data/42582/000095012314010659/0000950123-14-010659-index.htm",
        "finalLink": "https://www.sec.gov/Archives/edgar/data/42582/000095012314010659/gt-q3201410q.htm"
    },
    {
        "date": "2014-06-30",
        "symbol": "GT",
        "reportedCurrency": "USD",
        "cik": "0000042582",
        "fillingDate": "2014-07-30",
        "acceptedDate": "2014-07-30 12:18:11",
        "calendarYear": "2014",
        "period": "Q2",
        "revenue": 4656000000,
        "costOfRevenue": 3532000000,
        "grossProfit": 1124000000,
        "grossProfitRatio": 0.2414089347,
        "researchAndDevelopmentExpenses": 0,
        "generalAndAdministrativeExpenses": 698000000,
        "sellingAndMarketingExpenses": 0,
        "sellingGeneralAndAdministrativeExpenses": 698000000,
        "otherExpenses": 0,
        "operatingExpenses": 698000000,
        "costAndExpenses": 4230000000,
        "interestIncome": 13000000,
        "interestExpense": 102000000,
        "depreciationAndAmortization": 188000000,
        "ebitda": 582000000,
        "ebitdaratio": 0.125,
        "operatingIncome": 426000000,
        "operatingIncomeRatio": 0.0914948454,
        "totalOtherIncomeExpensesNet": -134000000,
        "incomeBeforeTax": 292000000,
        "incomeBeforeTaxRatio": 0.0627147766,
        "incomeTaxExpense": 60000000,
        "netIncome": 213000000,
        "netIncomeRatio": 0.0457474227,
        "eps": 0.77,
        "epsdiluted": 0.76,
        "weightedAverageShsOut": 276000000,
        "weightedAverageShsOutDil": 281000000,
        "link": "https://www.sec.gov/Archives/edgar/data/42582/000095012314007531/0000950123-14-007531-index.htm",
        "finalLink": "https://www.sec.gov/Archives/edgar/data/42582/000095012314007531/gt-q2201410q.htm"
    },
    {
        "date": "2014-03-31",
        "symbol": "GT",
        "reportedCurrency": "USD",
        "cik": "0000042582",
        "fillingDate": "2014-04-29",
        "acceptedDate": "2014-04-29 10:23:48",
        "calendarYear": "2014",
        "period": "Q1",
        "revenue": 4469000000,
        "costOfRevenue": 3518000000,
        "grossProfit": 951000000,
        "grossProfitRatio": 0.212799284,
        "researchAndDevelopmentExpenses": 0,
        "generalAndAdministrativeExpenses": 667000000,
        "sellingAndMarketingExpenses": 0,
        "sellingGeneralAndAdministrativeExpenses": 667000000,
        "otherExpenses": 0,
        "operatingExpenses": 667000000,
        "costAndExpenses": 4185000000,
        "interestIncome": 6000000,
        "interestExpense": 105000000,
        "depreciationAndAmortization": 183000000,
        "ebitda": 258000000,
        "ebitdaratio": 0.057731036,
        "operatingIncome": 284000000,
        "operatingIncomeRatio": 0.0635488924,
        "totalOtherIncomeExpensesNet": -314000000,
        "incomeBeforeTax": -30000000,
        "incomeBeforeTaxRatio": -0.0067129112,
        "incomeTaxExpense": 8000000,
        "netIncome": -51000000,
        "netIncomeRatio": -0.011411949,
        "eps": -0.21,
        "epsdiluted": -0.21,
        "weightedAverageShsOut": 248000000,
        "weightedAverageShsOutDil": 248000000,
        "link": "https://www.sec.gov/Archives/edgar/data/42582/000095012314004320/0000950123-14-004320-index.htm",
        "finalLink": "https://www.sec.gov/Archives/edgar/data/42582/000095012314004320/gt-q1201410q.htm"
    },
    {
        "date": "2013-12-31",
        "symbol": "GT",
        "reportedCurrency": "USD",
        "cik": "0000042582",
        "fillingDate": "2014-02-13",
        "acceptedDate": "2014-02-13 11:55:23",
        "calendarYear": "2013",
        "period": "Q4",
        "revenue": 4791000000,
        "costOfRevenue": 3690000000,
        "grossProfit": 1101000000,
        "grossProfitRatio": 0.229805886,
        "researchAndDevelopmentExpenses": 0,
        "generalAndAdministrativeExpenses": 736000000,
        "sellingAndMarketingExpenses": 0,
        "sellingGeneralAndAdministrativeExpenses": 736000000,
        "otherExpenses": 0,
        "operatingExpenses": 736000000,
        "costAndExpenses": 4426000000,
        "interestIncome": 23000000,
        "interestExpense": 105000000,
        "depreciationAndAmortization": 183000000,
        "ebitda": 546000000,
        "ebitdaratio": 0.1139636819,
        "operatingIncome": 365000000,
        "operatingIncomeRatio": 0.0761845126,
        "totalOtherIncomeExpensesNet": -107000000,
        "incomeBeforeTax": 258000000,
        "incomeBeforeTaxRatio": 0.0538509706,
        "incomeTaxExpense": 2000000,
        "netIncome": 235000000,
        "netIncomeRatio": 0.0490503027,
        "eps": 0.92,
        "epsdiluted": 0.84,
        "weightedAverageShsOut": 247000000,
        "weightedAverageShsOutDil": 280000000,
        "link": "https://www.sec.gov/Archives/edgar/data/42582/000095012314002054/0000950123-14-002054-index.htm",
        "finalLink": "https://www.sec.gov/Archives/edgar/data/42582/000095012314002054/gt-q4201310k.htm"
    },
    {
        "date": "2013-09-30",
        "symbol": "GT",
        "reportedCurrency": "USD",
        "cik": "0000042582",
        "fillingDate": "2013-10-29",
        "acceptedDate": "2013-10-29 10:55:43",
        "calendarYear": "2013",
        "period": "Q3",
        "revenue": 5002000000,
        "costOfRevenue": 3946000000,
        "grossProfit": 1056000000,
        "grossProfitRatio": 0.2111155538,
        "researchAndDevelopmentExpenses": 0,
        "generalAndAdministrativeExpenses": 686000000,
        "sellingAndMarketingExpenses": 0,
        "sellingGeneralAndAdministrativeExpenses": 686000000,
        "otherExpenses": 0,
        "operatingExpenses": 686000000,
        "costAndExpenses": 4632000000,
        "interestIncome": 6000000,
        "interestExpense": 100000000,
        "depreciationAndAmortization": 182000000,
        "ebitda": 531000000,
        "ebitdaratio": 0.106157537,
        "operatingIncome": 370000000,
        "operatingIncomeRatio": 0.0739704118,
        "totalOtherIncomeExpensesNet": -121000000,
        "incomeBeforeTax": 249000000,
        "incomeBeforeTaxRatio": 0.049780088,
        "incomeTaxExpense": 54000000,
        "netIncome": 173000000,
        "netIncomeRatio": 0.0345861655,
        "eps": 0.67,
        "epsdiluted": 0.62,
        "weightedAverageShsOut": 246000000,
        "weightedAverageShsOutDil": 278000000,
        "link": "https://www.sec.gov/Archives/edgar/data/42582/000095012313008251/0000950123-13-008251-index.htm",
        "finalLink": "https://www.sec.gov/Archives/edgar/data/42582/000095012313008251/gt-q3201310q.htm"
    },
    {
        "date": "2013-06-30",
        "symbol": "GT",
        "reportedCurrency": "USD",
        "cik": "0000042582",
        "fillingDate": "2013-07-30",
        "acceptedDate": "2013-07-30 10:48:06",
        "calendarYear": "2013",
        "period": "Q2",
        "revenue": 4894000000,
        "costOfRevenue": 3846000000,
        "grossProfit": 1048000000,
        "grossProfitRatio": 0.214139763,
        "researchAndDevelopmentExpenses": 0,
        "generalAndAdministrativeExpenses": 691000000,
        "sellingAndMarketingExpenses": 0,
        "sellingGeneralAndAdministrativeExpenses": 691000000,
        "otherExpenses": 0,
        "operatingExpenses": 691000000,
        "costAndExpenses": 4537000000,
        "interestIncome": 7000000,
        "interestExpense": 102000000,
        "depreciationAndAmortization": 180000000,
        "ebitda": 538000000,
        "ebitdaratio": 0.1099305272,
        "operatingIncome": 357000000,
        "operatingIncomeRatio": 0.0729464651,
        "totalOtherIncomeExpensesNet": -101000000,
        "incomeBeforeTax": 256000000,
        "incomeBeforeTaxRatio": 0.0523089497,
        "incomeTaxExpense": 63000000,
        "netIncome": 188000000,
        "netIncomeRatio": 0.038414385,
        "eps": 0.74,
        "epsdiluted": 0.67,
        "weightedAverageShsOut": 246000000,
        "weightedAverageShsOutDil": 282000000,
        "link": "https://www.sec.gov/Archives/edgar/data/42582/000095012313005103/0000950123-13-005103-index.htm",
        "finalLink": "https://www.sec.gov/Archives/edgar/data/42582/000095012313005103/gt-q2201310q.htm"
    },
    {
        "date": "2013-03-31",
        "symbol": "GT",
        "reportedCurrency": "USD",
        "cik": "0000042582",
        "fillingDate": "2013-04-26",
        "acceptedDate": "2013-04-26 11:49:34",
        "calendarYear": "2013",
        "period": "Q1",
        "revenue": 4853000000,
        "costOfRevenue": 3940000000,
        "grossProfit": 913000000,
        "grossProfitRatio": 0.188131053,
        "researchAndDevelopmentExpenses": 0,
        "generalAndAdministrativeExpenses": 645000000,
        "sellingAndMarketingExpenses": 0,
        "sellingGeneralAndAdministrativeExpenses": 645000000,
        "otherExpenses": 0,
        "operatingExpenses": 645000000,
        "costAndExpenses": 4585000000,
        "interestIncome": 5000000,
        "interestExpense": 85000000,
        "depreciationAndAmortization": 177000000,
        "ebitda": 312000000,
        "ebitdaratio": 0.0642901298,
        "operatingIncome": 268000000,
        "operatingIncomeRatio": 0.055223573,
        "totalOtherIncomeExpensesNet": -218000000,
        "incomeBeforeTax": 50000000,
        "incomeBeforeTaxRatio": 0.0103029054,
        "incomeTaxExpense": 19000000,
        "netIncome": 33000000,
        "netIncomeRatio": 0.0067999176,
        "eps": 0.1,
        "epsdiluted": 0.1,
        "weightedAverageShsOut": 245000000,
        "weightedAverageShsOutDil": 248000000,
        "link": "https://www.sec.gov/Archives/edgar/data/42582/000095012313002718/0000950123-13-002718-index.htm",
        "finalLink": "https://www.sec.gov/Archives/edgar/data/42582/000095012313002718/gt-q1201310q.htm"
    },
    {
        "date": "2012-12-31",
        "symbol": "GT",
        "reportedCurrency": "USD",
        "cik": "0000042582",
        "fillingDate": "2013-02-12",
        "acceptedDate": "2013-02-12 11:55:55",
        "calendarYear": "2012",
        "period": "Q4",
        "revenue": 5045000000,
        "costOfRevenue": 4100000000,
        "grossProfit": 945000000,
        "grossProfitRatio": 0.1873141724,
        "researchAndDevelopmentExpenses": 0,
        "generalAndAdministrativeExpenses": 0,
        "sellingAndMarketingExpenses": 0,
        "sellingGeneralAndAdministrativeExpenses": 707000000,
        "otherExpenses": 0,
        "operatingExpenses": 707000000,
        "costAndExpenses": 4807000000,
        "interestIncome": 5000000,
        "interestExpense": 87000000,
        "depreciationAndAmortization": 174000000,
        "ebitda": 293000000,
        "ebitdaratio": 0.0580773043,
        "operatingIncome": 238000000,
        "operatingIncomeRatio": 0.0471754212,
        "totalOtherIncomeExpensesNet": -206000000,
        "incomeBeforeTax": 32000000,
        "incomeBeforeTaxRatio": 0.0063429138,
        "incomeTaxExpense": 39000000,
        "netIncome": 7000000,
        "netIncomeRatio": 0.0013875124,
        "eps": 0.0286,
        "epsdiluted": 0.0286,
        "weightedAverageShsOut": 245000000,
        "weightedAverageShsOutDil": 245000000,
        "link": "https://www.sec.gov/Archives/edgar/data/42582/000095012313000902/0000950123-13-000902-index.htm",
        "finalLink": "https://www.sec.gov/Archives/edgar/data/42582/000095012313000902/gt-123112x10k1.htm"
    },
    {
        "date": "2012-09-30",
        "symbol": "GT",
        "reportedCurrency": "USD",
        "cik": "0000042582",
        "fillingDate": "2012-10-26",
        "acceptedDate": "2012-10-26 10:31:18",
        "calendarYear": "2012",
        "period": "Q3",
        "revenue": 5264000000,
        "costOfRevenue": 4315000000,
        "grossProfit": 949000000,
        "grossProfitRatio": 0.180281155,
        "researchAndDevelopmentExpenses": 0,
        "generalAndAdministrativeExpenses": 652000000,
        "sellingAndMarketingExpenses": 0,
        "sellingGeneralAndAdministrativeExpenses": 652000000,
        "otherExpenses": 0,
        "operatingExpenses": 652000000,
        "costAndExpenses": 4967000000,
        "interestIncome": 4000000,
        "interestExpense": 86000000,
        "depreciationAndAmortization": 176000000,
        "ebitda": 448000000,
        "ebitdaratio": 0.085106383,
        "operatingIncome": 297000000,
        "operatingIncomeRatio": 0.0564209726,
        "totalOtherIncomeExpensesNet": -111000000,
        "incomeBeforeTax": 186000000,
        "incomeBeforeTaxRatio": 0.0353343465,
        "incomeTaxExpense": 53000000,
        "netIncome": 117000000,
        "netIncomeRatio": 0.0222264438,
        "eps": 0.45,
        "epsdiluted": 0.41,
        "weightedAverageShsOut": 245000000,
        "weightedAverageShsOutDil": 281000000,
        "link": "https://www.sec.gov/Archives/edgar/data/42582/000095012312012691/0000950123-12-012691-index.htm",
        "finalLink": "https://www.sec.gov/Archives/edgar/data/42582/000095012312012691/gt-93012x10q.htm"
    },
    {
        "date": "2012-06-30",
        "symbol": "GT",
        "reportedCurrency": "USD",
        "cik": "0000042582",
        "fillingDate": "2012-07-31",
        "acceptedDate": "2012-07-31 13:57:16",
        "calendarYear": "2012",
        "period": "Q2",
        "revenue": 5150000000,
        "costOfRevenue": 4141000000,
        "grossProfit": 1009000000,
        "grossProfitRatio": 0.1959223301,
        "researchAndDevelopmentExpenses": 0,
        "generalAndAdministrativeExpenses": 697000000,
        "sellingAndMarketingExpenses": 0,
        "sellingGeneralAndAdministrativeExpenses": 697000000,
        "otherExpenses": 0,
        "operatingExpenses": 697000000,
        "costAndExpenses": 4838000000,
        "interestIncome": 4000000,
        "interestExpense": 83000000,
        "depreciationAndAmortization": 167000000,
        "ebitda": 416000000,
        "ebitdaratio": 0.080776699,
        "operatingIncome": 312000000,
        "operatingIncomeRatio": 0.0605825243,
        "totalOtherIncomeExpensesNet": -146000000,
        "incomeBeforeTax": 166000000,
        "incomeBeforeTaxRatio": 0.0322330097,
        "incomeTaxExpense": 63000000,
        "netIncome": 92000000,
        "netIncomeRatio": 0.0178640777,
        "eps": 0.35,
        "epsdiluted": 0.33,
        "weightedAverageShsOut": 245000000,
        "weightedAverageShsOutDil": 281000000,
        "link": "https://www.sec.gov/Archives/edgar/data/42582/000095012312010755/0000950123-12-010755-index.htm",
        "finalLink": "https://www.sec.gov/Archives/edgar/data/42582/000095012312010755/gt-63012x10qnew.htm"
    },
    {
        "date": "2012-03-31",
        "symbol": "GT",
        "reportedCurrency": "USD",
        "cik": "0000042582",
        "fillingDate": "2012-04-27",
        "acceptedDate": "2012-04-27 12:11:40",
        "calendarYear": "2012",
        "period": "Q1",
        "revenue": 5533000000,
        "costOfRevenue": 4607000000,
        "grossProfit": 926000000,
        "grossProfitRatio": 0.1673594795,
        "researchAndDevelopmentExpenses": 0,
        "generalAndAdministrativeExpenses": 662000000,
        "sellingAndMarketingExpenses": 0,
        "sellingGeneralAndAdministrativeExpenses": 662000000,
        "otherExpenses": 0,
        "operatingExpenses": 662000000,
        "costAndExpenses": 5269000000,
        "interestIncome": 4000000,
        "interestExpense": 101000000,
        "depreciationAndAmortization": 170000000,
        "ebitda": 327000000,
        "ebitdaratio": 0.0590999458,
        "operatingIncome": 264000000,
        "operatingIncomeRatio": 0.0477137177,
        "totalOtherIncomeExpensesNet": -208000000,
        "incomeBeforeTax": 56000000,
        "incomeBeforeTaxRatio": 0.0101210916,
        "incomeTaxExpense": 48000000,
        "netIncome": -4000000,
        "netIncomeRatio": -0.0007229351,
        "eps": -0.0164,
        "epsdiluted": -0.0164,
        "weightedAverageShsOut": 244000000,
        "weightedAverageShsOutDil": 244000000,
        "link": "https://www.sec.gov/Archives/edgar/data/42582/000095012312006921/0000950123-12-006921-index.htm",
        "finalLink": "https://www.sec.gov/Archives/edgar/data/42582/000095012312006921/gt-33112x10q.htm"
    },
    {
        "date": "2011-12-31",
        "symbol": "GT",
        "reportedCurrency": "USD",
        "cik": "0000042582",
        "fillingDate": "2012-02-14",
        "acceptedDate": "2012-02-14 12:19:40",
        "calendarYear": "2011",
        "period": "Q4",
        "revenue": 5683000000,
        "costOfRevenue": 4815000000,
        "grossProfit": 868000000,
        "grossProfitRatio": 0.1527362309,
        "researchAndDevelopmentExpenses": 0,
        "generalAndAdministrativeExpenses": 0,
        "sellingAndMarketingExpenses": 0,
        "sellingGeneralAndAdministrativeExpenses": 827000000,
        "otherExpenses": 0,
        "operatingExpenses": 827000000,
        "costAndExpenses": 5642000000,
        "interestIncome": 4000000,
        "interestExpense": 89000000,
        "depreciationAndAmortization": 168000000,
        "ebitda": 264000000,
        "ebitdaratio": 0.0464543375,
        "operatingIncome": 41000000,
        "operatingIncomeRatio": 0.0072144994,
        "totalOtherIncomeExpensesNet": -34000000,
        "incomeBeforeTax": 7000000,
        "incomeBeforeTaxRatio": 0.0012317438,
        "incomeTaxExpense": -19000000,
        "netIncome": 25000000,
        "netIncomeRatio": 0.004399085,
        "eps": 0.1,
        "epsdiluted": 0.1,
        "weightedAverageShsOut": 244000000,
        "weightedAverageShsOutDil": 244000000,
        "link": "https://www.sec.gov/Archives/edgar/data/42582/000095012312002512/0000950123-12-002512-index.htm",
        "finalLink": "https://www.sec.gov/Archives/edgar/data/42582/000095012312002512/gt-123111x10k.htm"
    },
    {
        "date": "2011-09-30",
        "symbol": "GT",
        "reportedCurrency": "USD",
        "cik": "0000042582",
        "fillingDate": "2011-10-28",
        "acceptedDate": "2011-10-28 13:37:29",
        "calendarYear": "2011",
        "period": "Q3",
        "revenue": 6062000000,
        "costOfRevenue": 4973000000,
        "grossProfit": 1089000000,
        "grossProfitRatio": 0.179643682,
        "researchAndDevelopmentExpenses": 0,
        "generalAndAdministrativeExpenses": 0,
        "sellingAndMarketingExpenses": 0,
        "sellingGeneralAndAdministrativeExpenses": 677000000,
        "otherExpenses": 0,
        "operatingExpenses": 677000000,
        "costAndExpenses": 5650000000,
        "interestIncome": 6000000,
        "interestExpense": 86000000,
        "depreciationAndAmortization": 173000000,
        "ebitda": 564000000,
        "ebitdaratio": 0.0930386011,
        "operatingIncome": 412000000,
        "operatingIncomeRatio": 0.0679643682,
        "totalOtherIncomeExpensesNet": -107000000,
        "incomeBeforeTax": 305000000,
        "incomeBeforeTaxRatio": 0.0503134279,
        "incomeTaxExpense": 94000000,
        "netIncome": 168000000,
        "netIncomeRatio": 0.0277136259,
        "eps": 0.66,
        "epsdiluted": 0.6,
        "weightedAverageShsOut": 244000000,
        "weightedAverageShsOutDil": 281000000,
        "link": "https://www.sec.gov/Archives/edgar/data/42582/000095012311092883/0000950123-11-092883-index.htm",
        "finalLink": "https://www.sec.gov/Archives/edgar/data/42582/000095012311092883/gt-93011x10q.htm"
    },
    {
        "date": "2011-06-30",
        "symbol": "GT",
        "reportedCurrency": "USD",
        "cik": "0000042582",
        "fillingDate": "2011-07-28",
        "acceptedDate": "2011-07-28 12:43:27",
        "calendarYear": "2011",
        "period": "Q2",
        "revenue": 5620000000,
        "costOfRevenue": 4572000000,
        "grossProfit": 1048000000,
        "grossProfitRatio": 0.1864768683,
        "researchAndDevelopmentExpenses": 0,
        "generalAndAdministrativeExpenses": 0,
        "sellingAndMarketingExpenses": 0,
        "sellingGeneralAndAdministrativeExpenses": 799000000,
        "otherExpenses": 0,
        "operatingExpenses": 799000000,
        "costAndExpenses": 5371000000,
        "interestIncome": 3000000,
        "interestExpense": 81000000,
        "depreciationAndAmortization": 192000000,
        "ebitda": 393000000,
        "ebitdaratio": 0.0699288256,
        "operatingIncome": 249000000,
        "operatingIncomeRatio": 0.0443060498,
        "totalOtherIncomeExpensesNet": -129000000,
        "incomeBeforeTax": 120000000,
        "incomeBeforeTaxRatio": 0.0213523132,
        "incomeTaxExpense": 64000000,
        "netIncome": 47000000,
        "netIncomeRatio": 0.0083629893,
        "eps": 0.16,
        "epsdiluted": 0.16,
        "weightedAverageShsOut": 244000000,
        "weightedAverageShsOutDil": 247000000,
        "link": "https://www.sec.gov/Archives/edgar/data/42582/000095012311069396/0000950123-11-069396-index.htm",
        "finalLink": "https://www.sec.gov/Archives/edgar/data/42582/000095012311069396/l42833e10vq.htm"
    },
    {
        "date": "2011-03-31",
        "symbol": "GT",
        "reportedCurrency": "USD",
        "cik": "0000042582",
        "fillingDate": "2011-04-29",
        "acceptedDate": "2011-04-29 11:53:38",
        "calendarYear": "2011",
        "period": "Q1",
        "revenue": 5402000000,
        "costOfRevenue": 4461000000,
        "grossProfit": 941000000,
        "grossProfitRatio": 0.1741947427,
        "researchAndDevelopmentExpenses": 0,
        "generalAndAdministrativeExpenses": 0,
        "sellingAndMarketingExpenses": 0,
        "sellingGeneralAndAdministrativeExpenses": 677000000,
        "otherExpenses": 0,
        "operatingExpenses": 677000000,
        "costAndExpenses": 5138000000,
        "interestIncome": 3000000,
        "interestExpense": 74000000,
        "depreciationAndAmortization": 182000000,
        "ebitda": 442000000,
        "ebitdaratio": 0.0818215476,
        "operatingIncome": 264000000,
        "operatingIncomeRatio": 0.0488707886,
        "totalOtherIncomeExpensesNet": -78000000,
        "incomeBeforeTax": 186000000,
        "incomeBeforeTaxRatio": 0.034431692,
        "incomeTaxExpense": 62000000,
        "netIncome": 103000000,
        "netIncomeRatio": 0.0190670122,
        "eps": 0.42,
        "epsdiluted": 0.42,
        "weightedAverageShsOut": 243000000,
        "weightedAverageShsOutDil": 246000000,
        "link": "https://www.sec.gov/Archives/edgar/data/42582/000095012311041607/0000950123-11-041607-index.htm",
        "finalLink": "https://www.sec.gov/Archives/edgar/data/42582/000095012311041607/l42187e10vq.htm"
    },
    {
        "date": "2010-12-31",
        "symbol": "GT",
        "reportedCurrency": "USD",
        "cik": "0000042582",
        "fillingDate": "2011-02-10",
        "acceptedDate": "2011-02-10 15:14:00",
        "calendarYear": "2010",
        "period": "Q4",
        "revenue": 5072000000,
        "costOfRevenue": 4190000000,
        "grossProfit": 882000000,
        "grossProfitRatio": 0.1738958991,
        "researchAndDevelopmentExpenses": 0,
        "generalAndAdministrativeExpenses": 0,
        "sellingAndMarketingExpenses": 0,
        "sellingGeneralAndAdministrativeExpenses": 939000000,
        "otherExpenses": 0,
        "operatingExpenses": 939000000,
        "costAndExpenses": 5129000000,
        "interestIncome": 3000000,
        "interestExpense": 75000000,
        "depreciationAndAmortization": 165000000,
        "ebitda": 95000000,
        "ebitdaratio": 0.0187302839,
        "operatingIncome": -57000000,
        "operatingIncomeRatio": -0.0112381703,
        "totalOtherIncomeExpensesNet": -88000000,
        "incomeBeforeTax": -145000000,
        "incomeBeforeTaxRatio": -0.0285883281,
        "incomeTaxExpense": 21000000,
        "netIncome": -177000000,
        "netIncomeRatio": -0.0348974763,
        "eps": -0.73,
        "epsdiluted": -0.73,
        "weightedAverageShsOut": 242000000,
        "weightedAverageShsOutDil": 243000000,
        "link": "https://www.sec.gov/Archives/edgar/data/42582/000095012311011714/0000950123-11-011714-index.htm",
        "finalLink": "https://www.sec.gov/Archives/edgar/data/42582/000095012311011714/l41188e10vk.htm"
    },
    {
        "date": "2010-09-30",
        "symbol": "GT",
        "reportedCurrency": "USD",
        "cik": "0000042582",
        "fillingDate": "2010-10-28",
        "acceptedDate": "2010-10-28 15:03:42",
        "calendarYear": "2010",
        "period": "Q3",
        "revenue": 4962000000,
        "costOfRevenue": 4120000000,
        "grossProfit": 842000000,
        "grossProfitRatio": 0.1696896413,
        "researchAndDevelopmentExpenses": 0,
        "generalAndAdministrativeExpenses": 0,
        "sellingAndMarketingExpenses": 0,
        "sellingGeneralAndAdministrativeExpenses": 640000000,
        "otherExpenses": 0,
        "operatingExpenses": 640000000,
        "costAndExpenses": 4760000000,
        "interestIncome": 3000000,
        "interestExpense": 90000000,
        "depreciationAndAmortization": 166000000,
        "ebitda": 298000000,
        "ebitdaratio": 0.0600564289,
        "operatingIncome": 202000000,
        "operatingIncomeRatio": 0.0407093914,
        "totalOtherIncomeExpensesNet": -160000000,
        "incomeBeforeTax": 42000000,
        "incomeBeforeTaxRatio": 0.0084643289,
        "incomeTaxExpense": 55000000,
        "netIncome": -20000000,
        "netIncomeRatio": -0.0040306328,
        "eps": -0.0826,
        "epsdiluted": -0.0826,
        "weightedAverageShsOut": 242000000,
        "weightedAverageShsOutDil": 242000000,
        "link": "https://www.sec.gov/Archives/edgar/data/42582/000095012310097361/0000950123-10-097361-index.htm",
        "finalLink": "https://www.sec.gov/Archives/edgar/data/42582/000095012310097361/l40779e10vq.htm"
    },
    {
        "date": "2010-06-30",
        "symbol": "GT",
        "reportedCurrency": "USD",
        "cik": "0000042582",
        "fillingDate": "2010-07-29",
        "acceptedDate": "2010-07-29 12:22:13",
        "calendarYear": "2010",
        "period": "Q2",
        "revenue": 4528000000,
        "costOfRevenue": 3686000000,
        "grossProfit": 842000000,
        "grossProfitRatio": 0.1859540636,
        "researchAndDevelopmentExpenses": 0,
        "generalAndAdministrativeExpenses": 0,
        "sellingAndMarketingExpenses": 0,
        "sellingGeneralAndAdministrativeExpenses": 676000000,
        "otherExpenses": 0,
        "operatingExpenses": 676000000,
        "costAndExpenses": 4362000000,
        "interestIncome": 2000000,
        "interestExpense": 77000000,
        "depreciationAndAmortization": 162000000,
        "ebitda": 321000000,
        "ebitdaratio": 0.0708922261,
        "operatingIncome": 166000000,
        "operatingIncomeRatio": 0.0366607774,
        "totalOtherIncomeExpensesNet": -84000000,
        "incomeBeforeTax": 82000000,
        "incomeBeforeTaxRatio": 0.0181095406,
        "incomeTaxExpense": 43000000,
        "netIncome": 28000000,
        "netIncomeRatio": 0.0061837456,
        "eps": 0.11,
        "epsdiluted": 0.11,
        "weightedAverageShsOut": 242000000,
        "weightedAverageShsOutDil": 244000000,
        "link": "https://www.sec.gov/Archives/edgar/data/42582/000095012310069602/0000950123-10-069602-index.htm",
        "finalLink": "https://www.sec.gov/Archives/edgar/data/42582/000095012310069602/l39563e10vq.htm"
    },
    {
        "date": "2010-03-31",
        "symbol": "GT",
        "reportedCurrency": "USD",
        "cik": "0000042582",
        "fillingDate": "2010-04-28",
        "acceptedDate": "2010-04-28 13:41:45",
        "calendarYear": "2010",
        "period": "Q1",
        "revenue": 4270000000,
        "costOfRevenue": 3456000000,
        "grossProfit": 814000000,
        "grossProfitRatio": 0.1906323185,
        "researchAndDevelopmentExpenses": 0,
        "generalAndAdministrativeExpenses": 0,
        "sellingAndMarketingExpenses": 0,
        "sellingGeneralAndAdministrativeExpenses": 605000000,
        "otherExpenses": 0,
        "operatingExpenses": 605000000,
        "costAndExpenses": 4061000000,
        "interestIncome": 3000000,
        "interestExpense": 74000000,
        "depreciationAndAmortization": 159000000,
        "ebitda": 262000000,
        "ebitdaratio": 0.0613583138,
        "operatingIncome": 209000000,
        "operatingIncomeRatio": 0.0489461358,
        "totalOtherIncomeExpensesNet": -180000000,
        "incomeBeforeTax": 29000000,
        "incomeBeforeTaxRatio": 0.0067915691,
        "incomeTaxExpense": 53000000,
        "netIncome": -47000000,
        "netIncomeRatio": -0.0110070258,
        "eps": -0.19,
        "epsdiluted": -0.19,
        "weightedAverageShsOut": 242000000,
        "weightedAverageShsOutDil": 242000000,
        "link": "https://www.sec.gov/Archives/edgar/data/42582/000095012310039436/0000950123-10-039436-index.htm",
        "finalLink": "https://www.sec.gov/Archives/edgar/data/42582/000095012310039436/l39499e10vq.htm"
    },
    {
        "date": "2009-12-31",
        "symbol": "GT",
        "reportedCurrency": "USD",
        "cik": "0000042582",
        "fillingDate": "2010-02-18",
        "acceptedDate": "2010-02-18 11:50:04",
        "calendarYear": "2009",
        "period": "Q4",
        "revenue": 4437000000,
        "costOfRevenue": 3581000000,
        "grossProfit": 856000000,
        "grossProfitRatio": 0.1929231463,
        "researchAndDevelopmentExpenses": 0,
        "generalAndAdministrativeExpenses": 0,
        "sellingAndMarketingExpenses": 0,
        "sellingGeneralAndAdministrativeExpenses": 433000000,
        "otherExpenses": 0,
        "operatingExpenses": 433000000,
        "costAndExpenses": 4014000000,
        "interestIncome": 0,
        "interestExpense": 83000000,
        "depreciationAndAmortization": 151000000,
        "ebitda": 373000000,
        "ebitdaratio": 0.0840658102,
        "operatingIncome": 423000000,
        "operatingIncomeRatio": 0.0953346856,
        "totalOtherIncomeExpensesNet": -284000000,
        "incomeBeforeTax": 139000000,
        "incomeBeforeTaxRatio": 0.0313274735,
        "incomeTaxExpense": 4000000,
        "netIncome": 107000000,
        "netIncomeRatio": 0.0241153933,
        "eps": 0.44,
        "epsdiluted": 0.44,
        "weightedAverageShsOut": 241000000,
        "weightedAverageShsOutDil": 242000000,
        "link": "https://www.sec.gov/Archives/edgar/data/42582/000095012310014004/0000950123-10-014004-index.htm",
        "finalLink": "https://www.sec.gov/Archives/edgar/data/42582/000095012310014004/l38685e10vk.htm"
    },
    {
        "date": "2009-09-30",
        "symbol": "GT",
        "reportedCurrency": "USD",
        "cik": "0000042582",
        "fillingDate": "2009-10-28",
        "acceptedDate": "2009-10-28 12:37:26",
        "calendarYear": "2009",
        "period": "Q3",
        "revenue": 4385000000,
        "costOfRevenue": 3523000000,
        "grossProfit": 862000000,
        "grossProfitRatio": 0.1965792474,
        "researchAndDevelopmentExpenses": 0,
        "generalAndAdministrativeExpenses": 0,
        "sellingAndMarketingExpenses": 0,
        "sellingGeneralAndAdministrativeExpenses": 633000000,
        "otherExpenses": 0,
        "operatingExpenses": 633000000,
        "costAndExpenses": 4156000000,
        "interestIncome": 4000000,
        "interestExpense": 85000000,
        "depreciationAndAmortization": 159000000,
        "ebitda": 384000000,
        "ebitdaratio": 0.0875712657,
        "operatingIncome": 229000000,
        "operatingIncomeRatio": 0.0522234892,
        "totalOtherIncomeExpensesNet": -89000000,
        "incomeBeforeTax": 140000000,
        "incomeBeforeTaxRatio": 0.0319270239,
        "incomeTaxExpense": 38000000,
        "netIncome": 72000000,
        "netIncomeRatio": 0.0164196123,
        "eps": 0.3,
        "epsdiluted": 0.3,
        "weightedAverageShsOut": 242000000,
        "weightedAverageShsOutDil": 245000000,
        "link": "https://www.sec.gov/Archives/edgar/data/42582/000095012309054019/0000950123-09-054019-index.htm",
        "finalLink": "https://www.sec.gov/Archives/edgar/data/42582/000095012309054019/l37853e10vq.htm"
    },
    {
        "date": "2009-06-30",
        "symbol": "GT",
        "reportedCurrency": "USD",
        "cik": "0000042582",
        "fillingDate": "2009-07-30",
        "acceptedDate": "2009-07-30 12:05:15",
        "calendarYear": "2009",
        "period": "Q2",
        "revenue": 3943000000,
        "costOfRevenue": 3353000000,
        "grossProfit": 590000000,
        "grossProfitRatio": 0.1496322597,
        "researchAndDevelopmentExpenses": 0,
        "generalAndAdministrativeExpenses": 0,
        "sellingAndMarketingExpenses": 0,
        "sellingGeneralAndAdministrativeExpenses": 750000000,
        "otherExpenses": 0,
        "operatingExpenses": 750000000,
        "costAndExpenses": 4103000000,
        "interestIncome": 3000000,
        "interestExpense": 79000000,
        "depreciationAndAmortization": 160000000,
        "ebitda": -32000000,
        "ebitdaratio": -0.008115648,
        "operatingIncome": -160000000,
        "operatingIncomeRatio": -0.0405782399,
        "totalOtherIncomeExpensesNet": -111000000,
        "incomeBeforeTax": -271000000,
        "incomeBeforeTaxRatio": -0.0687293939,
        "incomeTaxExpense": -18000000,
        "netIncome": -221000000,
        "netIncomeRatio": -0.0560486939,
        "eps": -0.92,
        "epsdiluted": -0.92,
        "weightedAverageShsOut": 241000000,
        "weightedAverageShsOutDil": 241000000,
        "link": "https://www.sec.gov/Archives/edgar/data/42582/000095012309027487/0000950123-09-027487-index.htm",
        "finalLink": "https://www.sec.gov/Archives/edgar/data/42582/000095012309027487/l37107e10vq.htm"
    },
    {
        "date": "2009-03-31",
        "symbol": "GT",
        "reportedCurrency": "USD",
        "cik": "0000042582",
        "fillingDate": "2009-04-29",
        "acceptedDate": "2009-04-29 11:48:24",
        "calendarYear": "2009",
        "period": "Q1",
        "revenue": 3536000000,
        "costOfRevenue": 3219000000,
        "grossProfit": 317000000,
        "grossProfitRatio": 0.0896493213,
        "researchAndDevelopmentExpenses": 0,
        "generalAndAdministrativeExpenses": 0,
        "sellingAndMarketingExpenses": 0,
        "sellingGeneralAndAdministrativeExpenses": 588000000,
        "otherExpenses": 0,
        "operatingExpenses": 588000000,
        "costAndExpenses": 3807000000,
        "interestIncome": 4000000,
        "interestExpense": 64000000,
        "depreciationAndAmortization": 152000000,
        "ebitda": -149000000,
        "ebitdaratio": -0.042138009,
        "operatingIncome": -271000000,
        "operatingIncomeRatio": -0.0766402715,
        "totalOtherIncomeExpensesNet": -94000000,
        "incomeBeforeTax": -365000000,
        "incomeBeforeTaxRatio": -0.1032239819,
        "incomeTaxExpense": -17000000,
        "netIncome": -333000000,
        "netIncomeRatio": -0.0941742081,
        "eps": -1.38,
        "epsdiluted": -1.38,
        "weightedAverageShsOut": 241000000,
        "weightedAverageShsOutDil": 241000000,
        "link": "https://www.sec.gov/Archives/edgar/data/42582/000095015209004310/0000950152-09-004310-index.htm",
        "finalLink": "https://www.sec.gov/Archives/edgar/data/42582/000095015209004310/l36233ae10vq.htm"
    },
    {
        "date": "2008-12-31",
        "symbol": "GT",
        "reportedCurrency": "USD",
        "cik": "0000042582",
        "fillingDate": "2009-02-18",
        "acceptedDate": "2009-02-18 12:41:47",
        "calendarYear": "2008",
        "period": "Q4",
        "revenue": 4135000000,
        "costOfRevenue": 3666000000,
        "grossProfit": 469000000,
        "grossProfitRatio": 0.1134220073,
        "researchAndDevelopmentExpenses": 0,
        "generalAndAdministrativeExpenses": 0,
        "sellingAndMarketingExpenses": 0,
        "sellingGeneralAndAdministrativeExpenses": 603000000,
        "otherExpenses": 0,
        "operatingExpenses": 603000000,
        "costAndExpenses": 4269000000,
        "interestIncome": 0,
        "interestExpense": 0,
        "depreciationAndAmortization": 166000000,
        "ebitda": -211000000,
        "ebitdaratio": -0.0510278114,
        "operatingIncome": -134000000,
        "operatingIncomeRatio": -0.0324062878,
        "totalOtherIncomeExpensesNet": -215000000,
        "incomeBeforeTax": -349000000,
        "incomeBeforeTaxRatio": -0.084401451,
        "incomeTaxExpense": -8000000,
        "netIncome": -330000000,
        "netIncomeRatio": -0.0798065296,
        "eps": -1.37,
        "epsdiluted": -1.37,
        "weightedAverageShsOut": 241000000,
        "weightedAverageShsOutDil": 241000000,
        "link": "https://www.sec.gov/Archives/edgar/data/42582/000095015209001538/0000950152-09-001538-index.htm",
        "finalLink": "https://www.sec.gov/Archives/edgar/data/42582/000095015209001538/l35232ae10vk.htm"
    },
    {
        "date": "2008-09-30",
        "symbol": "GT",
        "reportedCurrency": "USD",
        "cik": "0000042582",
        "fillingDate": "2008-11-03",
        "acceptedDate": "2008-11-03 11:52:02",
        "calendarYear": "2008",
        "period": "Q3",
        "revenue": 5172000000,
        "costOfRevenue": 4316000000,
        "grossProfit": 856000000,
        "grossProfitRatio": 0.1655065739,
        "researchAndDevelopmentExpenses": 0,
        "generalAndAdministrativeExpenses": 0,
        "sellingAndMarketingExpenses": 0,
        "sellingGeneralAndAdministrativeExpenses": 661000000,
        "otherExpenses": 0,
        "operatingExpenses": 661000000,
        "costAndExpenses": 4977000000,
        "interestIncome": 0,
        "interestExpense": 73000000,
        "depreciationAndAmortization": 199000000,
        "ebitda": 390000000,
        "ebitdaratio": 0.0754060325,
        "operatingIncome": 195000000,
        "operatingIncomeRatio": 0.0377030162,
        "totalOtherIncomeExpensesNet": -77000000,
        "incomeBeforeTax": 118000000,
        "incomeBeforeTaxRatio": 0.0228151585,
        "incomeTaxExpense": 66000000,
        "netIncome": 31000000,
        "netIncomeRatio": 0.0059938128,
        "eps": 0.13,
        "epsdiluted": 0.13,
        "weightedAverageShsOut": 241000000,
        "weightedAverageShsOutDil": 243000000,
        "link": "https://www.sec.gov/Archives/edgar/data/42582/000095015208008566/0000950152-08-008566-index.htm",
        "finalLink": "https://www.sec.gov/Archives/edgar/data/42582/000095015208008566/l34273ae10vq.htm"
    },
    {
        "date": "2008-06-30",
        "symbol": "GT",
        "reportedCurrency": "USD",
        "cik": "0000042582",
        "fillingDate": "2008-07-31",
        "acceptedDate": "2008-07-31 08:40:39",
        "calendarYear": "2008",
        "period": "Q2",
        "revenue": 5239000000,
        "costOfRevenue": 4196000000,
        "grossProfit": 1043000000,
        "grossProfitRatio": 0.1990837946,
        "researchAndDevelopmentExpenses": 0,
        "generalAndAdministrativeExpenses": 0,
        "sellingAndMarketingExpenses": 0,
        "sellingGeneralAndAdministrativeExpenses": 822000000,
        "otherExpenses": 0,
        "operatingExpenses": 822000000,
        "costAndExpenses": 5018000000,
        "interestIncome": 18000000,
        "interestExpense": 76000000,
        "depreciationAndAmortization": 163000000,
        "ebitda": 406000000,
        "ebitdaratio": 0.0774957053,
        "operatingIncome": 221000000,
        "operatingIncomeRatio": 0.0421836228,
        "totalOtherIncomeExpensesNet": -54000000,
        "incomeBeforeTax": 167000000,
        "incomeBeforeTaxRatio": 0.0318763123,
        "incomeTaxExpense": 74000000,
        "netIncome": 75000000,
        "netIncomeRatio": 0.0143157091,
        "eps": 0.31,
        "epsdiluted": 0.31,
        "weightedAverageShsOut": 241000000,
        "weightedAverageShsOutDil": 243000000,
        "link": "https://www.sec.gov/Archives/edgar/data/42582/000095015208005821/0000950152-08-005821-index.htm",
        "finalLink": "https://www.sec.gov/Archives/edgar/data/42582/000095015208005821/l32599ae10vq.htm"
    },
    {
        "date": "2008-03-31",
        "symbol": "GT",
        "reportedCurrency": "USD",
        "cik": "0000042582",
        "fillingDate": "2008-04-25",
        "acceptedDate": "2008-04-25 09:26:46",
        "calendarYear": "2008",
        "period": "Q1",
        "revenue": 4942000000,
        "costOfRevenue": 3961000000,
        "grossProfit": 981000000,
        "grossProfitRatio": 0.1985026305,
        "researchAndDevelopmentExpenses": 0,
        "generalAndAdministrativeExpenses": 0,
        "sellingAndMarketingExpenses": 0,
        "sellingGeneralAndAdministrativeExpenses": 648000000,
        "otherExpenses": 0,
        "operatingExpenses": 648000000,
        "costAndExpenses": 4609000000,
        "interestIncome": 29000000,
        "interestExpense": 89000000,
        "depreciationAndAmortization": 155000000,
        "ebitda": 494000000,
        "ebitdaratio": 0.0999595306,
        "operatingIncome": 333000000,
        "operatingIncomeRatio": 0.0673816269,
        "totalOtherIncomeExpensesNet": -83000000,
        "incomeBeforeTax": 250000000,
        "incomeBeforeTaxRatio": 0.050586807,
        "incomeTaxExpense": 77000000,
        "netIncome": 147000000,
        "netIncomeRatio": 0.0297450425,
        "eps": 0.61,
        "epsdiluted": 0.6,
        "weightedAverageShsOut": 240000000,
        "weightedAverageShsOutDil": 244000000,
        "link": "https://www.sec.gov/Archives/edgar/data/42582/000095015208003019/0000950152-08-003019-index.htm",
        "finalLink": "https://www.sec.gov/Archives/edgar/data/42582/000095015208003019/l31157ae10vq.htm"
    },
    {
        "date": "2007-12-31",
        "symbol": "GT",
        "reportedCurrency": "USD",
        "cik": "0000042582",
        "fillingDate": "2008-02-14",
        "acceptedDate": "2008-02-14 09:07:22",
        "calendarYear": "2007",
        "period": "Q4",
        "revenue": 5160000000,
        "costOfRevenue": 4161000000,
        "grossProfit": 999000000,
        "grossProfitRatio": 0.1936046512,
        "researchAndDevelopmentExpenses": 0,
        "generalAndAdministrativeExpenses": 0,
        "sellingAndMarketingExpenses": 0,
        "sellingGeneralAndAdministrativeExpenses": 737000000,
        "otherExpenses": 0,
        "operatingExpenses": 737000000,
        "costAndExpenses": 4898000000,
        "interestIncome": 0,
        "interestExpense": 0,
        "depreciationAndAmortization": 167000000,
        "ebitda": 381000000,
        "ebitdaratio": 0.0738372093,
        "operatingIncome": 262000000,
        "operatingIncomeRatio": 0.0507751938,
        "totalOtherIncomeExpensesNet": -85000000,
        "incomeBeforeTax": 177000000,
        "incomeBeforeTaxRatio": 0.0343023256,
        "incomeTaxExpense": 46000000,
        "netIncome": 52000000,
        "netIncomeRatio": 0.0100775194,
        "eps": 0.22,
        "epsdiluted": 0.22,
        "weightedAverageShsOut": 240000000,
        "weightedAverageShsOutDil": 240000000,
        "link": "https://www.sec.gov/Archives/edgar/data/42582/000095015208001092/0000950152-08-001092-index.htm",
        "finalLink": "https://www.sec.gov/Archives/edgar/data/42582/000095015208001092/l29512ae10vk.htm"
    },
    {
        "date": "2007-09-30",
        "symbol": "GT",
        "reportedCurrency": "USD",
        "cik": "0000042582",
        "fillingDate": "2007-10-30",
        "acceptedDate": "2007-10-30 08:59:56",
        "calendarYear": "2007",
        "period": "Q3",
        "revenue": 5064000000,
        "costOfRevenue": 4051000000,
        "grossProfit": 1013000000,
        "grossProfitRatio": 0.2000394945,
        "researchAndDevelopmentExpenses": 0,
        "generalAndAdministrativeExpenses": 0,
        "sellingAndMarketingExpenses": 0,
        "sellingGeneralAndAdministrativeExpenses": 670000000,
        "otherExpenses": 0,
        "operatingExpenses": 670000000,
        "costAndExpenses": 4721000000,
        "interestIncome": 0,
        "interestExpense": 0,
        "depreciationAndAmortization": 159000000,
        "ebitda": 502000000,
        "ebitdaratio": 0.0991311216,
        "operatingIncome": 343000000,
        "operatingIncomeRatio": 0.0677330174,
        "totalOtherIncomeExpensesNet": -89000000,
        "incomeBeforeTax": 254000000,
        "incomeBeforeTaxRatio": 0.0501579779,
        "incomeTaxExpense": 95000000,
        "netIncome": 668000000,
        "netIncomeRatio": 0.1319115324,
        "eps": 3.17,
        "epsdiluted": 2.75,
        "weightedAverageShsOut": 211000000,
        "weightedAverageShsOutDil": 244000000,
        "link": "https://www.sec.gov/Archives/edgar/data/42582/000095015207008351/0000950152-07-008351-index.htm",
        "finalLink": "https://www.sec.gov/Archives/edgar/data/42582/000095015207008351/l28452ae10vq.htm"
    },
    {
        "date": "2007-06-30",
        "symbol": "GT",
        "reportedCurrency": "USD",
        "cik": "0000042582",
        "fillingDate": "2007-07-26",
        "acceptedDate": "2007-07-26 09:53:06",
        "calendarYear": "2007",
        "period": "Q2",
        "revenue": 4921000000,
        "costOfRevenue": 3967000000,
        "grossProfit": 954000000,
        "grossProfitRatio": 0.193863036,
        "researchAndDevelopmentExpenses": 0,
        "generalAndAdministrativeExpenses": 0,
        "sellingAndMarketingExpenses": 0,
        "sellingGeneralAndAdministrativeExpenses": 692000000,
        "otherExpenses": 0,
        "operatingExpenses": 692000000,
        "costAndExpenses": 4659000000,
        "interestIncome": 0,
        "interestExpense": 0,
        "depreciationAndAmortization": 173000000,
        "ebitda": 435000000,
        "ebitdaratio": 0.0883966673,
        "operatingIncome": 262000000,
        "operatingIncomeRatio": 0.0532412111,
        "totalOtherIncomeExpensesNet": -182000000,
        "incomeBeforeTax": 80000000,
        "incomeBeforeTaxRatio": 0.0162568584,
        "incomeTaxExpense": 51000000,
        "netIncome": 56000000,
        "netIncomeRatio": 0.0113798009,
        "eps": 0.28,
        "epsdiluted": 0.26,
        "weightedAverageShsOut": 196000000,
        "weightedAverageShsOutDil": 231000000,
        "link": "https://www.sec.gov/Archives/edgar/data/42582/000095015207006082/0000950152-07-006082-index.htm",
        "finalLink": "https://www.sec.gov/Archives/edgar/data/42582/000095015207006082/l27137ae10vq.htm"
    },
    {
        "date": "2007-03-31",
        "symbol": "GT",
        "reportedCurrency": "USD",
        "cik": "0000042582",
        "fillingDate": "2007-04-27",
        "acceptedDate": "2007-04-27 13:06:43",
        "calendarYear": "2007",
        "period": "Q1",
        "revenue": 4499000000,
        "costOfRevenue": 3741000000,
        "grossProfit": 758000000,
        "grossProfitRatio": 0.1684818849,
        "researchAndDevelopmentExpenses": 0,
        "generalAndAdministrativeExpenses": 0,
        "sellingAndMarketingExpenses": 0,
        "sellingGeneralAndAdministrativeExpenses": 678000000,
        "otherExpenses": 0,
        "operatingExpenses": 678000000,
        "costAndExpenses": 4419000000,
        "interestIncome": 0,
        "interestExpense": 0,
        "depreciationAndAmortization": 160000000,
        "ebitda": 240000000,
        "ebitdaratio": 0.0533451878,
        "operatingIncome": 80000000,
        "operatingIncomeRatio": 0.0177817293,
        "totalOtherIncomeExpensesNet": -190000000,
        "incomeBeforeTax": -110000000,
        "incomeBeforeTaxRatio": -0.0244498778,
        "incomeTaxExpense": 0,
        "netIncome": -174000000,
        "netIncomeRatio": -0.0386752612,
        "eps": -0.97,
        "epsdiluted": -0.97,
        "weightedAverageShsOut": 180000000,
        "weightedAverageShsOutDil": 180000000,
        "link": "https://www.sec.gov/Archives/edgar/data/42582/000095015207003599/0000950152-07-003599-index.htm",
        "finalLink": "https://www.sec.gov/Archives/edgar/data/42582/000095015207003599/l25539ae10vq.htm"
    },
    {
        "date": "2006-12-31",
        "symbol": "GT",
        "reportedCurrency": "USD",
        "cik": "0000042582",
        "fillingDate": "2007-02-16",
        "acceptedDate": "2007-02-16 09:01:44",
        "calendarYear": "2006",
        "period": "Q4",
        "revenue": 4976000000,
        "costOfRevenue": 4528000000,
        "grossProfit": 448000000,
        "grossProfitRatio": 0.0900321543,
        "researchAndDevelopmentExpenses": 0,
        "generalAndAdministrativeExpenses": 0,
        "sellingAndMarketingExpenses": 0,
        "sellingGeneralAndAdministrativeExpenses": 629000000,
        "otherExpenses": 0,
        "operatingExpenses": 629000000,
        "costAndExpenses": 5157000000,
        "interestIncome": 0,
        "interestExpense": 0,
        "depreciationAndAmortization": 181000000,
        "ebitda": 0,
        "ebitdaratio": 0,
        "operatingIncome": -181000000,
        "operatingIncomeRatio": -0.0363745981,
        "totalOtherIncomeExpensesNet": -64000000,
        "incomeBeforeTax": -245000000,
        "incomeBeforeTaxRatio": -0.0492363344,
        "incomeTaxExpense": -89000000,
        "netIncome": -358000000,
        "netIncomeRatio": -0.0719453376,
        "eps": -2.02,
        "epsdiluted": -1.9700000000000002,
        "weightedAverageShsOut": 177000000,
        "weightedAverageShsOutDil": 177000000,
        "link": null,
        "finalLink": null
    },
    {
        "date": "2006-09-30",
        "symbol": "GT",
        "reportedCurrency": "USD",
        "cik": "0000042582",
        "fillingDate": "2006-11-09",
        "acceptedDate": "2006-11-09 08:52:19",
        "calendarYear": "2006",
        "period": "Q3",
        "revenue": 4913000000,
        "costOfRevenue": 4060000000,
        "grossProfit": 853000000,
        "grossProfitRatio": 0.1736210055,
        "researchAndDevelopmentExpenses": 0,
        "generalAndAdministrativeExpenses": 0,
        "sellingAndMarketingExpenses": 0,
        "sellingGeneralAndAdministrativeExpenses": 611000000,
        "otherExpenses": 0,
        "operatingExpenses": 611000000,
        "costAndExpenses": 4671000000,
        "interestIncome": 0,
        "interestExpense": 0,
        "depreciationAndAmortization": 141000000,
        "ebitda": 383000000,
        "ebitdaratio": 0.0779564421,
        "operatingIncome": 242000000,
        "operatingIncomeRatio": 0.0492570731,
        "totalOtherIncomeExpensesNet": -259000000,
        "incomeBeforeTax": -17000000,
        "incomeBeforeTaxRatio": -0.0034602076,
        "incomeTaxExpense": 59000000,
        "netIncome": -48000000,
        "netIncomeRatio": -0.009769998,
        "eps": -0.27,
        "epsdiluted": -0.27,
        "weightedAverageShsOut": 177000000,
        "weightedAverageShsOutDil": 177000000,
        "link": "https://www.sec.gov/Archives/edgar/data/42582/000095015206009074/0000950152-06-009074-index.htm",
        "finalLink": "https://www.sec.gov/Archives/edgar/data/42582/000095015206009074/l22672ae10vq.htm"
    },
    {
        "date": "2006-06-30",
        "symbol": "GT",
        "reportedCurrency": "USD",
        "cik": "0000042582",
        "fillingDate": "2006-08-04",
        "acceptedDate": "2006-08-04 08:12:43",
        "calendarYear": "2006",
        "period": "Q2",
        "revenue": 4738000000,
        "costOfRevenue": 3952000000,
        "grossProfit": 786000000,
        "grossProfitRatio": 0.1658927818,
        "researchAndDevelopmentExpenses": 0,
        "generalAndAdministrativeExpenses": 0,
        "sellingAndMarketingExpenses": 0,
        "sellingGeneralAndAdministrativeExpenses": 630000000,
        "otherExpenses": 0,
        "operatingExpenses": 630000000,
        "costAndExpenses": 4582000000,
        "interestIncome": 0,
        "interestExpense": 0,
        "depreciationAndAmortization": 190000000,
        "ebitda": 346000000,
        "ebitdaratio": 0.0730265935,
        "operatingIncome": 156000000,
        "operatingIncomeRatio": 0.0329252849,
        "totalOtherIncomeExpensesNet": -142000000,
        "incomeBeforeTax": 14000000,
        "incomeBeforeTaxRatio": 0.0029548333,
        "incomeTaxExpense": 47000000,
        "netIncome": 2000000,
        "netIncomeRatio": 0.000422119,
        "eps": 0.01,
        "epsdiluted": 0.01,
        "weightedAverageShsOut": 177000000,
        "weightedAverageShsOutDil": 177000000,
        "link": "https://www.sec.gov/Archives/edgar/data/42582/000095015206006491/0000950152-06-006491-index.htm",
        "finalLink": "https://www.sec.gov/Archives/edgar/data/42582/000095015206006491/l21356ae10vq.htm"
    },
    {
        "date": "2006-03-31",
        "symbol": "GT",
        "reportedCurrency": "USD",
        "cik": "0000042582",
        "fillingDate": "2006-05-04",
        "acceptedDate": "2006-05-04 08:52:14",
        "calendarYear": "2006",
        "period": "Q1",
        "revenue": 4462000000,
        "costOfRevenue": 3608000000,
        "grossProfit": 854000000,
        "grossProfitRatio": 0.1913939937,
        "researchAndDevelopmentExpenses": 0,
        "generalAndAdministrativeExpenses": 0,
        "sellingAndMarketingExpenses": 0,
        "sellingGeneralAndAdministrativeExpenses": 615000000,
        "otherExpenses": 0,
        "operatingExpenses": 615000000,
        "costAndExpenses": 4223000000,
        "interestIncome": 0,
        "interestExpense": 0,
        "depreciationAndAmortization": 154000000,
        "ebitda": 393000000,
        "ebitdaratio": 0.0880770955,
        "operatingIncome": 239000000,
        "operatingIncomeRatio": 0.0535634245,
        "totalOtherIncomeExpensesNet": -125000000,
        "incomeBeforeTax": 114000000,
        "incomeBeforeTaxRatio": 0.0255490811,
        "incomeTaxExpense": 68000000,
        "netIncome": 74000000,
        "netIncomeRatio": 0.0165844913,
        "eps": 0.42,
        "epsdiluted": 0.37,
        "weightedAverageShsOut": 177000000,
        "weightedAverageShsOutDil": 207000000,
        "link": "https://www.sec.gov/Archives/edgar/data/42582/000095015206003841/0000950152-06-003841-index.htm",
        "finalLink": "https://www.sec.gov/Archives/edgar/data/42582/000095015206003841/l19738ae10vq.htm"
    },
    {
        "date": "2005-12-31",
        "symbol": "GT",
        "reportedCurrency": "USD",
        "cik": "0000042582",
        "fillingDate": "2006-02-17",
        "acceptedDate": "2006-02-17 16:28:14",
        "calendarYear": "2005",
        "period": "Q4",
        "revenue": 4934000000,
        "costOfRevenue": 4000000000,
        "grossProfit": 934000000,
        "grossProfitRatio": 0.1892987434,
        "researchAndDevelopmentExpenses": 0,
        "generalAndAdministrativeExpenses": 0,
        "sellingAndMarketingExpenses": 0,
        "sellingGeneralAndAdministrativeExpenses": 736000000,
        "otherExpenses": 0,
        "operatingExpenses": 736000000,
        "costAndExpenses": 4736000000,
        "interestIncome": 0,
        "interestExpense": 0,
        "depreciationAndAmortization": 228000000,
        "ebitda": 426000000,
        "ebitdaratio": 0.0863396838,
        "operatingIncome": 198000000,
        "operatingIncomeRatio": 0.0401297122,
        "totalOtherIncomeExpensesNet": -211000000,
        "incomeBeforeTax": -13000000,
        "incomeBeforeTaxRatio": -0.0026347791,
        "incomeTaxExpense": 27000000,
        "netIncome": -51000000,
        "netIncomeRatio": -0.010336441,
        "eps": -0.29,
        "epsdiluted": -0.29,
        "weightedAverageShsOut": 176429644,
        "weightedAverageShsOutDil": 177000000,
        "link": "https://www.sec.gov/Archives/edgar/data/42582/000095015206001296/0000950152-06-001296-index.htm",
        "finalLink": "https://www.sec.gov/Archives/edgar/data/42582/000095015206001296/l17860ae10vk.htm"
    },
    {
        "date": "2005-09-30",
        "symbol": "GT",
        "reportedCurrency": "USD",
        "cik": "0000042582",
        "fillingDate": "2005-10-27",
        "acceptedDate": "2005-10-27 09:19:35",
        "calendarYear": "2005",
        "period": "Q3",
        "revenue": 5030000000,
        "costOfRevenue": 4008000000,
        "grossProfit": 1022000000,
        "grossProfitRatio": 0.2031809145,
        "researchAndDevelopmentExpenses": 0,
        "generalAndAdministrativeExpenses": 0,
        "sellingAndMarketingExpenses": 0,
        "sellingGeneralAndAdministrativeExpenses": 707000000,
        "otherExpenses": 0,
        "operatingExpenses": 707000000,
        "costAndExpenses": 4715000000,
        "interestIncome": 0,
        "interestExpense": 0,
        "depreciationAndAmortization": 175000000,
        "ebitda": 490000000,
        "ebitdaratio": 0.097415507,
        "operatingIncome": 315000000,
        "operatingIncomeRatio": 0.0626242545,
        "totalOtherIncomeExpensesNet": -102000000,
        "incomeBeforeTax": 213000000,
        "incomeBeforeTaxRatio": 0.0423459245,
        "incomeTaxExpense": 71000000,
        "netIncome": 142000000,
        "netIncomeRatio": 0.0282306163,
        "eps": 0.81,
        "epsdiluted": 0.7,
        "weightedAverageShsOut": 176000000,
        "weightedAverageShsOutDil": 209000000,
        "link": "https://www.sec.gov/Archives/edgar/data/42582/000095015205008441/0000950152-05-008441-index.htm",
        "finalLink": "https://www.sec.gov/Archives/edgar/data/42582/000095015205008441/l16500ae10vq.htm"
    },
    {
        "date": "2005-06-30",
        "symbol": "GT",
        "reportedCurrency": "USD",
        "cik": "0000042582",
        "fillingDate": "2005-08-04",
        "acceptedDate": "2005-08-04 17:25:52",
        "calendarYear": "2005",
        "period": "Q2",
        "revenue": 4992000000,
        "costOfRevenue": 3945000000,
        "grossProfit": 1047000000,
        "grossProfitRatio": 0.2097355769,
        "researchAndDevelopmentExpenses": 0,
        "generalAndAdministrativeExpenses": 0,
        "sellingAndMarketingExpenses": 0,
        "sellingGeneralAndAdministrativeExpenses": 746000000,
        "otherExpenses": 0,
        "operatingExpenses": 746000000,
        "costAndExpenses": 4691000000,
        "interestIncome": 0,
        "interestExpense": 0,
        "depreciationAndAmortization": 203000000,
        "ebitda": 504000000,
        "ebitdaratio": 0.1009615385,
        "operatingIncome": 301000000,
        "operatingIncomeRatio": 0.0602964744,
        "totalOtherIncomeExpensesNet": -147000000,
        "incomeBeforeTax": 154000000,
        "incomeBeforeTaxRatio": 0.030849359,
        "incomeTaxExpense": 85000000,
        "netIncome": 69000000,
        "netIncomeRatio": 0.0138221154,
        "eps": 0.39,
        "epsdiluted": 0.34,
        "weightedAverageShsOut": 176000000,
        "weightedAverageShsOutDil": 208000000,
        "link": "https://www.sec.gov/Archives/edgar/data/42582/000095015205006544/0000950152-05-006544-index.htm",
        "finalLink": "https://www.sec.gov/Archives/edgar/data/42582/000095015205006544/l14991ae10vq.htm"
    },
    {
        "date": "2005-03-31",
        "symbol": "GT",
        "reportedCurrency": "USD",
        "cik": "0000042582",
        "fillingDate": "2005-05-04",
        "acceptedDate": "2005-05-04 17:23:03",
        "calendarYear": "2005",
        "period": "Q1",
        "revenue": 4767000000,
        "costOfRevenue": 3819000000,
        "grossProfit": 948000000,
        "grossProfitRatio": 0.1988672121,
        "researchAndDevelopmentExpenses": 0,
        "generalAndAdministrativeExpenses": 0,
        "sellingAndMarketingExpenses": 0,
        "sellingGeneralAndAdministrativeExpenses": 686000000,
        "otherExpenses": 0,
        "operatingExpenses": 686000000,
        "costAndExpenses": 4505000000,
        "interestIncome": 0,
        "interestExpense": 0,
        "depreciationAndAmortization": 171000000,
        "ebitda": 433000000,
        "ebitdaratio": 0.0908328089,
        "operatingIncome": 262000000,
        "operatingIncomeRatio": 0.0549611915,
        "totalOtherIncomeExpensesNet": -127000000,
        "incomeBeforeTax": 135000000,
        "incomeBeforeTaxRatio": 0.0283196979,
        "incomeTaxExpense": 67000000,
        "netIncome": 68000000,
        "netIncomeRatio": 0.0142647367,
        "eps": 0.39,
        "epsdiluted": 0.35,
        "weightedAverageShsOut": 176000000,
        "weightedAverageShsOutDil": 208000000,
        "link": "https://www.sec.gov/Archives/edgar/data/42582/000095015205003940/0000950152-05-003940-index.htm",
        "finalLink": "https://www.sec.gov/Archives/edgar/data/42582/000095015205003940/l13312ae10vq.htm"
    },
    {
        "date": "2004-12-31",
        "symbol": "GT",
        "reportedCurrency": "USD",
        "cik": "0000042582",
        "fillingDate": "2005-03-16",
        "acceptedDate": "2005-03-16 16:18:19",
        "calendarYear": "2004",
        "period": "Q4",
        "revenue": 4836400000,
        "costOfRevenue": 3878300000,
        "grossProfit": 958100000,
        "grossProfitRatio": 0.198101894,
        "researchAndDevelopmentExpenses": 0,
        "generalAndAdministrativeExpenses": 0,
        "sellingAndMarketingExpenses": 0,
        "sellingGeneralAndAdministrativeExpenses": 757400000,
        "otherExpenses": 0,
        "operatingExpenses": 757400000,
        "costAndExpenses": 4635700000,
        "interestIncome": 0,
        "interestExpense": 0,
        "depreciationAndAmortization": 255300000,
        "ebitda": 456000000,
        "ebitdaratio": 0.0942850054,
        "operatingIncome": 200700000,
        "operatingIncomeRatio": 0.0414978083,
        "totalOtherIncomeExpensesNet": -10800000,
        "incomeBeforeTax": 189900000,
        "incomeBeforeTaxRatio": 0.0392647424,
        "incomeTaxExpense": 62800000,
        "netIncome": 127100000,
        "netIncomeRatio": 0.0262798776,
        "eps": 0.72,
        "epsdiluted": 0.72,
        "weightedAverageShsOut": 176000000,
        "weightedAverageShsOutDil": 176000000,
        "link": "https://www.sec.gov/Archives/edgar/data/42582/000095015205002219/0000950152-05-002219-index.htm",
        "finalLink": "https://www.sec.gov/Archives/edgar/data/42582/000095015205002219/l12143ae10vk.htm"
    },
    {
        "date": "2004-09-30",
        "symbol": "GT",
        "reportedCurrency": "USD",
        "cik": "0000042582",
        "fillingDate": "2005-04-28",
        "acceptedDate": "2005-04-28 16:42:08",
        "calendarYear": "2004",
        "period": "Q3",
        "revenue": 4700000000,
        "costOfRevenue": 3750000000,
        "grossProfit": 950000000,
        "grossProfitRatio": 0.2021276596,
        "researchAndDevelopmentExpenses": 0,
        "generalAndAdministrativeExpenses": 0,
        "sellingAndMarketingExpenses": 0,
        "sellingGeneralAndAdministrativeExpenses": 703000000,
        "otherExpenses": 0,
        "operatingExpenses": 703000000,
        "costAndExpenses": 4453000000,
        "interestIncome": 0,
        "interestExpense": 0,
        "depreciationAndAmortization": 151000000,
        "ebitda": 398000000,
        "ebitdaratio": 0.0846808511,
        "operatingIncome": 247000000,
        "operatingIncomeRatio": 0.0525531915,
        "totalOtherIncomeExpensesNet": -180000000,
        "incomeBeforeTax": 67000000,
        "incomeBeforeTaxRatio": 0.0142553191,
        "incomeTaxExpense": 29000000,
        "netIncome": 38000000,
        "netIncomeRatio": 0.0080851064,
        "eps": 0.22,
        "epsdiluted": 0.2,
        "weightedAverageShsOut": 175000000,
        "weightedAverageShsOutDil": 207000000,
        "link": "https://www.sec.gov/Archives/edgar/data/42582/000095015205003675/0000950152-05-003675-index.htm",
        "finalLink": "https://www.sec.gov/Archives/edgar/data/42582/000095015205003675/l12347ae10vqza.htm"
    },
    {
        "date": "2004-06-30",
        "symbol": "GT",
        "reportedCurrency": "USD",
        "cik": "0000042582",
        "fillingDate": "2004-08-05",
        "acceptedDate": "2004-08-04 21:07:00",
        "calendarYear": "2004",
        "period": "Q2",
        "revenue": 4519000000,
        "costOfRevenue": 3590000000,
        "grossProfit": 929000000,
        "grossProfitRatio": 0.205576455,
        "researchAndDevelopmentExpenses": 0,
        "generalAndAdministrativeExpenses": 0,
        "sellingAndMarketingExpenses": 0,
        "sellingGeneralAndAdministrativeExpenses": 693000000,
        "otherExpenses": 0,
        "operatingExpenses": 693000000,
        "costAndExpenses": 4283000000,
        "interestIncome": 0,
        "interestExpense": 0,
        "depreciationAndAmortization": 149000000,
        "ebitda": 385000000,
        "ebitdaratio": 0.0851958398,
        "operatingIncome": 236000000,
        "operatingIncomeRatio": 0.0522239434,
        "totalOtherIncomeExpensesNet": -147000000,
        "incomeBeforeTax": 89000000,
        "incomeBeforeTaxRatio": 0.0196946227,
        "incomeTaxExpense": 59000000,
        "netIncome": 30000000,
        "netIncomeRatio": 0.0066386369,
        "eps": 0.17,
        "epsdiluted": 0.17,
        "weightedAverageShsOut": 175000000,
        "weightedAverageShsOutDil": 177000000,
        "link": "https://www.sec.gov/Archives/edgar/data/42582/000095015204005889/0000950152-04-005889-index.htm",
        "finalLink": "https://www.sec.gov/Archives/edgar/data/42582/000095015204005889/l08625ae10vq.htm"
    },
    {
        "date": "2004-03-31",
        "symbol": "GT",
        "reportedCurrency": "USD",
        "cik": "0000042582",
        "fillingDate": "2004-06-18",
        "acceptedDate": "2004-06-18 16:28:13",
        "calendarYear": "2004",
        "period": "Q1",
        "revenue": 4302000000,
        "costOfRevenue": 3477000000,
        "grossProfit": 825000000,
        "grossProfitRatio": 0.1917712692,
        "researchAndDevelopmentExpenses": 0,
        "generalAndAdministrativeExpenses": 0,
        "sellingAndMarketingExpenses": 0,
        "sellingGeneralAndAdministrativeExpenses": 682000000,
        "otherExpenses": 0,
        "operatingExpenses": 682000000,
        "costAndExpenses": 4159000000,
        "interestIncome": 0,
        "interestExpense": 0,
        "depreciationAndAmortization": 161000000,
        "ebitda": 304000000,
        "ebitdaratio": 0.0706648071,
        "operatingIncome": 143000000,
        "operatingIncomeRatio": 0.0332403533,
        "totalOtherIncomeExpensesNet": -164000000,
        "incomeBeforeTax": -21000000,
        "incomeBeforeTaxRatio": -0.0048814505,
        "incomeTaxExpense": 57000000,
        "netIncome": -78000000,
        "netIncomeRatio": -0.0181311018,
        "eps": -0.44,
        "epsdiluted": -0.44,
        "weightedAverageShsOut": 175000000,
        "weightedAverageShsOutDil": 175000000,
        "link": "https://www.sec.gov/Archives/edgar/data/42582/000095015204004725/0000950152-04-004725-index.htm",
        "finalLink": "https://www.sec.gov/Archives/edgar/data/42582/000095015204004725/l06879be10vq.htm"
    },
    {
        "date": "2003-12-31",
        "symbol": "GT",
        "reportedCurrency": "USD",
        "cik": "0000042582",
        "fillingDate": "2004-05-19",
        "acceptedDate": "2004-05-18 21:52:39",
        "calendarYear": "2003",
        "period": "Q4",
        "revenue": 3908700000,
        "costOfRevenue": 3336400000,
        "grossProfit": 572300000,
        "grossProfitRatio": 0.1464169673,
        "researchAndDevelopmentExpenses": 0,
        "generalAndAdministrativeExpenses": 0,
        "sellingAndMarketingExpenses": 0,
        "sellingGeneralAndAdministrativeExpenses": 601500000,
        "otherExpenses": 0,
        "operatingExpenses": 601500000,
        "costAndExpenses": 3937900000,
        "interestIncome": 0,
        "interestExpense": 0,
        "depreciationAndAmortization": 234600000,
        "ebitda": 205400000,
        "ebitdaratio": 0.052549441,
        "operatingIncome": -29200000,
        "operatingIncomeRatio": -0.0074705145,
        "totalOtherIncomeExpensesNet": -370400000,
        "incomeBeforeTax": -399600000,
        "incomeBeforeTaxRatio": -0.1022334792,
        "incomeTaxExpense": 70100000,
        "netIncome": -469700000,
        "netIncomeRatio": -0.1201678307,
        "eps": -2.69,
        "epsdiluted": -2.68,
        "weightedAverageShsOut": 174316920,
        "weightedAverageShsOutDil": 175300000,
        "link": "https://www.sec.gov/Archives/edgar/data/42582/000095015204004172/0000950152-04-004172-index.htm",
        "finalLink": "https://www.sec.gov/Archives/edgar/data/42582/000095015204004172/l07358ae10vk.htm"
    },
    {
        "date": "2003-09-30",
        "symbol": "GT",
        "reportedCurrency": "USD",
        "cik": "0000042582",
        "fillingDate": "2003-11-19",
        "acceptedDate": "2003-11-19 17:25:19",
        "calendarYear": "2003",
        "period": "Q3",
        "revenue": 3906400000,
        "costOfRevenue": 3195600000,
        "grossProfit": 710800000,
        "grossProfitRatio": 0.1819578128,
        "researchAndDevelopmentExpenses": 0,
        "generalAndAdministrativeExpenses": 0,
        "sellingAndMarketingExpenses": 0,
        "sellingGeneralAndAdministrativeExpenses": 586000000,
        "otherExpenses": 0,
        "operatingExpenses": 586000000,
        "costAndExpenses": 3781600000,
        "interestIncome": 0,
        "interestExpense": 0,
        "depreciationAndAmortization": 159300000,
        "ebitda": 284100000,
        "ebitdaratio": 0.0727268073,
        "operatingIncome": 124800000,
        "operatingIncomeRatio": 0.0319475732,
        "totalOtherIncomeExpensesNet": -242900000,
        "incomeBeforeTax": -118100000,
        "incomeBeforeTaxRatio": -0.0302324391,
        "incomeTaxExpense": 1300000,
        "netIncome": -119400000,
        "netIncomeRatio": -0.0305652263,
        "eps": -0.6,
        "epsdiluted": -0.6,
        "weightedAverageShsOut": 175300000,
        "weightedAverageShsOutDil": 175300000,
        "link": "https://www.sec.gov/Archives/edgar/data/42582/000095015203009881/0000950152-03-009881-index.htm",
        "finalLink": "https://www.sec.gov/Archives/edgar/data/42582/000095015203009881/l03460ae10vq.htm"
    },
    {
        "date": "2003-06-30",
        "symbol": "GT",
        "reportedCurrency": "USD",
        "cik": "0000042582",
        "fillingDate": "2003-07-30",
        "acceptedDate": "2003-07-30 17:24:44",
        "calendarYear": "2003",
        "period": "Q2",
        "revenue": 3758200000,
        "costOfRevenue": 3051000000,
        "grossProfit": 707200000,
        "grossProfitRatio": 0.1881751903,
        "researchAndDevelopmentExpenses": 0,
        "generalAndAdministrativeExpenses": 0,
        "sellingAndMarketingExpenses": 0,
        "sellingGeneralAndAdministrativeExpenses": 596500000,
        "otherExpenses": 0,
        "operatingExpenses": 596500000,
        "costAndExpenses": 3647500000,
        "interestIncome": 0,
        "interestExpense": 0,
        "depreciationAndAmortization": 153500000,
        "ebitda": 264200000,
        "ebitdaratio": 0.0702996115,
        "operatingIncome": 110700000,
        "operatingIncomeRatio": 0.0294555904,
        "totalOtherIncomeExpensesNet": -162400000,
        "incomeBeforeTax": -51700000,
        "incomeBeforeTaxRatio": -0.0137565856,
        "incomeTaxExpense": 21900000,
        "netIncome": -73600000,
        "netIncomeRatio": -0.0195838433,
        "eps": -0.42,
        "epsdiluted": -0.42,
        "weightedAverageShsOut": 175300000,
        "weightedAverageShsOutDil": 175300000,
        "link": "https://www.sec.gov/Archives/edgar/data/42582/000095015203007178/0000950152-03-007178-index.htm",
        "finalLink": "https://www.sec.gov/Archives/edgar/data/42582/000095015203007178/l01994ae10vq.htm"
    },
    {
        "date": "2003-03-31",
        "symbol": "GT",
        "reportedCurrency": "USD",
        "cik": "0000042582",
        "fillingDate": "2003-04-30",
        "acceptedDate": "2003-04-30 17:11:13",
        "calendarYear": "2003",
        "period": "Q1",
        "revenue": 3545800000,
        "costOfRevenue": 2962800000,
        "grossProfit": 583000000,
        "grossProfitRatio": 0.164419877,
        "researchAndDevelopmentExpenses": 0,
        "generalAndAdministrativeExpenses": 0,
        "sellingAndMarketingExpenses": 0,
        "sellingGeneralAndAdministrativeExpenses": 571300000,
        "otherExpenses": 0,
        "operatingExpenses": 571300000,
        "costAndExpenses": 3534100000,
        "interestIncome": 0,
        "interestExpense": 0,
        "depreciationAndAmortization": 148200000,
        "ebitda": 159900000,
        "ebitdaratio": 0.0450956061,
        "operatingIncome": 11700000,
        "operatingIncomeRatio": 0.0032996785,
        "totalOtherIncomeExpensesNet": -177200000,
        "incomeBeforeTax": -165500000,
        "incomeBeforeTaxRatio": -0.0466749394,
        "incomeTaxExpense": 0,
        "netIncome": -165500000,
        "netIncomeRatio": -0.0466749394,
        "eps": -0.93,
        "epsdiluted": -0.93,
        "weightedAverageShsOut": 175300000,
        "weightedAverageShsOutDil": 175300000,
        "link": "https://www.sec.gov/Archives/edgar/data/42582/000095015203004825/0000950152-03-004825-index.htm",
        "finalLink": "https://www.sec.gov/Archives/edgar/data/42582/000095015203004825/l00387ae10vq.htm"
    },
    {
        "date": "2002-12-31",
        "symbol": "GT",
        "reportedCurrency": "USD",
        "cik": "0000042582",
        "fillingDate": "2003-04-03",
        "acceptedDate": "2003-04-03 10:16:50",
        "calendarYear": "2002",
        "period": "Q4",
        "revenue": 3530400000,
        "costOfRevenue": 2910500000,
        "grossProfit": 619900000,
        "grossProfitRatio": 0.1755891684,
        "researchAndDevelopmentExpenses": 0,
        "generalAndAdministrativeExpenses": 0,
        "sellingAndMarketingExpenses": 0,
        "sellingGeneralAndAdministrativeExpenses": 580200000,
        "otherExpenses": 330100000,
        "operatingExpenses": 910300000,
        "costAndExpenses": 3820800000,
        "interestIncome": 0,
        "interestExpense": 0,
        "depreciationAndAmortization": 151500000,
        "ebitda": -138900000,
        "ebitdaratio": -0.0393439837,
        "operatingIncome": -290400000,
        "operatingIncomeRatio": -0.082256968,
        "totalOtherIncomeExpensesNet": 252500000,
        "incomeBeforeTax": -37900000,
        "incomeBeforeTaxRatio": -0.0107353274,
        "incomeTaxExpense": 1067300000,
        "netIncome": -1105200000,
        "netIncomeRatio": -0.3130523453,
        "eps": -6.35,
        "epsdiluted": -6.3,
        "weightedAverageShsOut": 174184070,
        "weightedAverageShsOutDil": 175300000,
        "link": "https://www.sec.gov/Archives/edgar/data/42582/000095015203003920/0000950152-03-003920-index.htm",
        "finalLink": "https://www.sec.gov/Archives/edgar/data/42582/000095015203003920/l99117ae10vk.htm"
    },
    {
        "date": "2002-09-30",
        "symbol": "GT",
        "reportedCurrency": "USD",
        "cik": "0000042582",
        "fillingDate": "2002-10-30",
        "acceptedDate": "2002-10-30 17:14:44",
        "calendarYear": "2002",
        "period": "Q3",
        "revenue": 3529400000,
        "costOfRevenue": 2856900000,
        "grossProfit": 672500000,
        "grossProfitRatio": 0.1905423018,
        "researchAndDevelopmentExpenses": 0,
        "generalAndAdministrativeExpenses": 0,
        "sellingAndMarketingExpenses": 0,
        "sellingGeneralAndAdministrativeExpenses": 552100000,
        "otherExpenses": 0,
        "operatingExpenses": 552100000,
        "costAndExpenses": 3409000000,
        "interestIncome": 0,
        "interestExpense": 0,
        "depreciationAndAmortization": 149900000,
        "ebitda": 270300000,
        "ebitdaratio": 0.0765852553,
        "operatingIncome": 120400000,
        "operatingIncomeRatio": 0.034113447,
        "totalOtherIncomeExpensesNet": -66500000,
        "incomeBeforeTax": 53900000,
        "incomeBeforeTaxRatio": 0.0152717176,
        "incomeTaxExpense": 21200000,
        "netIncome": 32700000,
        "netIncomeRatio": 0.0092650309,
        "eps": 0.2,
        "epsdiluted": 0.2,
        "weightedAverageShsOut": 166500000,
        "weightedAverageShsOutDil": 166500000,
        "link": "https://www.sec.gov/Archives/edgar/data/42582/000095015202007911/0000950152-02-007911-index.htm",
        "finalLink": "https://www.sec.gov/Archives/edgar/data/42582/000095015202007911/l96733ae10vq.htm"
    },
    {
        "date": "2002-06-30",
        "symbol": "GT",
        "reportedCurrency": "USD",
        "cik": "0000042582",
        "fillingDate": "2002-08-06",
        "acceptedDate": "2002-08-06 17:30:58",
        "calendarYear": "2002",
        "period": "Q2",
        "revenue": 3478800000,
        "costOfRevenue": 2787400000,
        "grossProfit": 691400000,
        "grossProfitRatio": 0.1987466943,
        "researchAndDevelopmentExpenses": 0,
        "generalAndAdministrativeExpenses": 0,
        "sellingAndMarketingExpenses": 0,
        "sellingGeneralAndAdministrativeExpenses": 557800000,
        "otherExpenses": 0,
        "operatingExpenses": 557800000,
        "costAndExpenses": 3345200000,
        "interestIncome": 0,
        "interestExpense": 0,
        "depreciationAndAmortization": 155400000,
        "ebitda": 289000000,
        "ebitdaratio": 0.0830746234,
        "operatingIncome": 133600000,
        "operatingIncomeRatio": 0.0384040474,
        "totalOtherIncomeExpensesNet": -84400000,
        "incomeBeforeTax": 49200000,
        "incomeBeforeTaxRatio": 0.0141428079,
        "incomeTaxExpense": 20300000,
        "netIncome": 28900000,
        "netIncomeRatio": 0.0083074623,
        "eps": 0.18,
        "epsdiluted": 0.18,
        "weightedAverageShsOut": 163300000,
        "weightedAverageShsOutDil": 164300000,
        "link": "https://www.sec.gov/Archives/edgar/data/42582/000095015202005942/0000950152-02-005942-index.htm",
        "finalLink": "https://www.sec.gov/Archives/edgar/data/42582/000095015202005942/l95306ae10vq.htm"
    },
    {
        "date": "2002-03-31",
        "symbol": "GT",
        "reportedCurrency": "USD",
        "cik": "0000042582",
        "fillingDate": "2002-06-19",
        "acceptedDate": "2002-06-19 15:45:05",
        "calendarYear": "2002",
        "period": "Q1",
        "revenue": 3311200000,
        "costOfRevenue": 2761100000,
        "grossProfit": 550100000,
        "grossProfitRatio": 0.1661331239,
        "researchAndDevelopmentExpenses": 0,
        "generalAndAdministrativeExpenses": 0,
        "sellingAndMarketingExpenses": 0,
        "sellingGeneralAndAdministrativeExpenses": 529400000,
        "otherExpenses": 0,
        "operatingExpenses": 529400000,
        "costAndExpenses": 3290500000,
        "interestIncome": 0,
        "interestExpense": 0,
        "depreciationAndAmortization": 146800000,
        "ebitda": 167500000,
        "ebitdaratio": 0.0505858903,
        "operatingIncome": 20700000,
        "operatingIncomeRatio": 0.00625151,
        "totalOtherIncomeExpensesNet": 64900000,
        "incomeBeforeTax": 85600000,
        "incomeBeforeTaxRatio": 0.025851655,
        "incomeTaxExpense": -22400000,
        "netIncome": -63200000,
        "netIncomeRatio": -0.0190867359,
        "eps": -0.39,
        "epsdiluted": -0.39,
        "weightedAverageShsOut": 163200000,
        "weightedAverageShsOutDil": 163200000,
        "link": "https://www.sec.gov/Archives/edgar/data/42582/000095015202004918/0000950152-02-004918-index.htm",
        "finalLink": "https://www.sec.gov/Archives/edgar/data/42582/000095015202004918/l94895be10vqza.htm"
    },
    {
        "date": "2001-12-31",
        "symbol": "GT",
        "reportedCurrency": "USD",
        "cik": "0000042582",
        "fillingDate": "2002-03-11",
        "acceptedDate": "2002-03-11 00:00:00",
        "calendarYear": "2001",
        "period": "Q4",
        "revenue": 3472600000,
        "costOfRevenue": 2927500000,
        "grossProfit": 545100000,
        "grossProfitRatio": 0.1569717215,
        "researchAndDevelopmentExpenses": 0,
        "generalAndAdministrativeExpenses": 0,
        "sellingAndMarketingExpenses": 0,
        "sellingGeneralAndAdministrativeExpenses": 567100000,
        "otherExpenses": 0,
        "operatingExpenses": 567100000,
        "costAndExpenses": 3494600000,
        "interestIncome": 0,
        "interestExpense": 0,
        "depreciationAndAmortization": 159600000,
        "ebitda": 137600000,
        "ebitdaratio": 0.0396244889,
        "operatingIncome": -22000000,
        "operatingIncomeRatio": -0.0063353107,
        "totalOtherIncomeExpensesNet": -213100000,
        "incomeBeforeTax": -235100000,
        "incomeBeforeTaxRatio": -0.0677014341,
        "incomeTaxExpense": -61100000,
        "netIncome": -174000000,
        "netIncomeRatio": -0.0501065484,
        "eps": -1.07,
        "epsdiluted": -1.07,
        "weightedAverageShsOut": 162245283,
        "weightedAverageShsOutDil": 163200000,
        "link": "https://www.sec.gov/Archives/edgar/data/42582/000095015202001645/0000950152-02-001645-index.htm",
        "finalLink": "https://www.sec.gov/Archives/edgar/data/42582/000095015202001645/l92979ae10-k.htm"
    },
    {
        "date": "2001-09-30",
        "symbol": "GT",
        "reportedCurrency": "USD",
        "cik": "0000042582",
        "fillingDate": "2001-11-14",
        "acceptedDate": "2001-11-14 00:00:00",
        "calendarYear": "2001",
        "period": "Q3",
        "revenue": 3677900000,
        "costOfRevenue": 2994300000,
        "grossProfit": 683600000,
        "grossProfitRatio": 0.1858669349,
        "researchAndDevelopmentExpenses": 0,
        "generalAndAdministrativeExpenses": 0,
        "sellingAndMarketingExpenses": 0,
        "sellingGeneralAndAdministrativeExpenses": 568000000,
        "otherExpenses": 0,
        "operatingExpenses": 568000000,
        "costAndExpenses": 3562300000,
        "interestIncome": 0,
        "interestExpense": 0,
        "depreciationAndAmortization": 154100000,
        "ebitda": 269700000,
        "ebitdaratio": 0.0733298893,
        "operatingIncome": 115600000,
        "operatingIncomeRatio": 0.0314309796,
        "totalOtherIncomeExpensesNet": -104300000,
        "incomeBeforeTax": 11300000,
        "incomeBeforeTaxRatio": 0.0030724054,
        "incomeTaxExpense": 2000000,
        "netIncome": 9300000,
        "netIncomeRatio": 0.0025286169,
        "eps": 0.06,
        "epsdiluted": 0.06,
        "weightedAverageShsOut": 159900000,
        "weightedAverageShsOutDil": 161600000,
        "link": "https://www.sec.gov/Archives/edgar/data/42582/000095015201505869/0000950152-01-505869-index.htm",
        "finalLink": "https://www.sec.gov/Archives/edgar/data/42582/000095015201505869/l90768ae10-q.txt"
    },
    {
        "date": "2001-06-30",
        "symbol": "GT",
        "reportedCurrency": "USD",
        "cik": "0000042582",
        "fillingDate": "2001-08-01",
        "acceptedDate": "2001-08-01 00:00:00",
        "calendarYear": "2001",
        "period": "Q2",
        "revenue": 3582500000,
        "costOfRevenue": 2749500000,
        "grossProfit": 833000000,
        "grossProfitRatio": 0.2325191905,
        "researchAndDevelopmentExpenses": 0,
        "generalAndAdministrativeExpenses": 0,
        "sellingAndMarketingExpenses": 0,
        "sellingGeneralAndAdministrativeExpenses": 565800000,
        "otherExpenses": 162600000,
        "operatingExpenses": 728400000,
        "costAndExpenses": 3477900000,
        "interestIncome": 0,
        "interestExpense": 0,
        "depreciationAndAmortization": 162600000,
        "ebitda": 267200000,
        "ebitdaratio": 0.0745847872,
        "operatingIncome": 104600000,
        "operatingIncomeRatio": 0.0291974878,
        "totalOtherIncomeExpensesNet": -90300000,
        "incomeBeforeTax": 14300000,
        "incomeBeforeTaxRatio": 0.003991626,
        "incomeTaxExpense": 6500000,
        "netIncome": 7800000,
        "netIncomeRatio": 0.0021772505,
        "eps": 0.05,
        "epsdiluted": 0.05,
        "weightedAverageShsOut": 158800000,
        "weightedAverageShsOutDil": 161200000,
        "link": "https://www.sec.gov/Archives/edgar/data/42582/000095015201503479/0000950152-01-503479-index.htm",
        "finalLink": "https://www.sec.gov/Archives/edgar/data/42582/000095015201503479/l89521ae10-q.txt"
    },
    {
        "date": "2001-03-31",
        "symbol": "GT",
        "reportedCurrency": "USD",
        "cik": "0000042582",
        "fillingDate": "2001-05-15",
        "acceptedDate": "2001-05-15 00:00:00",
        "calendarYear": "2001",
        "period": "Q1",
        "revenue": 3414200000,
        "costOfRevenue": 2625200000,
        "grossProfit": 789000000,
        "grossProfitRatio": 0.2310936676,
        "researchAndDevelopmentExpenses": 0,
        "generalAndAdministrativeExpenses": 0,
        "sellingAndMarketingExpenses": 0,
        "sellingGeneralAndAdministrativeExpenses": 547900000,
        "otherExpenses": 160400000,
        "operatingExpenses": 708300000,
        "costAndExpenses": 3333500000,
        "interestIncome": 0,
        "interestExpense": 0,
        "depreciationAndAmortization": 160400000,
        "ebitda": 241100000,
        "ebitdaratio": 0.0706168356,
        "operatingIncome": 80700000,
        "operatingIncomeRatio": 0.0236365767,
        "totalOtherIncomeExpensesNet": -144200000,
        "incomeBeforeTax": -63500000,
        "incomeBeforeTaxRatio": -0.0185987933,
        "incomeTaxExpense": -16800000,
        "netIncome": -46700000,
        "netIncomeRatio": -0.0136781677,
        "eps": -0.3,
        "epsdiluted": -0.3,
        "weightedAverageShsOut": 158200000,
        "weightedAverageShsOutDil": 158200000,
        "link": "https://www.sec.gov/Archives/edgar/data/42582/000095015201501916/0000950152-01-501916-index.htm",
        "finalLink": "https://www.sec.gov/Archives/edgar/data/42582/000095015201501916/l87845ae10-q.txt"
    },
    {
        "date": "2000-12-31",
        "symbol": "GT",
        "reportedCurrency": "USD",
        "cik": "0000042582",
        "fillingDate": "2001-03-30",
        "acceptedDate": "2001-03-30 00:00:00",
        "calendarYear": "2000",
        "period": "Q4",
        "revenue": 3923500000,
        "costOfRevenue": 3087600000,
        "grossProfit": 835900000,
        "grossProfitRatio": 0.2130495731,
        "researchAndDevelopmentExpenses": 0,
        "generalAndAdministrativeExpenses": 0,
        "sellingAndMarketingExpenses": 0,
        "sellingGeneralAndAdministrativeExpenses": 575100000,
        "otherExpenses": 154600000,
        "operatingExpenses": 729700000,
        "costAndExpenses": 3817300000,
        "interestIncome": 0,
        "interestExpense": 0,
        "depreciationAndAmortization": 154600000,
        "ebitda": 260800000,
        "ebitdaratio": 0.0664712629,
        "operatingIncome": 106200000,
        "operatingIncomeRatio": 0.0270676692,
        "totalOtherIncomeExpensesNet": -216400000,
        "incomeBeforeTax": -110200000,
        "incomeBeforeTaxRatio": -0.0280871671,
        "incomeTaxExpense": -33800000,
        "netIncome": -76400000,
        "netIncomeRatio": -0.0194724098,
        "eps": -0.48,
        "epsdiluted": -0.48,
        "weightedAverageShsOut": 157603962,
        "weightedAverageShsOutDil": 158200000,
        "link": "https://www.sec.gov/Archives/edgar/data/42582/000095015201500579/0000950152-01-500579-index.htm",
        "finalLink": "https://www.sec.gov/Archives/edgar/data/42582/000095015201500579/l87385be10-k405a.txt"
    },
    {
        "date": "2000-09-30",
        "symbol": "GT",
        "reportedCurrency": "USD",
        "cik": "0000042582",
        "fillingDate": "2000-10-25",
        "acceptedDate": "2000-10-25 00:00:00",
        "calendarYear": "2000",
        "period": "Q3",
        "revenue": 3619300000,
        "costOfRevenue": 2968800000,
        "grossProfit": 650500000,
        "grossProfitRatio": 0.1797308872,
        "researchAndDevelopmentExpenses": 0,
        "generalAndAdministrativeExpenses": 0,
        "sellingAndMarketingExpenses": 0,
        "sellingGeneralAndAdministrativeExpenses": 549200000,
        "otherExpenses": 0,
        "operatingExpenses": 549200000,
        "costAndExpenses": 3518000000,
        "interestIncome": 0,
        "interestExpense": 0,
        "depreciationAndAmortization": 155500000,
        "ebitda": 256800000,
        "ebitdaratio": 0.0709529467,
        "operatingIncome": 101300000,
        "operatingIncomeRatio": 0.0279888376,
        "totalOtherIncomeExpensesNet": -88700000,
        "incomeBeforeTax": 12600000,
        "incomeBeforeTaxRatio": 0.0034813362,
        "incomeTaxExpense": -4400000,
        "netIncome": 17000000,
        "netIncomeRatio": 0.0046970409,
        "eps": -0.042,
        "epsdiluted": -0.0417,
        "weightedAverageShsOut": 157000000,
        "weightedAverageShsOutDil": 158200000,
        "link": "https://www.sec.gov/Archives/edgar/data/42582/000095015200007422/0000950152-00-007422-index.htm",
        "finalLink": "https://www.sec.gov/Archives/edgar/data/42582/000095015200007422/l84410ae10-q.txt"
    },
    {
        "date": "2000-06-30",
        "symbol": "GT",
        "reportedCurrency": "USD",
        "cik": "0000042582",
        "fillingDate": "2000-07-24",
        "acceptedDate": "2000-07-24 00:00:00",
        "calendarYear": "2000",
        "period": "Q2",
        "revenue": 3607300000,
        "costOfRevenue": 2690800000,
        "grossProfit": 916500000,
        "grossProfitRatio": 0.2540681396,
        "researchAndDevelopmentExpenses": 0,
        "generalAndAdministrativeExpenses": 0,
        "sellingAndMarketingExpenses": 0,
        "sellingGeneralAndAdministrativeExpenses": 553300000,
        "otherExpenses": 159800000,
        "operatingExpenses": 713100000,
        "costAndExpenses": 3403900000,
        "interestIncome": 0,
        "interestExpense": 0,
        "depreciationAndAmortization": 159800000,
        "ebitda": 363200000,
        "ebitdaratio": 0.1006847226,
        "operatingIncome": 203400000,
        "operatingIncomeRatio": 0.0563856624,
        "totalOtherIncomeExpensesNet": -93500000,
        "incomeBeforeTax": 109900000,
        "incomeBeforeTaxRatio": 0.0304659995,
        "incomeTaxExpense": 32800000,
        "netIncome": 77100000,
        "netIncomeRatio": 0.0213733263,
        "eps": 0.38,
        "epsdiluted": 0.38,
        "weightedAverageShsOut": 156400000,
        "weightedAverageShsOutDil": 158700000,
        "link": "https://www.sec.gov/Archives/edgar/data/42582/000095015200005424/0000950152-00-005424-index.htm",
        "finalLink": "https://www.sec.gov/Archives/edgar/data/42582/000095015200005424/e10-q.txt"
    },
    {
        "date": "2000-03-31",
        "symbol": "GT",
        "reportedCurrency": "USD",
        "cik": "0000042582",
        "fillingDate": "2000-04-14",
        "acceptedDate": "2000-04-14 00:00:00",
        "calendarYear": "2000",
        "period": "Q1",
        "revenue": 3536500000,
        "costOfRevenue": 2628200000,
        "grossProfit": 908300000,
        "grossProfitRatio": 0.2568358547,
        "researchAndDevelopmentExpenses": 0,
        "generalAndAdministrativeExpenses": 0,
        "sellingAndMarketingExpenses": 0,
        "sellingGeneralAndAdministrativeExpenses": 559700000,
        "otherExpenses": 160400000,
        "operatingExpenses": 720100000,
        "costAndExpenses": 3348300000,
        "interestIncome": 0,
        "interestExpense": 0,
        "depreciationAndAmortization": 160400000,
        "ebitda": 348600000,
        "ebitdaratio": 0.0985720345,
        "operatingIncome": 188200000,
        "operatingIncomeRatio": 0.0532164569,
        "totalOtherIncomeExpensesNet": -87700000,
        "incomeBeforeTax": 100500000,
        "incomeBeforeTaxRatio": 0.0284179273,
        "incomeTaxExpense": 36900000,
        "netIncome": 63600000,
        "netIncomeRatio": 0.0179838824,
        "eps": 0.41,
        "epsdiluted": 0.4,
        "weightedAverageShsOut": 156300000,
        "weightedAverageShsOutDil": 158700000,
        "link": "https://www.sec.gov/Archives/edgar/data/42582/000095015200002898/0000950152-00-002898-index.html",
        "finalLink": "https://www.sec.gov/Archives/edgar/data/42582/000095015200002898/"
    },
    {
        "date": "1999-12-31",
        "symbol": "GT",
        "reportedCurrency": "USD",
        "cik": "0000042582",
        "fillingDate": "2000-03-06",
        "acceptedDate": "2000-03-06 00:00:00",
        "calendarYear": "1999",
        "period": "Q4",
        "revenue": 3551900000,
        "costOfRevenue": 2632100000,
        "grossProfit": 919800000,
        "grossProfitRatio": 0.2589599932,
        "researchAndDevelopmentExpenses": 0,
        "generalAndAdministrativeExpenses": 0,
        "sellingAndMarketingExpenses": 0,
        "sellingGeneralAndAdministrativeExpenses": 581300000,
        "otherExpenses": 188100000,
        "operatingExpenses": 769400000,
        "costAndExpenses": 3401500000,
        "interestIncome": 0,
        "interestExpense": 0,
        "depreciationAndAmortization": 188100000,
        "ebitda": 338500000,
        "ebitdaratio": 0.0953011065,
        "operatingIncome": 150400000,
        "operatingIncomeRatio": 0.0423435344,
        "totalOtherIncomeExpensesNet": -88300000,
        "incomeBeforeTax": 62100000,
        "incomeBeforeTaxRatio": 0.0174836003,
        "incomeTaxExpense": 21300000,
        "netIncome": 40800000,
        "netIncomeRatio": 0.0114868099,
        "eps": 0.26,
        "epsdiluted": 0.26,
        "weightedAverageShsOut": 155274891,
        "weightedAverageShsOutDil": 156300000,
        "link": "https://www.sec.gov/Archives/edgar/data/42582/000095015200001479/0000950152-00-001479-index.html",
        "finalLink": "https://www.sec.gov/Archives/edgar/data/42582/000095015200001479/"
    },
    {
        "date": "1999-09-30",
        "symbol": "GT",
        "reportedCurrency": "USD",
        "cik": "0000042582",
        "fillingDate": "1999-11-12",
        "acceptedDate": "1999-11-12 00:00:00",
        "calendarYear": "1999",
        "period": "Q3",
        "revenue": 3288800000,
        "costOfRevenue": 2624400000,
        "grossProfit": 664400000,
        "grossProfitRatio": 0.2020189735,
        "researchAndDevelopmentExpenses": 0,
        "generalAndAdministrativeExpenses": 0,
        "sellingAndMarketingExpenses": 0,
        "sellingGeneralAndAdministrativeExpenses": 515400000,
        "otherExpenses": 140200000,
        "operatingExpenses": 655600000,
        "costAndExpenses": 3280000000,
        "interestIncome": 0,
        "interestExpense": 0,
        "depreciationAndAmortization": 140200000,
        "ebitda": 149000000,
        "ebitdaratio": 0.0453052785,
        "operatingIncome": 8800000,
        "operatingIncomeRatio": 0.002675748,
        "totalOtherIncomeExpensesNet": 96100000,
        "incomeBeforeTax": 104900000,
        "incomeBeforeTaxRatio": 0.0318961323,
        "incomeTaxExpense": -4200000,
        "netIncome": 109100000,
        "netIncomeRatio": 0.0331731939,
        "eps": 0.7,
        "epsdiluted": 0.69,
        "weightedAverageShsOut": 155857143,
        "weightedAverageShsOutDil": 158115942,
        "link": "https://www.sec.gov/Archives/edgar/data/42582/000095015299009016/0000950152-99-009016-index.html",
        "finalLink": "https://www.sec.gov/Archives/edgar/data/42582/000095015299009016/"
    },
    {
        "date": "1999-06-30",
        "symbol": "GT",
        "reportedCurrency": "USD",
        "cik": "0000042582",
        "fillingDate": "1999-08-10",
        "acceptedDate": "1999-08-10 00:00:00",
        "calendarYear": "1999",
        "period": "Q2",
        "revenue": 3048700000,
        "costOfRevenue": 2315300000,
        "grossProfit": 733400000,
        "grossProfitRatio": 0.2405615508,
        "researchAndDevelopmentExpenses": 0,
        "generalAndAdministrativeExpenses": 0,
        "sellingAndMarketingExpenses": 0,
        "sellingGeneralAndAdministrativeExpenses": 475200000,
        "otherExpenses": 119900000,
        "operatingExpenses": 595100000,
        "costAndExpenses": 2910400000,
        "interestIncome": 0,
        "interestExpense": 0,
        "depreciationAndAmortization": 113300000,
        "ebitda": 258200000,
        "ebitdaratio": 0.0846918359,
        "operatingIncome": 138300000,
        "operatingIncomeRatio": 0.0453635976,
        "totalOtherIncomeExpensesNet": -43300000,
        "incomeBeforeTax": 95000000,
        "incomeBeforeTaxRatio": 0.0311608226,
        "incomeTaxExpense": 29300000,
        "netIncome": 65700000,
        "netIncomeRatio": 0.0215501689,
        "eps": 0.42,
        "epsdiluted": 0.41,
        "weightedAverageShsOut": 156428571,
        "weightedAverageShsOutDil": 160243902,
        "link": "https://www.sec.gov/Archives/edgar/data/42582/000095015299006544/0000950152-99-006544-index.html",
        "finalLink": "https://www.sec.gov/Archives/edgar/data/42582/000095015299006544/"
    },
    {
        "date": "1999-03-31",
        "symbol": "GT",
        "reportedCurrency": "USD",
        "cik": "0000042582",
        "fillingDate": "1999-05-14",
        "acceptedDate": "1999-05-14 00:00:00",
        "calendarYear": "1999",
        "period": "Q1",
        "revenue": 2991200000,
        "costOfRevenue": 2191300000,
        "grossProfit": 799900000,
        "grossProfitRatio": 0.2674177588,
        "researchAndDevelopmentExpenses": 0,
        "generalAndAdministrativeExpenses": 0,
        "sellingAndMarketingExpenses": 0,
        "sellingGeneralAndAdministrativeExpenses": 444800000,
        "otherExpenses": 140100000,
        "operatingExpenses": 584900000,
        "costAndExpenses": 2776200000,
        "interestIncome": 0,
        "interestExpense": 0,
        "depreciationAndAmortization": 140100000,
        "ebitda": 355100000,
        "ebitdaratio": 0.118714897,
        "operatingIncome": 215000000,
        "operatingIncomeRatio": 0.0718775074,
        "totalOtherIncomeExpensesNet": -180300000,
        "incomeBeforeTax": 34700000,
        "incomeBeforeTaxRatio": 0.0116006954,
        "incomeTaxExpense": 9200000,
        "netIncome": 25500000,
        "netIncomeRatio": 0.0085250067,
        "eps": 0.16,
        "epsdiluted": 0.16,
        "weightedAverageShsOut": 156000000,
        "weightedAverageShsOutDil": 157800000,
        "link": "https://www.sec.gov/Archives/edgar/data/42582/000095015299004446/0000950152-99-004446-index.html",
        "finalLink": "https://www.sec.gov/Archives/edgar/data/42582/"
    },
    {
        "date": "1998-12-31",
        "symbol": "GT",
        "reportedCurrency": "USD",
        "cik": "0000042582",
        "fillingDate": "1999-03-26",
        "acceptedDate": "1999-03-26 00:00:00",
        "calendarYear": "1998",
        "period": "Q4",
        "revenue": 3203100000,
        "costOfRevenue": 2343200000,
        "grossProfit": 859900000,
        "grossProfitRatio": 0.2684586807,
        "researchAndDevelopmentExpenses": 0,
        "generalAndAdministrativeExpenses": 0,
        "sellingAndMarketingExpenses": 0,
        "sellingGeneralAndAdministrativeExpenses": 498700000,
        "otherExpenses": 136000000,
        "operatingExpenses": 634700000,
        "costAndExpenses": 2977900000,
        "interestIncome": 0,
        "interestExpense": 0,
        "depreciationAndAmortization": 136000000,
        "ebitda": 361200000,
        "ebitdaratio": 0.1127657582,
        "operatingIncome": 225200000,
        "operatingIncomeRatio": 0.0703068902,
        "totalOtherIncomeExpensesNet": -55300000,
        "incomeBeforeTax": 169900000,
        "incomeBeforeTaxRatio": 0.0530423652,
        "incomeTaxExpense": 48400000,
        "netIncome": 121500000,
        "netIncomeRatio": 0.0379320034,
        "eps": 0.76,
        "epsdiluted": 0.76,
        "weightedAverageShsOut": 156591492,
        "weightedAverageShsOutDil": 159375000,
        "link": "https://www.sec.gov/Archives/edgar/data/42582/000095015299002469/0000950152-99-002469-index.html",
        "finalLink": "https://www.sec.gov/Archives/edgar/data/42582/"
    },
    {
        "date": "1998-09-30",
        "symbol": "GT",
        "reportedCurrency": "USD",
        "cik": "0000042582",
        "fillingDate": "1998-10-22",
        "acceptedDate": "1998-10-22 00:00:00",
        "calendarYear": "1998",
        "period": "Q3",
        "revenue": 3191700000,
        "costOfRevenue": 2348400000,
        "grossProfit": 843300000,
        "grossProfitRatio": 0.2642165617,
        "researchAndDevelopmentExpenses": 0,
        "generalAndAdministrativeExpenses": 0,
        "sellingAndMarketingExpenses": 0,
        "sellingGeneralAndAdministrativeExpenses": 471500000,
        "otherExpenses": 121400000,
        "operatingExpenses": 592900000,
        "costAndExpenses": 2941300000,
        "interestIncome": 0,
        "interestExpense": 0,
        "depreciationAndAmortization": 121400000,
        "ebitda": 371800000,
        "ebitdaratio": 0.116489645,
        "operatingIncome": 250400000,
        "operatingIncomeRatio": 0.0784534887,
        "totalOtherIncomeExpensesNet": -6500000,
        "incomeBeforeTax": 243900000,
        "incomeBeforeTaxRatio": 0.0764169565,
        "incomeTaxExpense": 58900000,
        "netIncome": 185000000,
        "netIncomeRatio": 0.0579628411,
        "eps": 1.19,
        "epsdiluted": 1.17,
        "weightedAverageShsOut": 155462185,
        "weightedAverageShsOutDil": 158119658,
        "link": "https://www.sec.gov/Archives/edgar/data/42582/000095015298008274/0000950152-98-008274-index.html",
        "finalLink": "https://www.sec.gov/Archives/edgar/data/42582/"
    },
    {
        "date": "1998-06-30",
        "symbol": "GT",
        "reportedCurrency": "USD",
        "cik": "0000042582",
        "fillingDate": "1998-07-16",
        "acceptedDate": "1998-07-16 00:00:00",
        "calendarYear": "1998",
        "period": "Q2",
        "revenue": 3137500000,
        "costOfRevenue": 2286700000,
        "grossProfit": 850800000,
        "grossProfitRatio": 0.2711713147,
        "researchAndDevelopmentExpenses": 0,
        "generalAndAdministrativeExpenses": 0,
        "sellingAndMarketingExpenses": 0,
        "sellingGeneralAndAdministrativeExpenses": 451900000,
        "otherExpenses": 106000000,
        "operatingExpenses": 557900000,
        "costAndExpenses": 2844600000,
        "interestIncome": 0,
        "interestExpense": 0,
        "depreciationAndAmortization": 116100000,
        "ebitda": 409000000,
        "ebitdaratio": 0.1303585657,
        "operatingIncome": 292900000,
        "operatingIncomeRatio": 0.0933545817,
        "totalOtherIncomeExpensesNet": -28000000,
        "incomeBeforeTax": 264900000,
        "incomeBeforeTaxRatio": 0.0844302789,
        "incomeTaxExpense": 65900000,
        "netIncome": 199000000,
        "netIncomeRatio": 0.0634262948,
        "eps": 1.26,
        "epsdiluted": 1.25,
        "weightedAverageShsOut": 157936508,
        "weightedAverageShsOutDil": 159200000,
        "link": "https://www.sec.gov/Archives/edgar/data/42582/000095015298006010/0000950152-98-006010-index.html",
        "finalLink": "https://www.sec.gov/Archives/edgar/data/42582/"
    },
    {
        "date": "1998-03-31",
        "symbol": "GT",
        "reportedCurrency": "USD",
        "cik": "0000042582",
        "fillingDate": "1998-04-16",
        "acceptedDate": "1998-04-16 00:00:00",
        "calendarYear": "1998",
        "period": "Q1",
        "revenue": 3094000000,
        "costOfRevenue": 2216900000,
        "grossProfit": 877100000,
        "grossProfitRatio": 0.2834841629,
        "researchAndDevelopmentExpenses": 0,
        "generalAndAdministrativeExpenses": 0,
        "sellingAndMarketingExpenses": 0,
        "sellingGeneralAndAdministrativeExpenses": 459000000,
        "otherExpenses": 114300000,
        "operatingExpenses": 573300000,
        "costAndExpenses": 2790200000,
        "interestIncome": 0,
        "interestExpense": 0,
        "depreciationAndAmortization": 114300000,
        "ebitda": 418100000,
        "ebitdaratio": 0.1351325145,
        "operatingIncome": 303800000,
        "operatingIncomeRatio": 0.0981900452,
        "totalOtherIncomeExpensesNet": 20200000,
        "incomeBeforeTax": 324000000,
        "incomeBeforeTaxRatio": 0.1047188106,
        "incomeTaxExpense": 112500000,
        "netIncome": 176800000,
        "netIncomeRatio": 0.0571428571,
        "eps": 1.13,
        "epsdiluted": 1.11,
        "weightedAverageShsOut": 156460177,
        "weightedAverageShsOutDil": 159279279,
        "link": "https://www.sec.gov/Archives/edgar/data/42582/000095015298003336/0000950152-98-003336-index.html",
        "finalLink": "https://www.sec.gov/Archives/edgar/data/42582/"
    },
    {
        "date": "1997-12-31",
        "symbol": "GT",
        "reportedCurrency": "USD",
        "cik": "0000042582",
        "fillingDate": "1998-11-10",
        "acceptedDate": "1998-11-10 00:00:00",
        "calendarYear": "1997",
        "period": "Q4",
        "revenue": 3284200000,
        "costOfRevenue": 2388900000,
        "grossProfit": 895300000,
        "grossProfitRatio": 0.2726082455,
        "researchAndDevelopmentExpenses": 0,
        "generalAndAdministrativeExpenses": 0,
        "sellingAndMarketingExpenses": 0,
        "sellingGeneralAndAdministrativeExpenses": 492900000,
        "otherExpenses": 118400000,
        "operatingExpenses": 611300000,
        "costAndExpenses": 3000200000,
        "interestIncome": 0,
        "interestExpense": 0,
        "depreciationAndAmortization": 118400000,
        "ebitda": 402400000,
        "ebitdaratio": 0.1225260337,
        "operatingIncome": 284000000,
        "operatingIncomeRatio": 0.0864746361,
        "totalOtherIncomeExpensesNet": -290800000,
        "incomeBeforeTax": -6800000,
        "incomeBeforeTaxRatio": -0.0020705195,
        "incomeTaxExpense": -8800000,
        "netIncome": 2000000,
        "netIncomeRatio": 0.0006089763,
        "eps": 0.0126,
        "epsdiluted": 0.0126,
        "weightedAverageShsOut": 156430684,
        "weightedAverageShsOutDil": 159279279,
        "link": "https://www.sec.gov/Archives/edgar/data/42582/000095015298008683/0000950152-98-008683-index.html",
        "finalLink": "https://www.sec.gov/Archives/edgar/data/42582/"
    },
    {
        "date": "1997-09-30",
        "symbol": "GT",
        "reportedCurrency": "USD",
        "cik": "0000042582",
        "fillingDate": "1997-10-21",
        "acceptedDate": "1997-10-21 00:00:00",
        "calendarYear": "1997",
        "period": "Q3",
        "revenue": 3298700000,
        "costOfRevenue": 2422800000,
        "grossProfit": 875900000,
        "grossProfitRatio": 0.2655288447,
        "researchAndDevelopmentExpenses": 0,
        "generalAndAdministrativeExpenses": 0,
        "sellingAndMarketingExpenses": 0,
        "sellingGeneralAndAdministrativeExpenses": 465800000,
        "otherExpenses": 113500000,
        "operatingExpenses": 579300000,
        "costAndExpenses": 3002100000,
        "interestIncome": 0,
        "interestExpense": 0,
        "depreciationAndAmortization": 106200000,
        "ebitda": 410100000,
        "ebitdaratio": 0.1243217025,
        "operatingIncome": 296600000,
        "operatingIncomeRatio": 0.0899142086,
        "totalOtherIncomeExpensesNet": -37500000,
        "incomeBeforeTax": 259100000,
        "incomeBeforeTaxRatio": 0.0785460939,
        "incomeTaxExpense": 74300000,
        "netIncome": 194100000,
        "netIncomeRatio": 0.0588413617,
        "eps": 1.25,
        "epsdiluted": 1.22,
        "weightedAverageShsOut": 155280000,
        "weightedAverageShsOutDil": 159098361,
        "link": "https://www.sec.gov/Archives/edgar/data/42582/000095015297007305/0000950152-97-007305-index.html",
        "finalLink": "https://www.sec.gov/Archives/edgar/data/42582/"
    },
    {
        "date": "1997-06-30",
        "symbol": "GT",
        "reportedCurrency": "USD",
        "cik": "0000042582",
        "fillingDate": "1997-07-22",
        "acceptedDate": "1997-07-22 00:00:00",
        "calendarYear": "1997",
        "period": "Q2",
        "revenue": 3315500000,
        "costOfRevenue": 2411500000,
        "grossProfit": 904000000,
        "grossProfitRatio": 0.2726587242,
        "researchAndDevelopmentExpenses": 0,
        "generalAndAdministrativeExpenses": 0,
        "sellingAndMarketingExpenses": 0,
        "sellingGeneralAndAdministrativeExpenses": 463300000,
        "otherExpenses": 121300000,
        "operatingExpenses": 584600000,
        "costAndExpenses": 2996100000,
        "interestIncome": 0,
        "interestExpense": 0,
        "depreciationAndAmortization": 125600000,
        "ebitda": 445000000,
        "ebitdaratio": 0.1342180667,
        "operatingIncome": 319400000,
        "operatingIncomeRatio": 0.0963353944,
        "totalOtherIncomeExpensesNet": -44400000,
        "incomeBeforeTax": 275000000,
        "incomeBeforeTaxRatio": 0.0829437491,
        "incomeTaxExpense": 82800000,
        "netIncome": 192200000,
        "netIncomeRatio": 0.0579701403,
        "eps": 1.23,
        "epsdiluted": 1.23,
        "weightedAverageShsOut": 156260163,
        "weightedAverageShsOutDil": 156260163,
        "link": "https://www.sec.gov/Archives/edgar/data/42582/000095015297005277/0000950152-97-005277-index.html",
        "finalLink": "https://www.sec.gov/Archives/edgar/data/42582/"
    },
    {
        "date": "1997-03-31",
        "symbol": "GT",
        "reportedCurrency": "USD",
        "cik": "0000042582",
        "fillingDate": "1997-04-14",
        "acceptedDate": "1997-04-14 00:00:00",
        "calendarYear": "1997",
        "period": "Q1",
        "revenue": 3208700000,
        "costOfRevenue": 2341300000,
        "grossProfit": 867400000,
        "grossProfitRatio": 0.270327547,
        "researchAndDevelopmentExpenses": 0,
        "generalAndAdministrativeExpenses": 0,
        "sellingAndMarketingExpenses": 0,
        "sellingGeneralAndAdministrativeExpenses": 466300000,
        "otherExpenses": 111800000,
        "operatingExpenses": 578100000,
        "costAndExpenses": 2919400000,
        "interestIncome": 0,
        "interestExpense": 0,
        "depreciationAndAmortization": 111800000,
        "ebitda": 401100000,
        "ebitdaratio": 0.1250038957,
        "operatingIncome": 289300000,
        "operatingIncomeRatio": 0.0901611244,
        "totalOtherIncomeExpensesNet": -47000000,
        "incomeBeforeTax": 242300000,
        "incomeBeforeTaxRatio": 0.0755134478,
        "incomeTaxExpense": 82100000,
        "netIncome": 170400000,
        "netIncomeRatio": 0.0531056191,
        "eps": 1.09,
        "epsdiluted": 1.09,
        "weightedAverageShsOut": 156330275,
        "weightedAverageShsOutDil": 156330275,
        "link": "https://www.sec.gov/Archives/edgar/data/42582/000095015297002814/0000950152-97-002814-index.html",
        "finalLink": "https://www.sec.gov/Archives/edgar/data/42582/"
    },
    {
        "date": "1996-12-31",
        "symbol": "GT",
        "reportedCurrency": "USD",
        "cik": "0000042582",
        "fillingDate": "1997-03-25",
        "acceptedDate": "1997-03-25 00:00:00",
        "calendarYear": "1996",
        "period": "Q4",
        "revenue": 3270100000,
        "costOfRevenue": 2360600000,
        "grossProfit": 909500000,
        "grossProfitRatio": 0.2781260512,
        "researchAndDevelopmentExpenses": 0,
        "generalAndAdministrativeExpenses": 0,
        "sellingAndMarketingExpenses": 0,
        "sellingGeneralAndAdministrativeExpenses": 488600000,
        "otherExpenses": 105600000,
        "operatingExpenses": 594200000,
        "costAndExpenses": 2954800000,
        "interestIncome": 0,
        "interestExpense": 0,
        "depreciationAndAmortization": 105600000,
        "ebitda": 420900000,
        "ebitdaratio": 0.1287116602,
        "operatingIncome": 315300000,
        "operatingIncomeRatio": 0.0964190698,
        "totalOtherIncomeExpensesNet": -954000000,
        "incomeBeforeTax": -638700000,
        "incomeBeforeTaxRatio": -0.195315128,
        "incomeTaxExpense": -230500000,
        "netIncome": -408200000,
        "netIncomeRatio": -0.1248279869,
        "eps": -2.7,
        "epsdiluted": -2.61,
        "weightedAverageShsOut": 151409229,
        "weightedAverageShsOutDil": 156330275,
        "link": "https://www.sec.gov/Archives/edgar/data/42582/000095015297002174/0000950152-97-002174-index.html",
        "finalLink": "https://www.sec.gov/Archives/edgar/data/42582/"
    },
    {
        "date": "1996-09-30",
        "symbol": "GT",
        "reportedCurrency": "USD",
        "cik": "0000042582",
        "fillingDate": "1996-11-07",
        "acceptedDate": "1996-11-07 00:00:00",
        "calendarYear": "1996",
        "period": "Q3",
        "revenue": 3267700000,
        "costOfRevenue": 2390300000,
        "grossProfit": 877400000,
        "grossProfitRatio": 0.2685069009,
        "researchAndDevelopmentExpenses": 0,
        "generalAndAdministrativeExpenses": 0,
        "sellingAndMarketingExpenses": 0,
        "sellingGeneralAndAdministrativeExpenses": 461400000,
        "otherExpenses": 129200000,
        "operatingExpenses": 590600000,
        "costAndExpenses": 2980900000,
        "interestIncome": 0,
        "interestExpense": 0,
        "depreciationAndAmortization": 129200000,
        "ebitda": 416000000,
        "ebitdaratio": 0.1273066683,
        "operatingIncome": 286800000,
        "operatingIncomeRatio": 0.087768155,
        "totalOtherIncomeExpensesNet": -32800000,
        "incomeBeforeTax": 254000000,
        "incomeBeforeTaxRatio": 0.0777305138,
        "incomeTaxExpense": 83800000,
        "netIncome": 170200000,
        "netIncomeRatio": 0.0520855648,
        "eps": 1.09,
        "epsdiluted": 1.09,
        "weightedAverageShsOut": 156146789,
        "weightedAverageShsOutDil": 156146789,
        "link": "https://www.sec.gov/Archives/edgar/data/42582/000095015296005741/0000950152-96-005741-index.html",
        "finalLink": "https://www.sec.gov/Archives/edgar/data/42582/"
    },
    {
        "date": "1996-06-30",
        "symbol": "GT",
        "reportedCurrency": "USD",
        "cik": "0000042582",
        "fillingDate": "1996-07-25",
        "acceptedDate": "1996-07-25 00:00:00",
        "calendarYear": "1996",
        "period": "Q2",
        "revenue": 3329500000,
        "costOfRevenue": 2419900000,
        "grossProfit": 909600000,
        "grossProfitRatio": 0.2731941733,
        "researchAndDevelopmentExpenses": 0,
        "generalAndAdministrativeExpenses": 0,
        "sellingAndMarketingExpenses": 0,
        "sellingGeneralAndAdministrativeExpenses": 463400000,
        "otherExpenses": 114400000,
        "operatingExpenses": 577800000,
        "costAndExpenses": 2997700000,
        "interestIncome": 0,
        "interestExpense": 0,
        "depreciationAndAmortization": 114400000,
        "ebitda": 446200000,
        "ebitdaratio": 0.1340141162,
        "operatingIncome": 331800000,
        "operatingIncomeRatio": 0.0996546028,
        "totalOtherIncomeExpensesNet": -58300000,
        "incomeBeforeTax": 273500000,
        "incomeBeforeTaxRatio": 0.0821444661,
        "incomeTaxExpense": 85600000,
        "netIncome": 187900000,
        "netIncomeRatio": 0.0564349001,
        "eps": 1.22,
        "epsdiluted": 1.22,
        "weightedAverageShsOut": 154016393,
        "weightedAverageShsOutDil": 154016393,
        "link": "https://www.sec.gov/Archives/edgar/data/42582/000095015296003574/0000950152-96-003574-index.html",
        "finalLink": "https://www.sec.gov/Archives/edgar/data/42582/"
    },
    {
        "date": "1996-03-31",
        "symbol": "GT",
        "reportedCurrency": "USD",
        "cik": "0000042582",
        "fillingDate": "1996-05-13",
        "acceptedDate": "1996-05-13 00:00:00",
        "calendarYear": "1996",
        "period": "Q1",
        "revenue": 3245500000,
        "costOfRevenue": 2369600000,
        "grossProfit": 875900000,
        "grossProfitRatio": 0.2698813742,
        "researchAndDevelopmentExpenses": 0,
        "generalAndAdministrativeExpenses": 0,
        "sellingAndMarketingExpenses": 0,
        "sellingGeneralAndAdministrativeExpenses": 471000000,
        "otherExpenses": 111600000,
        "operatingExpenses": 582600000,
        "costAndExpenses": 2952200000,
        "interestIncome": 0,
        "interestExpense": 0,
        "depreciationAndAmortization": 111600000,
        "ebitda": 404900000,
        "ebitdaratio": 0.1247573563,
        "operatingIncome": 293300000,
        "operatingIncomeRatio": 0.0903712833,
        "totalOtherIncomeExpensesNet": -59800000,
        "incomeBeforeTax": 233500000,
        "incomeBeforeTaxRatio": 0.0719457711,
        "incomeTaxExpense": 81700000,
        "netIncome": 151800000,
        "netIncomeRatio": 0.0467724542,
        "eps": 0.98,
        "epsdiluted": 0.98,
        "weightedAverageShsOut": 154897959,
        "weightedAverageShsOutDil": 154897959,
        "link": "https://www.sec.gov/Archives/edgar/data/42582/000095015296002276/0000950152-96-002276-index.html",
        "finalLink": "https://www.sec.gov/Archives/edgar/data/42582/"
    },
    {
        "date": "1995-12-31",
        "symbol": "GT",
        "reportedCurrency": "USD",
        "cik": "0000042582",
        "fillingDate": "1996-03-20",
        "acceptedDate": "1996-03-20 00:00:00",
        "calendarYear": "1995",
        "period": "Q4",
        "revenue": 3266700000,
        "costOfRevenue": 2383500000,
        "grossProfit": 883200000,
        "grossProfitRatio": 0.2703645881,
        "researchAndDevelopmentExpenses": 0,
        "generalAndAdministrativeExpenses": 0,
        "sellingAndMarketingExpenses": 0,
        "sellingGeneralAndAdministrativeExpenses": 505300000,
        "otherExpenses": 113700000,
        "operatingExpenses": 619000000,
        "costAndExpenses": 3002500000,
        "interestIncome": 0,
        "interestExpense": 0,
        "depreciationAndAmortization": 113700000,
        "ebitda": 377900000,
        "ebitdaratio": 0.115682493,
        "operatingIncome": 264200000,
        "operatingIncomeRatio": 0.0808767257,
        "totalOtherIncomeExpensesNet": -42400000,
        "incomeBeforeTax": 221800000,
        "incomeBeforeTaxRatio": 0.0678972664,
        "incomeTaxExpense": 75400000,
        "netIncome": 146400000,
        "netIncomeRatio": 0.0448158692,
        "eps": 0.95,
        "epsdiluted": 0.95,
        "weightedAverageShsOut": 152985248,
        "weightedAverageShsOutDil": 154897959,
        "link": "https://www.sec.gov/Archives/edgar/data/42582/000095015296001068/0000950152-96-001068-index.html",
        "finalLink": "https://www.sec.gov/Archives/edgar/data/42582/"
    },
    {
        "date": "1995-09-30",
        "symbol": "GT",
        "reportedCurrency": "USD",
        "cik": "0000042582",
        "fillingDate": "1995-11-13",
        "acceptedDate": "1995-11-13 00:00:00",
        "calendarYear": "1995",
        "period": "Q3",
        "revenue": 3305100000,
        "costOfRevenue": 2345600000,
        "grossProfit": 959500000,
        "grossProfitRatio": 0.2903089165,
        "researchAndDevelopmentExpenses": 0,
        "generalAndAdministrativeExpenses": 0,
        "sellingAndMarketingExpenses": 0,
        "sellingGeneralAndAdministrativeExpenses": 470000000,
        "otherExpenses": 212800000,
        "operatingExpenses": 682800000,
        "costAndExpenses": 3028400000,
        "interestIncome": 0,
        "interestExpense": 0,
        "depreciationAndAmortization": 108400000,
        "ebitda": 489500000,
        "ebitdaratio": 0.1481044446,
        "operatingIncome": 276700000,
        "operatingIncomeRatio": 0.0837191008,
        "totalOtherIncomeExpensesNet": -45200000,
        "incomeBeforeTax": 231500000,
        "incomeBeforeTaxRatio": 0.0700432665,
        "incomeTaxExpense": 74000000,
        "netIncome": 157500000,
        "netIncomeRatio": 0.0476536262,
        "eps": 1.03,
        "epsdiluted": 1.03,
        "weightedAverageShsOut": 152912621,
        "weightedAverageShsOutDil": 152912621,
        "link": "https://www.sec.gov/Archives/edgar/data/42582/000095015295002577/0000950152-95-002577-index.html",
        "finalLink": "https://www.sec.gov/Archives/edgar/data/42582/"
    },
    {
        "date": "1995-06-30",
        "symbol": "GT",
        "reportedCurrency": "USD",
        "cik": "0000042582",
        "fillingDate": "1995-08-14",
        "acceptedDate": "1995-08-14 00:00:00",
        "calendarYear": "1995",
        "period": "Q2",
        "revenue": 3350800000,
        "costOfRevenue": 2443000000,
        "grossProfit": 907800000,
        "grossProfitRatio": 0.2709203772,
        "researchAndDevelopmentExpenses": 0,
        "generalAndAdministrativeExpenses": 0,
        "sellingAndMarketingExpenses": 0,
        "sellingGeneralAndAdministrativeExpenses": 478100000,
        "otherExpenses": 107600000,
        "operatingExpenses": 585700000,
        "costAndExpenses": 3028700000,
        "interestIncome": 0,
        "interestExpense": 0,
        "depreciationAndAmortization": 107600000,
        "ebitda": 429700000,
        "ebitdaratio": 0.1282380327,
        "operatingIncome": 322100000,
        "operatingIncomeRatio": 0.0961262982,
        "totalOtherIncomeExpensesNet": -54700000,
        "incomeBeforeTax": 267400000,
        "incomeBeforeTaxRatio": 0.0798018384,
        "incomeTaxExpense": 93600000,
        "netIncome": 173800000,
        "netIncomeRatio": 0.0518682106,
        "eps": 1.15,
        "epsdiluted": 1.15,
        "weightedAverageShsOut": 151130435,
        "weightedAverageShsOutDil": 151130435,
        "link": "https://www.sec.gov/Archives/edgar/data/42582/000095015295001786/0000950152-95-001786-index.html",
        "finalLink": "https://www.sec.gov/Archives/edgar/data/42582/"
    },
    {
        "date": "1995-03-31",
        "symbol": "GT",
        "reportedCurrency": "USD",
        "cik": "0000042582",
        "fillingDate": "1995-05-11",
        "acceptedDate": "1995-05-11 00:00:00",
        "calendarYear": "1995",
        "period": "Q1",
        "revenue": 3243300000,
        "costOfRevenue": 2382200000,
        "grossProfit": 861100000,
        "grossProfitRatio": 0.2655011871,
        "researchAndDevelopmentExpenses": 0,
        "generalAndAdministrativeExpenses": 0,
        "sellingAndMarketingExpenses": 0,
        "sellingGeneralAndAdministrativeExpenses": 483500000,
        "otherExpenses": 105200000,
        "operatingExpenses": 588700000,
        "costAndExpenses": 2970900000,
        "interestIncome": 0,
        "interestExpense": 0,
        "depreciationAndAmortization": 105200000,
        "ebitda": 377600000,
        "ebitdaratio": 0.1164246292,
        "operatingIncome": 272400000,
        "operatingIncomeRatio": 0.0839885302,
        "totalOtherIncomeExpensesNet": -67300000,
        "incomeBeforeTax": 205100000,
        "incomeBeforeTaxRatio": 0.06323806,
        "incomeTaxExpense": 71800000,
        "netIncome": 133300000,
        "netIncomeRatio": 0.0411001141,
        "eps": 0.88,
        "epsdiluted": 0.88,
        "weightedAverageShsOut": 151477273,
        "weightedAverageShsOutDil": 151477273,
        "link": "https://www.sec.gov/Archives/edgar/data/42582/000095015295000937/0000950152-95-000937-index.html",
        "finalLink": "https://www.sec.gov/Archives/edgar/data/42582/"
    },
    {
        "date": "1994-12-31",
        "symbol": "GT",
        "reportedCurrency": "USD",
        "cik": "0000042582",
        "fillingDate": "1995-03-27",
        "acceptedDate": "1995-03-27 00:00:00",
        "calendarYear": "1994",
        "period": "Q4",
        "revenue": 3210500000,
        "costOfRevenue": 2343500000,
        "grossProfit": 867000000,
        "grossProfitRatio": 0.2700513939,
        "researchAndDevelopmentExpenses": 0,
        "generalAndAdministrativeExpenses": 0,
        "sellingAndMarketingExpenses": 0,
        "sellingGeneralAndAdministrativeExpenses": 518000000,
        "otherExpenses": 109700000,
        "operatingExpenses": 627700000,
        "costAndExpenses": 2971200000,
        "interestIncome": 0,
        "interestExpense": 0,
        "depreciationAndAmortization": 109700000,
        "ebitda": 349000000,
        "ebitdaratio": 0.1087058091,
        "operatingIncome": 239300000,
        "operatingIncomeRatio": 0.0745366765,
        "totalOtherIncomeExpensesNet": -36000000,
        "incomeBeforeTax": 203300000,
        "incomeBeforeTaxRatio": 0.0633234699,
        "incomeTaxExpense": 66800000,
        "netIncome": 136500000,
        "netIncomeRatio": 0.0425167419,
        "eps": 0.9,
        "epsdiluted": 0.9,
        "weightedAverageShsOut": 151300000,
        "weightedAverageShsOutDil": 151300000,
        "link": "https://www.sec.gov/Archives/edgar/data/42582/000095015295000443/0000950152-95-000443-index.html",
        "finalLink": "https://www.sec.gov/Archives/edgar/data/42582/"
    },
    {
        "date": "1994-09-30",
        "symbol": "GT",
        "reportedCurrency": "USD",
        "cik": "0000042582",
        "fillingDate": "1994-09-30",
        "acceptedDate": "1994-09-29 20:00:00",
        "calendarYear": "1994",
        "period": "Q3",
        "revenue": 3115800000,
        "costOfRevenue": 2262200000,
        "grossProfit": 853600000,
        "grossProfitRatio": 0.2739585339,
        "researchAndDevelopmentExpenses": 0,
        "generalAndAdministrativeExpenses": 0,
        "sellingAndMarketingExpenses": 0,
        "sellingGeneralAndAdministrativeExpenses": 492000000,
        "otherExpenses": 100200000,
        "operatingExpenses": 592200000,
        "costAndExpenses": 2854400000,
        "interestIncome": 0,
        "interestExpense": 0,
        "depreciationAndAmortization": 103000000,
        "ebitda": 364400000,
        "ebitdaratio": 0.1169523076,
        "operatingIncome": 261400000,
        "operatingIncomeRatio": 0.0838949868,
        "totalOtherIncomeExpensesNet": -31800000,
        "incomeBeforeTax": 229600000,
        "incomeBeforeTaxRatio": 0.0736889402,
        "incomeTaxExpense": 78300000,
        "netIncome": 151300000,
        "netIncomeRatio": 0.0485589576,
        "eps": 1,
        "epsdiluted": 1,
        "weightedAverageShsOut": 151300000,
        "weightedAverageShsOutDil": 151300000,
        "link": "",
        "finalLink": ""
    },
    {
        "date": "1994-06-30",
        "symbol": "GT",
        "reportedCurrency": "USD",
        "cik": "0000042582",
        "fillingDate": "1994-06-30",
        "acceptedDate": "1994-06-29 20:00:00",
        "calendarYear": "1994",
        "period": "Q2",
        "revenue": 3052300000,
        "costOfRevenue": 2161500000,
        "grossProfit": 890800000,
        "grossProfitRatio": 0.2918454936,
        "researchAndDevelopmentExpenses": 0,
        "generalAndAdministrativeExpenses": 0,
        "sellingAndMarketingExpenses": 0,
        "sellingGeneralAndAdministrativeExpenses": 477800000,
        "otherExpenses": 98900000,
        "operatingExpenses": 576700000,
        "costAndExpenses": 2738200000,
        "interestIncome": 0,
        "interestExpense": 0,
        "depreciationAndAmortization": 98900000,
        "ebitda": 413000000,
        "ebitdaratio": 0.1353078007,
        "operatingIncome": 314100000,
        "operatingIncomeRatio": 0.1029060053,
        "totalOtherIncomeExpensesNet": -66900000,
        "incomeBeforeTax": 247200000,
        "incomeBeforeTaxRatio": 0.0809881073,
        "incomeTaxExpense": 84000000,
        "netIncome": 163200000,
        "netIncomeRatio": 0.0534678767,
        "eps": 1.08,
        "epsdiluted": 1.08,
        "weightedAverageShsOut": 151111111,
        "weightedAverageShsOutDil": 151111111,
        "link": "",
        "finalLink": ""
    },
    {
        "date": "1994-03-31",
        "symbol": "GT",
        "reportedCurrency": "USD",
        "cik": "0000042582",
        "fillingDate": "1994-03-31",
        "acceptedDate": "1994-03-30 19:00:00",
        "calendarYear": "1994",
        "period": "Q1",
        "revenue": 2909600000,
        "costOfRevenue": 2096700000,
        "grossProfit": 812900000,
        "grossProfitRatio": 0.2793854825,
        "researchAndDevelopmentExpenses": 0,
        "generalAndAdministrativeExpenses": 0,
        "sellingAndMarketingExpenses": 0,
        "sellingGeneralAndAdministrativeExpenses": 470400000,
        "otherExpenses": 98700000,
        "operatingExpenses": 569100000,
        "costAndExpenses": 2665800000,
        "interestIncome": 0,
        "interestExpense": 0,
        "depreciationAndAmortization": 98700000,
        "ebitda": 342500000,
        "ebitdaratio": 0.1177137751,
        "operatingIncome": 243800000,
        "operatingIncomeRatio": 0.0837915865,
        "totalOtherIncomeExpensesNet": -80800000,
        "incomeBeforeTax": 163000000,
        "incomeBeforeTaxRatio": 0.0560214462,
        "incomeTaxExpense": 69600000,
        "netIncome": -1647500000,
        "netIncomeRatio": -0.5662290349,
        "eps": -10.9,
        "epsdiluted": -10.9,
        "weightedAverageShsOut": 151212000,
        "weightedAverageShsOutDil": 151212000,
        "link": "",
        "finalLink": ""
    },
    {
        "date": "1993-12-31",
        "symbol": "GT",
        "reportedCurrency": "USD",
        "cik": "0000042582",
        "fillingDate": "1993-12-31",
        "acceptedDate": "1993-12-30 19:00:00",
        "calendarYear": "1993",
        "period": "Q4",
        "revenue": 2916000000,
        "costOfRevenue": 2114400000,
        "grossProfit": 801600000,
        "grossProfitRatio": 0.2748971193,
        "researchAndDevelopmentExpenses": 0,
        "generalAndAdministrativeExpenses": 0,
        "sellingAndMarketingExpenses": 0,
        "sellingGeneralAndAdministrativeExpenses": 583200000,
        "otherExpenses": 99800000,
        "operatingExpenses": 683000000,
        "costAndExpenses": 2797400000,
        "interestIncome": 0,
        "interestExpense": 0,
        "depreciationAndAmortization": 99800000,
        "ebitda": 218400000,
        "ebitdaratio": 0.0748971193,
        "operatingIncome": 118600000,
        "operatingIncomeRatio": 0.0406721536,
        "totalOtherIncomeExpensesNet": 59900000,
        "incomeBeforeTax": 178500000,
        "incomeBeforeTaxRatio": 0.0612139918,
        "incomeTaxExpense": 65300000,
        "netIncome": 26900000,
        "netIncomeRatio": 0.0092249657,
        "eps": 0.18,
        "epsdiluted": 0.18,
        "weightedAverageShsOut": 148043478,
        "weightedAverageShsOutDil": 148043478,
        "link": "",
        "finalLink": ""
    },
    {
        "date": "1993-09-30",
        "symbol": "GT",
        "reportedCurrency": "USD",
        "cik": "0000042582",
        "fillingDate": "1993-09-30",
        "acceptedDate": "1993-09-29 20:00:00",
        "calendarYear": "1993",
        "period": "Q3",
        "revenue": 2913100000,
        "costOfRevenue": 2067300000,
        "grossProfit": 845800000,
        "grossProfitRatio": 0.2903436202,
        "researchAndDevelopmentExpenses": 0,
        "generalAndAdministrativeExpenses": 0,
        "sellingAndMarketingExpenses": 0,
        "sellingGeneralAndAdministrativeExpenses": 483500000,
        "otherExpenses": 97700000,
        "operatingExpenses": 581200000,
        "costAndExpenses": 2648500000,
        "interestIncome": 0,
        "interestExpense": 0,
        "depreciationAndAmortization": 97400000,
        "ebitda": 362300000,
        "ebitdaratio": 0.1243692287,
        "operatingIncome": 264600000,
        "operatingIncomeRatio": 0.0908310734,
        "totalOtherIncomeExpensesNet": -50400000,
        "incomeBeforeTax": 214200000,
        "incomeBeforeTaxRatio": 0.0735299166,
        "incomeTaxExpense": 78000000,
        "netIncome": 136200000,
        "netIncomeRatio": 0.0467543167,
        "eps": 0.92,
        "epsdiluted": 0.92,
        "weightedAverageShsOut": 148043478,
        "weightedAverageShsOutDil": 148043478,
        "link": "",
        "finalLink": ""
    },
    {
        "date": "1993-06-30",
        "symbol": "GT",
        "reportedCurrency": "USD",
        "cik": "0000042582",
        "fillingDate": "1993-06-30",
        "acceptedDate": "1993-06-29 20:00:00",
        "calendarYear": "1993",
        "period": "Q2",
        "revenue": 3000300000,
        "costOfRevenue": 2125800000,
        "grossProfit": 874500000,
        "grossProfitRatio": 0.2914708529,
        "researchAndDevelopmentExpenses": 0,
        "generalAndAdministrativeExpenses": 0,
        "sellingAndMarketingExpenses": 0,
        "sellingGeneralAndAdministrativeExpenses": 511000000,
        "otherExpenses": 98800000,
        "operatingExpenses": 609800000,
        "costAndExpenses": 2735600000,
        "interestIncome": 0,
        "interestExpense": 0,
        "depreciationAndAmortization": 98800000,
        "ebitda": 363500000,
        "ebitdaratio": 0.1211545512,
        "operatingIncome": 264700000,
        "operatingIncomeRatio": 0.0882245109,
        "totalOtherIncomeExpensesNet": -25400000,
        "incomeBeforeTax": 239300000,
        "incomeBeforeTaxRatio": 0.0797586908,
        "incomeTaxExpense": 87100000,
        "netIncome": 137600000,
        "netIncomeRatio": 0.0458620805,
        "eps": 0.95,
        "epsdiluted": 0.95,
        "weightedAverageShsOut": 144842105,
        "weightedAverageShsOutDil": 144842105,
        "link": "",
        "finalLink": ""
    },
    {
        "date": "1993-03-31",
        "symbol": "GT",
        "reportedCurrency": "USD",
        "cik": "0000042582",
        "fillingDate": "1993-03-31",
        "acceptedDate": "1993-03-30 19:00:00",
        "calendarYear": "1993",
        "period": "Q1",
        "revenue": 2814000000,
        "costOfRevenue": 2012300000,
        "grossProfit": 801700000,
        "grossProfitRatio": 0.2848969439,
        "researchAndDevelopmentExpenses": 0,
        "generalAndAdministrativeExpenses": 0,
        "sellingAndMarketingExpenses": 0,
        "sellingGeneralAndAdministrativeExpenses": 487500000,
        "otherExpenses": 96900000,
        "operatingExpenses": 584400000,
        "costAndExpenses": 2596700000,
        "interestIncome": 0,
        "interestExpense": 0,
        "depreciationAndAmortization": 96900000,
        "ebitda": 314200000,
        "ebitdaratio": 0.1116560057,
        "operatingIncome": 217300000,
        "operatingIncomeRatio": 0.0772210377,
        "totalOtherIncomeExpensesNet": -64400000,
        "incomeBeforeTax": 152900000,
        "incomeBeforeTaxRatio": 0.0543354655,
        "incomeTaxExpense": 65800000,
        "netIncome": 87100000,
        "netIncomeRatio": 0.030952381,
        "eps": 0.3,
        "epsdiluted": 0.3,
        "weightedAverageShsOut": 145189000,
        "weightedAverageShsOutDil": 145189000,
        "link": "",
        "finalLink": ""
    },
    {
        "date": "1992-12-31",
        "symbol": "GT",
        "reportedCurrency": "USD",
        "cik": "0000042582",
        "fillingDate": "1992-12-31",
        "acceptedDate": "1992-12-30 19:00:00",
        "calendarYear": "1992",
        "period": "Q4",
        "revenue": 2927500000,
        "costOfRevenue": 2159100000,
        "grossProfit": 768400000,
        "grossProfitRatio": 0.2624765158,
        "researchAndDevelopmentExpenses": 0,
        "generalAndAdministrativeExpenses": 0,
        "sellingAndMarketingExpenses": 0,
        "sellingGeneralAndAdministrativeExpenses": 589800000,
        "otherExpenses": 111800000,
        "operatingExpenses": 701600000,
        "costAndExpenses": 2860700000,
        "interestIncome": 0,
        "interestExpense": 0,
        "depreciationAndAmortization": 111800000,
        "ebitda": 178600000,
        "ebitdaratio": 0.0610076857,
        "operatingIncome": 66800000,
        "operatingIncomeRatio": 0.0228181042,
        "totalOtherIncomeExpensesNet": 82600000,
        "incomeBeforeTax": 149400000,
        "incomeBeforeTaxRatio": 0.0510333049,
        "incomeTaxExpense": 61400000,
        "netIncome": -937900000,
        "netIncomeRatio": -0.3203757472,
        "eps": -6.57,
        "epsdiluted": -6.54,
        "weightedAverageShsOut": 142716450,
        "weightedAverageShsOutDil": 143472222,
        "link": "",
        "finalLink": ""
    },
    {
        "date": "1992-09-30",
        "symbol": "GT",
        "reportedCurrency": "USD",
        "cik": "0000042582",
        "fillingDate": "1992-09-30",
        "acceptedDate": "1992-09-29 20:00:00",
        "calendarYear": "1992",
        "period": "Q3",
        "revenue": 3012800000,
        "costOfRevenue": 2279100000,
        "grossProfit": 733700000,
        "grossProfitRatio": 0.2435276155,
        "researchAndDevelopmentExpenses": 0,
        "generalAndAdministrativeExpenses": 0,
        "sellingAndMarketingExpenses": 0,
        "sellingGeneralAndAdministrativeExpenses": 503500000,
        "otherExpenses": 0,
        "operatingExpenses": 503500000,
        "costAndExpenses": 2782600000,
        "interestIncome": 0,
        "interestExpense": 0,
        "depreciationAndAmortization": 113700000,
        "ebitda": 343900000,
        "ebitdaratio": 0.1141463091,
        "operatingIncome": 230200000,
        "operatingIncomeRatio": 0.0764073287,
        "totalOtherIncomeExpensesNet": -64300000,
        "incomeBeforeTax": 165900000,
        "incomeBeforeTaxRatio": 0.0550650558,
        "incomeTaxExpense": 62600000,
        "netIncome": 103300000,
        "netIncomeRatio": 0.034287042,
        "eps": 0.72,
        "epsdiluted": 0.72,
        "weightedAverageShsOut": 143472222,
        "weightedAverageShsOutDil": 143472222,
        "link": "",
        "finalLink": ""
    },
    {
        "date": "1992-06-30",
        "symbol": "GT",
        "reportedCurrency": "USD",
        "cik": "0000042582",
        "fillingDate": "1992-06-30",
        "acceptedDate": "1992-06-29 20:00:00",
        "calendarYear": "1992",
        "period": "Q2",
        "revenue": 3066300000,
        "costOfRevenue": 2207800000,
        "grossProfit": 858500000,
        "grossProfitRatio": 0.2799791279,
        "researchAndDevelopmentExpenses": 0,
        "generalAndAdministrativeExpenses": 0,
        "sellingAndMarketingExpenses": 0,
        "sellingGeneralAndAdministrativeExpenses": 490900000,
        "otherExpenses": 110200000,
        "operatingExpenses": 601100000,
        "costAndExpenses": 2808900000,
        "interestIncome": 0,
        "interestExpense": 0,
        "depreciationAndAmortization": 111200000,
        "ebitda": 368600000,
        "ebitdaratio": 0.1202100251,
        "operatingIncome": 257400000,
        "operatingIncomeRatio": 0.0839448195,
        "totalOtherIncomeExpensesNet": -64600000,
        "incomeBeforeTax": 192800000,
        "incomeBeforeTaxRatio": 0.0628770831,
        "incomeTaxExpense": 83100000,
        "netIncome": 109700000,
        "netIncomeRatio": 0.0357760167,
        "eps": 0.77,
        "epsdiluted": 0.77,
        "weightedAverageShsOut": 141063830,
        "weightedAverageShsOutDil": 141063830,
        "link": "",
        "finalLink": ""
    },
    {
        "date": "1992-03-31",
        "symbol": "GT",
        "reportedCurrency": "USD",
        "cik": "0000042582",
        "fillingDate": "1992-03-31",
        "acceptedDate": "1992-03-30 19:00:00",
        "calendarYear": "1992",
        "period": "Q1",
        "revenue": 2778300000,
        "costOfRevenue": 1994700000,
        "grossProfit": 783600000,
        "grossProfitRatio": 0.2820429759,
        "researchAndDevelopmentExpenses": 0,
        "generalAndAdministrativeExpenses": 0,
        "sellingAndMarketingExpenses": 0,
        "sellingGeneralAndAdministrativeExpenses": 500400000,
        "otherExpenses": 109100000,
        "operatingExpenses": 609500000,
        "costAndExpenses": 2604200000,
        "interestIncome": 0,
        "interestExpense": 0,
        "depreciationAndAmortization": 109100000,
        "ebitda": 283200000,
        "ebitdaratio": 0.1019328366,
        "operatingIncome": 174100000,
        "operatingIncomeRatio": 0.0626642191,
        "totalOtherIncomeExpensesNet": -52300000,
        "incomeBeforeTax": 121800000,
        "incomeBeforeTaxRatio": 0.0438397581,
        "incomeTaxExpense": 55500000,
        "netIncome": 66300000,
        "netIncomeRatio": 0.0238635137,
        "eps": 0.47,
        "epsdiluted": 0.47,
        "weightedAverageShsOut": 141063830,
        "weightedAverageShsOutDil": 141063830,
        "link": "",
        "finalLink": ""
    },
    {
        "date": "1991-12-31",
        "symbol": "GT",
        "reportedCurrency": "USD",
        "cik": "0000042582",
        "fillingDate": "1991-12-31",
        "acceptedDate": "1991-12-30 19:00:00",
        "calendarYear": "1991",
        "period": "Q4",
        "revenue": 2780200000,
        "costOfRevenue": 2018700000,
        "grossProfit": 761500000,
        "grossProfitRatio": 0.2739011582,
        "researchAndDevelopmentExpenses": 0,
        "generalAndAdministrativeExpenses": 0,
        "sellingAndMarketingExpenses": 0,
        "sellingGeneralAndAdministrativeExpenses": 538900000,
        "otherExpenses": 113700000,
        "operatingExpenses": 652600000,
        "costAndExpenses": 2671300000,
        "interestIncome": 0,
        "interestExpense": 0,
        "depreciationAndAmortization": 113700000,
        "ebitda": 222600000,
        "ebitdaratio": 0.0800661823,
        "operatingIncome": 108900000,
        "operatingIncomeRatio": 0.0391698439,
        "totalOtherIncomeExpensesNet": 53300000,
        "incomeBeforeTax": 162200000,
        "incomeBeforeTaxRatio": 0.0583411265,
        "incomeTaxExpense": 62900000,
        "netIncome": 99300000,
        "netIncomeRatio": 0.0357168549,
        "eps": 0.85,
        "epsdiluted": 0.85,
        "weightedAverageShsOut": 116222222,
        "weightedAverageShsOutDil": 116222222,
        "link": "",
        "finalLink": ""
    },
    {
        "date": "1991-09-30",
        "symbol": "GT",
        "reportedCurrency": "USD",
        "cik": "0000042582",
        "fillingDate": "1991-09-30",
        "acceptedDate": "1991-09-29 20:00:00",
        "calendarYear": "1991",
        "period": "Q3",
        "revenue": 2838300000,
        "costOfRevenue": 2041900000,
        "grossProfit": 796400000,
        "grossProfitRatio": 0.2805904943,
        "researchAndDevelopmentExpenses": 0,
        "generalAndAdministrativeExpenses": 0,
        "sellingAndMarketingExpenses": 0,
        "sellingGeneralAndAdministrativeExpenses": 493700000,
        "otherExpenses": 109300000,
        "operatingExpenses": 603000000,
        "costAndExpenses": 2644900000,
        "interestIncome": 0,
        "interestExpense": 0,
        "depreciationAndAmortization": 112700000,
        "ebitda": 306100000,
        "ebitdaratio": 0.107846246,
        "operatingIncome": 193400000,
        "operatingIncomeRatio": 0.0681393792,
        "totalOtherIncomeExpensesNet": -85300000,
        "incomeBeforeTax": 108100000,
        "incomeBeforeTaxRatio": 0.0380861783,
        "incomeTaxExpense": 55800000,
        "netIncome": 52300000,
        "netIncomeRatio": 0.0184265229,
        "eps": 0.45,
        "epsdiluted": 0.45,
        "weightedAverageShsOut": 116222222,
        "weightedAverageShsOutDil": 116222222,
        "link": "",
        "finalLink": ""
    },
    {
        "date": "1991-06-30",
        "symbol": "GT",
        "reportedCurrency": "USD",
        "cik": "0000042582",
        "fillingDate": "1991-06-30",
        "acceptedDate": "1991-06-29 20:00:00",
        "calendarYear": "1991",
        "period": "Q2",
        "revenue": 2791300000,
        "costOfRevenue": 2062500000,
        "grossProfit": 728800000,
        "grossProfitRatio": 0.2610969799,
        "researchAndDevelopmentExpenses": 0,
        "generalAndAdministrativeExpenses": 0,
        "sellingAndMarketingExpenses": 0,
        "sellingGeneralAndAdministrativeExpenses": 498900000,
        "otherExpenses": 107600000,
        "operatingExpenses": 606500000,
        "costAndExpenses": 2669000000,
        "interestIncome": 0,
        "interestExpense": 0,
        "depreciationAndAmortization": 107400000,
        "ebitda": 229900000,
        "ebitdaratio": 0.0823630566,
        "operatingIncome": 122300000,
        "operatingIncomeRatio": 0.04381471,
        "totalOtherIncomeExpensesNet": -51500000,
        "incomeBeforeTax": 70800000,
        "incomeBeforeTaxRatio": 0.0253645255,
        "incomeTaxExpense": 48300000,
        "netIncome": 22500000,
        "netIncomeRatio": 0.0080607602,
        "eps": 0.19,
        "epsdiluted": 0.19,
        "weightedAverageShsOut": 118421053,
        "weightedAverageShsOutDil": 118421053,
        "link": "",
        "finalLink": ""
    },
    {
        "date": "1991-03-31",
        "symbol": "GT",
        "reportedCurrency": "USD",
        "cik": "0000042582",
        "fillingDate": "1991-03-31",
        "acceptedDate": "1991-03-30 19:00:00",
        "calendarYear": "1991",
        "period": "Q1",
        "revenue": 2497000000,
        "costOfRevenue": 1866600000,
        "grossProfit": 630400000,
        "grossProfitRatio": 0.2524629555,
        "researchAndDevelopmentExpenses": 0,
        "generalAndAdministrativeExpenses": 0,
        "sellingAndMarketingExpenses": 0,
        "sellingGeneralAndAdministrativeExpenses": 539700000,
        "otherExpenses": 107700000,
        "operatingExpenses": 647400000,
        "costAndExpenses": 2514000000,
        "interestIncome": 0,
        "interestExpense": 0,
        "depreciationAndAmortization": 107700000,
        "ebitda": 90700000,
        "ebitdaratio": 0.0363235883,
        "operatingIncome": -17000000,
        "operatingIncomeRatio": -0.0068081698,
        "totalOtherIncomeExpensesNet": -53400000,
        "incomeBeforeTax": -70400000,
        "incomeBeforeTaxRatio": -0.0281938326,
        "incomeTaxExpense": 19700000,
        "netIncome": -90100000,
        "netIncomeRatio": -0.0360833,
        "eps": -0.77,
        "epsdiluted": -0.77,
        "weightedAverageShsOut": 117012987,
        "weightedAverageShsOutDil": 117012987,
        "link": "",
        "finalLink": ""
    },
    {
        "date": "1990-12-31",
        "symbol": "GT",
        "reportedCurrency": "USD",
        "cik": "0000042582",
        "fillingDate": "1990-12-31",
        "acceptedDate": "1990-12-30 19:00:00",
        "calendarYear": "1990",
        "period": "Q4",
        "revenue": 2810300000,
        "costOfRevenue": 2043300000,
        "grossProfit": 767000000,
        "grossProfitRatio": 0.2729245988,
        "researchAndDevelopmentExpenses": 0,
        "generalAndAdministrativeExpenses": 0,
        "sellingAndMarketingExpenses": 0,
        "sellingGeneralAndAdministrativeExpenses": 582400000,
        "otherExpenses": 102600000,
        "operatingExpenses": 685000000,
        "costAndExpenses": 2728300000,
        "interestIncome": 0,
        "interestExpense": 0,
        "depreciationAndAmortization": 102600000,
        "ebitda": 184600000,
        "ebitdaratio": 0.0656869373,
        "operatingIncome": 82000000,
        "operatingIncomeRatio": 0.0291783795,
        "totalOtherIncomeExpensesNet": -20700000,
        "incomeBeforeTax": 61300000,
        "incomeBeforeTaxRatio": 0.0218126179,
        "incomeTaxExpense": 49700000,
        "netIncome": 11600000,
        "netIncomeRatio": 0.0041276732,
        "eps": 0.1,
        "epsdiluted": 0.1,
        "weightedAverageShsOut": 115102041,
        "weightedAverageShsOutDil": 115102041,
        "link": "",
        "finalLink": ""
    },
    {
        "date": "1990-09-30",
        "symbol": "GT",
        "reportedCurrency": "USD",
        "cik": "0000042582",
        "fillingDate": "1990-09-30",
        "acceptedDate": "1990-09-29 20:00:00",
        "calendarYear": "1990",
        "period": "Q3",
        "revenue": 2899700000,
        "costOfRevenue": 2213300000,
        "grossProfit": 686400000,
        "grossProfitRatio": 0.2367141428,
        "researchAndDevelopmentExpenses": 0,
        "generalAndAdministrativeExpenses": 0,
        "sellingAndMarketingExpenses": 0,
        "sellingGeneralAndAdministrativeExpenses": 595500000,
        "otherExpenses": 104100000,
        "operatingExpenses": 699600000,
        "costAndExpenses": 2912900000,
        "interestIncome": 0,
        "interestExpense": 0,
        "depreciationAndAmortization": 111100000,
        "ebitda": 97900000,
        "ebitdaratio": 0.0337621133,
        "operatingIncome": -13200000,
        "operatingIncomeRatio": -0.0045521951,
        "totalOtherIncomeExpensesNet": -35800000,
        "incomeBeforeTax": -49000000,
        "incomeBeforeTaxRatio": -0.0168982998,
        "incomeTaxExpense": 7400000,
        "netIncome": -56400000,
        "netIncomeRatio": -0.019450288,
        "eps": -0.49,
        "epsdiluted": -0.49,
        "weightedAverageShsOut": 115102041,
        "weightedAverageShsOutDil": 115102041,
        "link": "",
        "finalLink": ""
    },
    {
        "date": "1990-06-30",
        "symbol": "GT",
        "reportedCurrency": "USD",
        "cik": "0000042582",
        "fillingDate": "1990-06-30",
        "acceptedDate": "1990-06-29 20:00:00",
        "calendarYear": "1990",
        "period": "Q2",
        "revenue": 2870800000,
        "costOfRevenue": 2151600000,
        "grossProfit": 719200000,
        "grossProfitRatio": 0.2505225024,
        "researchAndDevelopmentExpenses": 0,
        "generalAndAdministrativeExpenses": 0,
        "sellingAndMarketingExpenses": 0,
        "sellingGeneralAndAdministrativeExpenses": 557600000,
        "otherExpenses": 100700000,
        "operatingExpenses": 658300000,
        "costAndExpenses": 2809900000,
        "interestIncome": 0,
        "interestExpense": 0,
        "depreciationAndAmortization": 102100000,
        "ebitda": 163000000,
        "ebitdaratio": 0.0567785983,
        "operatingIncome": 60900000,
        "operatingIncomeRatio": 0.021213599,
        "totalOtherIncomeExpensesNet": -59200000,
        "incomeBeforeTax": 1700000,
        "incomeBeforeTaxRatio": 0.0005921694,
        "incomeTaxExpense": 11700000,
        "netIncome": -10000000,
        "netIncomeRatio": -0.0034833496,
        "eps": -0.09,
        "epsdiluted": -0.09,
        "weightedAverageShsOut": 111111111,
        "weightedAverageShsOutDil": 111111111,
        "link": "",
        "finalLink": ""
    },
    {
        "date": "1990-03-31",
        "symbol": "GT",
        "reportedCurrency": "USD",
        "cik": "0000042582",
        "fillingDate": "1990-03-31",
        "acceptedDate": "1990-03-30 19:00:00",
        "calendarYear": "1990",
        "period": "Q1",
        "revenue": 2691700000,
        "costOfRevenue": 1973300000,
        "grossProfit": 718400000,
        "grossProfitRatio": 0.2668945276,
        "researchAndDevelopmentExpenses": 0,
        "generalAndAdministrativeExpenses": 0,
        "sellingAndMarketingExpenses": 0,
        "sellingGeneralAndAdministrativeExpenses": 490300000,
        "otherExpenses": 99200000,
        "operatingExpenses": 589500000,
        "costAndExpenses": 2562800000,
        "interestIncome": 0,
        "interestExpense": 0,
        "depreciationAndAmortization": 99200000,
        "ebitda": 228100000,
        "ebitdaratio": 0.0847419846,
        "operatingIncome": 128900000,
        "operatingIncomeRatio": 0.0478879519,
        "totalOtherIncomeExpensesNet": -87000000,
        "incomeBeforeTax": 41900000,
        "incomeBeforeTaxRatio": 0.0155663707,
        "incomeTaxExpense": 25400000,
        "netIncome": 16500000,
        "netIncomeRatio": 0.006129955,
        "eps": 0.15,
        "epsdiluted": 0.15,
        "weightedAverageShsOut": 110000000,
        "weightedAverageShsOutDil": 110000000,
        "link": "",
        "finalLink": ""
    },
    {
        "date": "1989-12-31",
        "symbol": "GT",
        "reportedCurrency": "USD",
        "cik": "0000042582",
        "fillingDate": "1989-12-31",
        "acceptedDate": "1989-12-30 19:00:00",
        "calendarYear": "1989",
        "period": "Q4",
        "revenue": 2736300000,
        "costOfRevenue": 1942600000,
        "grossProfit": 793700000,
        "grossProfitRatio": 0.2900632241,
        "researchAndDevelopmentExpenses": 0,
        "generalAndAdministrativeExpenses": 0,
        "sellingAndMarketingExpenses": 0,
        "sellingGeneralAndAdministrativeExpenses": 404300000,
        "otherExpenses": 112500000,
        "operatingExpenses": 516800000,
        "costAndExpenses": 2459400000,
        "interestIncome": 0,
        "interestExpense": 0,
        "depreciationAndAmortization": 112500000,
        "ebitda": 389400000,
        "ebitdaratio": 0.1423089574,
        "operatingIncome": 276900000,
        "operatingIncomeRatio": 0.1011950444,
        "totalOtherIncomeExpensesNet": -231900000,
        "incomeBeforeTax": 45000000,
        "incomeBeforeTaxRatio": 0.0164455652,
        "incomeTaxExpense": 47700000,
        "netIncome": -2700000,
        "netIncomeRatio": -0.0009867339,
        "eps": -0.0234,
        "epsdiluted": -0.0234,
        "weightedAverageShsOut": 115573770,
        "weightedAverageShsOutDil": 115573770,
        "link": "",
        "finalLink": ""
    },
    {
        "date": "1989-09-30",
        "symbol": "GT",
        "reportedCurrency": "USD",
        "cik": "0000042582",
        "fillingDate": "1989-09-30",
        "acceptedDate": "1989-09-29 20:00:00",
        "calendarYear": "1989",
        "period": "Q3",
        "revenue": 2679100000,
        "costOfRevenue": 1955100000,
        "grossProfit": 724000000,
        "grossProfitRatio": 0.270240006,
        "researchAndDevelopmentExpenses": 0,
        "generalAndAdministrativeExpenses": 0,
        "sellingAndMarketingExpenses": 0,
        "sellingGeneralAndAdministrativeExpenses": 469100000,
        "otherExpenses": 90300000,
        "operatingExpenses": 559400000,
        "costAndExpenses": 2514500000,
        "interestIncome": 0,
        "interestExpense": 0,
        "depreciationAndAmortization": 90300000,
        "ebitda": 254900000,
        "ebitdaratio": 0.0951438916,
        "operatingIncome": 164600000,
        "operatingIncomeRatio": 0.0614385428,
        "totalOtherIncomeExpensesNet": -20600000,
        "incomeBeforeTax": 144000000,
        "incomeBeforeTaxRatio": 0.0537493935,
        "incomeTaxExpense": 73500000,
        "netIncome": 70500000,
        "netIncomeRatio": 0.0263148072,
        "eps": 0.61,
        "epsdiluted": 0.61,
        "weightedAverageShsOut": 115573770,
        "weightedAverageShsOutDil": 115573770,
        "link": "",
        "finalLink": ""
    },
    {
        "date": "1989-06-30",
        "symbol": "GT",
        "reportedCurrency": "USD",
        "cik": "0000042582",
        "fillingDate": "1989-06-30",
        "acceptedDate": "1989-06-29 20:00:00",
        "calendarYear": "1989",
        "period": "Q2",
        "revenue": 2811000000,
        "costOfRevenue": 0,
        "grossProfit": 2811000000,
        "grossProfitRatio": 1,
        "researchAndDevelopmentExpenses": 0,
        "generalAndAdministrativeExpenses": 0,
        "sellingAndMarketingExpenses": 0,
        "sellingGeneralAndAdministrativeExpenses": 0,
        "otherExpenses": 0,
        "operatingExpenses": 0,
        "costAndExpenses": 0,
        "interestIncome": 0,
        "interestExpense": 0,
        "depreciationAndAmortization": 0,
        "ebitda": 2811000000,
        "ebitdaratio": 1,
        "operatingIncome": 2811000000,
        "operatingIncomeRatio": 1,
        "totalOtherIncomeExpensesNet": 0,
        "incomeBeforeTax": 2811000000,
        "incomeBeforeTaxRatio": 1,
        "incomeTaxExpense": 0,
        "netIncome": 27100000,
        "netIncomeRatio": 0.0096406973,
        "eps": 0.24,
        "epsdiluted": 0.24,
        "weightedAverageShsOut": 115008000,
        "weightedAverageShsOutDil": 115008000,
        "link": "",
        "finalLink": ""
    },
    {
        "date": "1989-03-31",
        "symbol": "GT",
        "reportedCurrency": "USD",
        "cik": "0000042582",
        "fillingDate": "1989-03-31",
        "acceptedDate": "1989-03-30 19:00:00",
        "calendarYear": "1989",
        "period": "Q1",
        "revenue": 2642900000,
        "costOfRevenue": 0,
        "grossProfit": 2642900000,
        "grossProfitRatio": 1,
        "researchAndDevelopmentExpenses": 0,
        "generalAndAdministrativeExpenses": 0,
        "sellingAndMarketingExpenses": 0,
        "sellingGeneralAndAdministrativeExpenses": 0,
        "otherExpenses": 0,
        "operatingExpenses": 0,
        "costAndExpenses": 0,
        "interestIncome": 0,
        "interestExpense": 0,
        "depreciationAndAmortization": 0,
        "ebitda": 2642900000,
        "ebitdaratio": 1,
        "operatingIncome": 2642900000,
        "operatingIncomeRatio": 1,
        "totalOtherIncomeExpensesNet": 0,
        "incomeBeforeTax": 2642900000,
        "incomeBeforeTaxRatio": 1,
        "incomeTaxExpense": 0,
        "netIncome": 94500000,
        "netIncomeRatio": 0.0357561769,
        "eps": 0.82,
        "epsdiluted": 0.82,
        "weightedAverageShsOut": 114862000,
        "weightedAverageShsOutDil": 114862000,
        "link": "",
        "finalLink": ""
    },
    {
        "date": "1988-12-31",
        "symbol": "GT",
        "reportedCurrency": "USD",
        "cik": "0000042582",
        "fillingDate": "1988-12-31",
        "acceptedDate": "1988-12-30 19:00:00",
        "calendarYear": "1988",
        "period": "Q4",
        "revenue": 2827200000,
        "costOfRevenue": 0,
        "grossProfit": 2827200000,
        "grossProfitRatio": 1,
        "researchAndDevelopmentExpenses": 0,
        "generalAndAdministrativeExpenses": 0,
        "sellingAndMarketingExpenses": 0,
        "sellingGeneralAndAdministrativeExpenses": 0,
        "otherExpenses": 10036100000,
        "operatingExpenses": 10036100000,
        "costAndExpenses": 10036100000,
        "interestIncome": 0,
        "interestExpense": 0,
        "depreciationAndAmortization": 0,
        "ebitda": -7208900000,
        "ebitdaratio": -2.5498372949,
        "operatingIncome": -7208900000,
        "operatingIncomeRatio": -2.5498372949,
        "totalOtherIncomeExpensesNet": 0,
        "incomeBeforeTax": -7208900000,
        "incomeBeforeTaxRatio": -2.5498372949,
        "incomeTaxExpense": 0,
        "netIncome": 56400000,
        "netIncomeRatio": 0.0199490662,
        "eps": 0.49,
        "epsdiluted": 0.49,
        "weightedAverageShsOut": 114402000,
        "weightedAverageShsOutDil": 114402000,
        "link": "",
        "finalLink": ""
    },
    {
        "date": "1988-09-30",
        "symbol": "GT",
        "reportedCurrency": "USD",
        "cik": "0000042582",
        "fillingDate": "1988-09-30",
        "acceptedDate": "1988-09-29 20:00:00",
        "calendarYear": "1988",
        "period": "Q3",
        "revenue": 2656000000,
        "costOfRevenue": 0,
        "grossProfit": 2656000000,
        "grossProfitRatio": 1,
        "researchAndDevelopmentExpenses": 0,
        "generalAndAdministrativeExpenses": 0,
        "sellingAndMarketingExpenses": 0,
        "sellingGeneralAndAdministrativeExpenses": 0,
        "otherExpenses": 0,
        "operatingExpenses": 0,
        "costAndExpenses": 0,
        "interestIncome": 0,
        "interestExpense": 0,
        "depreciationAndAmortization": 0,
        "ebitda": 2656000000,
        "ebitdaratio": 1,
        "operatingIncome": 2656000000,
        "operatingIncomeRatio": 1,
        "totalOtherIncomeExpensesNet": 0,
        "incomeBeforeTax": 2656000000,
        "incomeBeforeTaxRatio": 1,
        "incomeTaxExpense": 0,
        "netIncome": 63500000,
        "netIncomeRatio": 0.0239081325,
        "eps": 0.56,
        "epsdiluted": 0.56,
        "weightedAverageShsOut": 114402000,
        "weightedAverageShsOutDil": 114402000,
        "link": "",
        "finalLink": ""
    },
    {
        "date": "1988-06-30",
        "symbol": "GT",
        "reportedCurrency": "USD",
        "cik": "0000042582",
        "fillingDate": "1988-06-30",
        "acceptedDate": "1988-06-29 20:00:00",
        "calendarYear": "1988",
        "period": "Q2",
        "revenue": 2792500000,
        "costOfRevenue": 0,
        "grossProfit": 2792500000,
        "grossProfitRatio": 1,
        "researchAndDevelopmentExpenses": 0,
        "generalAndAdministrativeExpenses": 0,
        "sellingAndMarketingExpenses": 0,
        "sellingGeneralAndAdministrativeExpenses": 0,
        "otherExpenses": 0,
        "operatingExpenses": 0,
        "costAndExpenses": 0,
        "interestIncome": 0,
        "interestExpense": 0,
        "depreciationAndAmortization": 0,
        "ebitda": 2792500000,
        "ebitdaratio": 1,
        "operatingIncome": 2792500000,
        "operatingIncomeRatio": 1,
        "totalOtherIncomeExpensesNet": 0,
        "incomeBeforeTax": 2792500000,
        "incomeBeforeTaxRatio": 1,
        "incomeTaxExpense": 0,
        "netIncome": 134900000,
        "netIncomeRatio": 0.0483079678,
        "eps": 1.18,
        "epsdiluted": 1.18,
        "weightedAverageShsOut": 113974000,
        "weightedAverageShsOutDil": 113974000,
        "link": "",
        "finalLink": ""
    },
    {
        "date": "1988-03-31",
        "symbol": "GT",
        "reportedCurrency": "USD",
        "cik": "0000042582",
        "fillingDate": "1988-03-31",
        "acceptedDate": "1988-03-30 19:00:00",
        "calendarYear": "1988",
        "period": "Q1",
        "revenue": 2652200000,
        "costOfRevenue": 0,
        "grossProfit": 2652200000,
        "grossProfitRatio": 1,
        "researchAndDevelopmentExpenses": 0,
        "generalAndAdministrativeExpenses": 0,
        "sellingAndMarketingExpenses": 0,
        "sellingGeneralAndAdministrativeExpenses": 0,
        "otherExpenses": 0,
        "operatingExpenses": 0,
        "costAndExpenses": 0,
        "interestIncome": 0,
        "interestExpense": 0,
        "depreciationAndAmortization": 0,
        "ebitda": 2652200000,
        "ebitdaratio": 1,
        "operatingIncome": 2652200000,
        "operatingIncomeRatio": 1,
        "totalOtherIncomeExpensesNet": 0,
        "incomeBeforeTax": 2652200000,
        "incomeBeforeTaxRatio": 1,
        "incomeTaxExpense": 0,
        "netIncome": 95300000,
        "netIncomeRatio": 0.0359324335,
        "eps": 0.84,
        "epsdiluted": 0.84,
        "weightedAverageShsOut": 113974000,
        "weightedAverageShsOutDil": 113974000,
        "link": "",
        "finalLink": ""
    },
    {
        "date": "1987-12-31",
        "symbol": "GT",
        "reportedCurrency": "USD",
        "cik": "0000042582",
        "fillingDate": "1987-12-31",
        "acceptedDate": "1987-12-30 19:00:00",
        "calendarYear": "1987",
        "period": "Q4",
        "revenue": 2624400000,
        "costOfRevenue": 0,
        "grossProfit": 2624400000,
        "grossProfitRatio": 1,
        "researchAndDevelopmentExpenses": 0,
        "generalAndAdministrativeExpenses": 0,
        "sellingAndMarketingExpenses": 0,
        "sellingGeneralAndAdministrativeExpenses": 0,
        "otherExpenses": 9009500000,
        "operatingExpenses": 9009500000,
        "costAndExpenses": 9009500000,
        "interestIncome": 0,
        "interestExpense": 0,
        "depreciationAndAmortization": 0,
        "ebitda": -6385100000,
        "ebitdaratio": -2.4329751562,
        "operatingIncome": -6385100000,
        "operatingIncomeRatio": -2.4329751562,
        "totalOtherIncomeExpensesNet": 0,
        "incomeBeforeTax": -6385100000,
        "incomeBeforeTaxRatio": -2.4329751562,
        "incomeTaxExpense": 0,
        "netIncome": 167000000,
        "netIncomeRatio": 0.0636335924,
        "eps": 1.47,
        "epsdiluted": 1.47,
        "weightedAverageShsOut": 113764000,
        "weightedAverageShsOutDil": 113764000,
        "link": "",
        "finalLink": ""
    },
    {
        "date": "1987-09-30",
        "symbol": "GT",
        "reportedCurrency": "USD",
        "cik": "0000042582",
        "fillingDate": "1987-09-30",
        "acceptedDate": "1987-09-29 20:00:00",
        "calendarYear": "1987",
        "period": "Q3",
        "revenue": 2479500000,
        "costOfRevenue": 0,
        "grossProfit": 2479500000,
        "grossProfitRatio": 1,
        "researchAndDevelopmentExpenses": 0,
        "generalAndAdministrativeExpenses": 0,
        "sellingAndMarketingExpenses": 0,
        "sellingGeneralAndAdministrativeExpenses": 0,
        "otherExpenses": 0,
        "operatingExpenses": 0,
        "costAndExpenses": 0,
        "interestIncome": 0,
        "interestExpense": 0,
        "depreciationAndAmortization": 0,
        "ebitda": 2479500000,
        "ebitdaratio": 1,
        "operatingIncome": 2479500000,
        "operatingIncomeRatio": 1,
        "totalOtherIncomeExpensesNet": 0,
        "incomeBeforeTax": 2479500000,
        "incomeBeforeTaxRatio": 1,
        "incomeTaxExpense": 0,
        "netIncome": 178700000,
        "netIncomeRatio": 0.0720709821,
        "eps": 1.57,
        "epsdiluted": 1.57,
        "weightedAverageShsOut": 113764000,
        "weightedAverageShsOutDil": 113764000,
        "link": "",
        "finalLink": ""
    },
    {
        "date": "1987-06-30",
        "symbol": "GT",
        "reportedCurrency": "USD",
        "cik": "0000042582",
        "fillingDate": "1987-06-30",
        "acceptedDate": "1987-06-29 20:00:00",
        "calendarYear": "1987",
        "period": "Q2",
        "revenue": 2558400000,
        "costOfRevenue": 0,
        "grossProfit": 2558400000,
        "grossProfitRatio": 1,
        "researchAndDevelopmentExpenses": 0,
        "generalAndAdministrativeExpenses": 0,
        "sellingAndMarketingExpenses": 0,
        "sellingGeneralAndAdministrativeExpenses": 0,
        "otherExpenses": 0,
        "operatingExpenses": 0,
        "costAndExpenses": 0,
        "interestIncome": 0,
        "interestExpense": 0,
        "depreciationAndAmortization": 0,
        "ebitda": 2558400000,
        "ebitdaratio": 1,
        "operatingIncome": 2558400000,
        "operatingIncomeRatio": 1,
        "totalOtherIncomeExpensesNet": 0,
        "incomeBeforeTax": 2558400000,
        "incomeBeforeTaxRatio": 1,
        "incomeTaxExpense": 0,
        "netIncome": 141000000,
        "netIncomeRatio": 0.0551125704,
        "eps": 1.24,
        "epsdiluted": 1.24,
        "weightedAverageShsOut": 113290000,
        "weightedAverageShsOutDil": 113290000,
        "link": "",
        "finalLink": ""
    },
    {
        "date": "1987-03-31",
        "symbol": "GT",
        "reportedCurrency": "USD",
        "cik": "0000042582",
        "fillingDate": "1987-03-31",
        "acceptedDate": "1987-03-30 19:00:00",
        "calendarYear": "1987",
        "period": "Q1",
        "revenue": 2300900000,
        "costOfRevenue": 0,
        "grossProfit": 2300900000,
        "grossProfitRatio": 1,
        "researchAndDevelopmentExpenses": 0,
        "generalAndAdministrativeExpenses": 0,
        "sellingAndMarketingExpenses": 0,
        "sellingGeneralAndAdministrativeExpenses": 0,
        "otherExpenses": 0,
        "operatingExpenses": 0,
        "costAndExpenses": 0,
        "interestIncome": 0,
        "interestExpense": 0,
        "depreciationAndAmortization": 0,
        "ebitda": 2300900000,
        "ebitdaratio": 1,
        "operatingIncome": 2300900000,
        "operatingIncomeRatio": 1,
        "totalOtherIncomeExpensesNet": 0,
        "incomeBeforeTax": 2300900000,
        "incomeBeforeTaxRatio": 1,
        "incomeTaxExpense": 0,
        "netIncome": 284200000,
        "netIncomeRatio": 0.1235168847,
        "eps": 2,
        "epsdiluted": 2,
        "weightedAverageShsOut": 112998000,
        "weightedAverageShsOutDil": 112998000,
        "link": "",
        "finalLink": ""
    },
    {
        "date": "1986-12-31",
        "symbol": "GT",
        "reportedCurrency": "USD",
        "cik": "0000042582",
        "fillingDate": "1986-12-31",
        "acceptedDate": "1986-12-30 19:00:00",
        "calendarYear": "1986",
        "period": "Q4",
        "revenue": 1523700000,
        "costOfRevenue": 0,
        "grossProfit": 1523700000,
        "grossProfitRatio": 1,
        "researchAndDevelopmentExpenses": 0,
        "generalAndAdministrativeExpenses": 0,
        "sellingAndMarketingExpenses": 0,
        "sellingGeneralAndAdministrativeExpenses": 0,
        "otherExpenses": 8595200000,
        "operatingExpenses": 8595200000,
        "costAndExpenses": 8595200000,
        "interestIncome": 0,
        "interestExpense": 0,
        "depreciationAndAmortization": 0,
        "ebitda": -7071500000,
        "ebitdaratio": -4.6410054473,
        "operatingIncome": -7071500000,
        "operatingIncomeRatio": -4.6410054473,
        "totalOtherIncomeExpensesNet": 0,
        "incomeBeforeTax": -7071500000,
        "incomeBeforeTaxRatio": -4.6410054473,
        "incomeTaxExpense": 0,
        "netIncome": -136200000,
        "netIncomeRatio": -0.0893876747,
        "eps": -0.51,
        "epsdiluted": -0.51,
        "weightedAverageShsOut": 218870000,
        "weightedAverageShsOutDil": 218870000,
        "link": "",
        "finalLink": ""
    },
    {
        "date": "1986-09-30",
        "symbol": "GT",
        "reportedCurrency": "USD",
        "cik": "0000042582",
        "fillingDate": "1986-09-30",
        "acceptedDate": "1986-09-29 20:00:00",
        "calendarYear": "1986",
        "period": "Q3",
        "revenue": 2596100000,
        "costOfRevenue": 0,
        "grossProfit": 2596100000,
        "grossProfitRatio": 1,
        "researchAndDevelopmentExpenses": 0,
        "generalAndAdministrativeExpenses": 0,
        "sellingAndMarketingExpenses": 0,
        "sellingGeneralAndAdministrativeExpenses": 0,
        "otherExpenses": 0,
        "operatingExpenses": 0,
        "costAndExpenses": 0,
        "interestIncome": 0,
        "interestExpense": 0,
        "depreciationAndAmortization": 0,
        "ebitda": 2596100000,
        "ebitdaratio": 1,
        "operatingIncome": 2596100000,
        "operatingIncomeRatio": 1,
        "totalOtherIncomeExpensesNet": 0,
        "incomeBeforeTax": 2596100000,
        "incomeBeforeTaxRatio": 1,
        "incomeTaxExpense": 0,
        "netIncome": 182300000,
        "netIncomeRatio": 0.0702207157,
        "eps": 0.84,
        "epsdiluted": 0.84,
        "weightedAverageShsOut": 218870000,
        "weightedAverageShsOutDil": 218870000,
        "link": "",
        "finalLink": ""
    },
    {
        "date": "1986-06-30",
        "symbol": "GT",
        "reportedCurrency": "USD",
        "cik": "0000042582",
        "fillingDate": "1986-06-30",
        "acceptedDate": "1986-06-29 20:00:00",
        "calendarYear": "1986",
        "period": "Q2",
        "revenue": 2646200000,
        "costOfRevenue": 0,
        "grossProfit": 2646200000,
        "grossProfitRatio": 1,
        "researchAndDevelopmentExpenses": 0,
        "generalAndAdministrativeExpenses": 0,
        "sellingAndMarketingExpenses": 0,
        "sellingGeneralAndAdministrativeExpenses": 0,
        "otherExpenses": 0,
        "operatingExpenses": 0,
        "costAndExpenses": 0,
        "interestIncome": 0,
        "interestExpense": 0,
        "depreciationAndAmortization": 0,
        "ebitda": 2646200000,
        "ebitdaratio": 1,
        "operatingIncome": 2646200000,
        "operatingIncomeRatio": 1,
        "totalOtherIncomeExpensesNet": 0,
        "incomeBeforeTax": 2646200000,
        "incomeBeforeTaxRatio": 1,
        "incomeTaxExpense": 0,
        "netIncome": 101300000,
        "netIncomeRatio": 0.038281309,
        "eps": 0.47,
        "epsdiluted": 0.47,
        "weightedAverageShsOut": 217132000,
        "weightedAverageShsOutDil": 217132000,
        "link": "",
        "finalLink": ""
    },
    {
        "date": "1986-03-31",
        "symbol": "GT",
        "reportedCurrency": "USD",
        "cik": "0000042582",
        "fillingDate": "1986-03-31",
        "acceptedDate": "1986-03-30 19:00:00",
        "calendarYear": "1986",
        "period": "Q1",
        "revenue": 2368000000,
        "costOfRevenue": 0,
        "grossProfit": 2368000000,
        "grossProfitRatio": 1,
        "researchAndDevelopmentExpenses": 0,
        "generalAndAdministrativeExpenses": 0,
        "sellingAndMarketingExpenses": 0,
        "sellingGeneralAndAdministrativeExpenses": 0,
        "otherExpenses": 0,
        "operatingExpenses": 0,
        "costAndExpenses": 0,
        "interestIncome": 0,
        "interestExpense": 0,
        "depreciationAndAmortization": 0,
        "ebitda": 2368000000,
        "ebitdaratio": 1,
        "operatingIncome": 2368000000,
        "operatingIncomeRatio": 1,
        "totalOtherIncomeExpensesNet": 0,
        "incomeBeforeTax": 2368000000,
        "incomeBeforeTaxRatio": 1,
        "incomeTaxExpense": 0,
        "netIncome": -60000000,
        "netIncomeRatio": -0.0253378378,
        "eps": -0.28,
        "epsdiluted": -0.28,
        "weightedAverageShsOut": 216220000,
        "weightedAverageShsOutDil": 216220000,
        "link": "",
        "finalLink": ""
    },
    {
        "date": "1985-12-31",
        "symbol": "GT",
        "reportedCurrency": "USD",
        "cik": "0000042582",
        "fillingDate": "1985-12-31",
        "acceptedDate": "1985-12-30 19:00:00",
        "calendarYear": "1985",
        "period": "Q4",
        "revenue": 2476700000,
        "costOfRevenue": 0,
        "grossProfit": 2476700000,
        "grossProfitRatio": 1,
        "researchAndDevelopmentExpenses": 0,
        "generalAndAdministrativeExpenses": 0,
        "sellingAndMarketingExpenses": 0,
        "sellingGeneralAndAdministrativeExpenses": 0,
        "otherExpenses": 9104700000,
        "operatingExpenses": 9104700000,
        "costAndExpenses": 9104700000,
        "interestIncome": 0,
        "interestExpense": 0,
        "depreciationAndAmortization": 0,
        "ebitda": -6628000000,
        "ebitdaratio": -2.6761416401,
        "operatingIncome": -6628000000,
        "operatingIncomeRatio": -2.6761416401,
        "totalOtherIncomeExpensesNet": 0,
        "incomeBeforeTax": -6628000000,
        "incomeBeforeTaxRatio": -2.6761416401,
        "incomeTaxExpense": 0,
        "netIncome": 84500000,
        "netIncomeRatio": 0.0341179796,
        "eps": 0.39,
        "epsdiluted": 0.39,
        "weightedAverageShsOut": 214418000,
        "weightedAverageShsOutDil": 214418000,
        "link": "",
        "finalLink": ""
    },
    {
        "date": "1985-09-30",
        "symbol": "GT",
        "reportedCurrency": "USD",
        "cik": "0000042582",
        "fillingDate": "1985-09-30",
        "acceptedDate": "1985-09-29 20:00:00",
        "calendarYear": "1985",
        "period": "Q3",
        "revenue": 2363400000,
        "costOfRevenue": 0,
        "grossProfit": 2363400000,
        "grossProfitRatio": 1,
        "researchAndDevelopmentExpenses": 0,
        "generalAndAdministrativeExpenses": 0,
        "sellingAndMarketingExpenses": 0,
        "sellingGeneralAndAdministrativeExpenses": 0,
        "otherExpenses": 0,
        "operatingExpenses": 0,
        "costAndExpenses": 0,
        "interestIncome": 0,
        "interestExpense": 0,
        "depreciationAndAmortization": 0,
        "ebitda": 2363400000,
        "ebitdaratio": 1,
        "operatingIncome": 2363400000,
        "operatingIncomeRatio": 1,
        "totalOtherIncomeExpensesNet": 0,
        "incomeBeforeTax": 2363400000,
        "incomeBeforeTaxRatio": 1,
        "incomeTaxExpense": 0,
        "netIncome": 154500000,
        "netIncomeRatio": 0.0653719218,
        "eps": 0.72,
        "epsdiluted": 0.72,
        "weightedAverageShsOut": 214418000,
        "weightedAverageShsOutDil": 214418000,
        "link": "",
        "finalLink": ""
    }
]