[
    {
        "date": "2025-09-30",
        "symbol": "GTY",
        "reportedCurrency": "USD",
        "cik": "0001052752",
        "fillingDate": "2025-10-23",
        "acceptedDate": "2025-10-23 16:30:51",
        "calendarYear": "2025",
        "period": "Q3",
        "revenue": 55591000,
        "costOfRevenue": 17446000,
        "grossProfit": 38145000,
        "grossProfitRatio": 0.6861722221,
        "researchAndDevelopmentExpenses": 0,
        "generalAndAdministrativeExpenses": 6441000,
        "sellingAndMarketingExpenses": 0,
        "sellingGeneralAndAdministrativeExpenses": 6441000,
        "otherExpenses": 0,
        "operatingExpenses": 6441000,
        "costAndExpenses": 20531000,
        "interestIncome": 0,
        "interestExpense": 80186000,
        "depreciationAndAmortization": 15040000,
        "ebitda": 50100000,
        "ebitdaratio": 0.9012250184,
        "operatingIncome": 34751000,
        "operatingIncomeRatio": 0.625119174,
        "totalOtherIncomeExpensesNet": -11403000,
        "incomeBeforeTax": 23348000,
        "incomeBeforeTaxRatio": 0.4199960425,
        "incomeTaxExpense": 0,
        "netIncome": 23348000,
        "netIncomeRatio": 0.4199960425,
        "eps": 0.41,
        "epsdiluted": 0.4,
        "weightedAverageShsOut": 55767000,
        "weightedAverageShsOutDil": 55906000,
        "link": "https://www.sec.gov/Archives/edgar/data/1052752/000119312525248819/0001193125-25-248819-index.htm",
        "finalLink": "https://www.sec.gov/Archives/edgar/data/1052752/000119312525248819/gty-20250930.htm"
    },
    {
        "date": "2025-06-30",
        "symbol": "GTY",
        "reportedCurrency": "USD",
        "cik": "0001052752",
        "fillingDate": "2025-07-24",
        "acceptedDate": "2025-07-24 16:30:26",
        "calendarYear": "2025",
        "period": "Q2",
        "revenue": 53257000,
        "costOfRevenue": 2443000,
        "grossProfit": 50814000,
        "grossProfitRatio": 0.9541280958,
        "researchAndDevelopmentExpenses": 0,
        "generalAndAdministrativeExpenses": 6794000,
        "sellingAndMarketingExpenses": 0,
        "sellingGeneralAndAdministrativeExpenses": 6794000,
        "otherExpenses": 19155000,
        "operatingExpenses": 25949000,
        "costAndExpenses": 28392000,
        "interestIncome": 0,
        "interestExpense": 10904000,
        "depreciationAndAmortization": 14917000,
        "ebitda": 38679000,
        "ebitdaratio": 0.726270725,
        "operatingIncome": 24865000,
        "operatingIncomeRatio": 0.466886982,
        "totalOtherIncomeExpensesNet": -10851000,
        "incomeBeforeTax": 14014000,
        "incomeBeforeTaxRatio": 0.2631391179,
        "incomeTaxExpense": 0,
        "netIncome": 14014000,
        "netIncomeRatio": 0.2631391179,
        "eps": 0.24,
        "epsdiluted": 0.24,
        "weightedAverageShsOut": 55297000,
        "weightedAverageShsOutDil": 55443000,
        "link": "https://www.sec.gov/Archives/edgar/data/1052752/000095017025098370/0000950170-25-098370-index.htm",
        "finalLink": "https://www.sec.gov/Archives/edgar/data/1052752/000095017025098370/gty-20250630.htm"
    },
    {
        "date": "2025-03-31",
        "symbol": "GTY",
        "reportedCurrency": "USD",
        "cik": "0001052752",
        "fillingDate": "2025-04-24",
        "acceptedDate": "2025-04-24 16:15:25",
        "calendarYear": "2025",
        "period": "Q1",
        "revenue": 52330000,
        "costOfRevenue": 1982000,
        "grossProfit": 50348000,
        "grossProfitRatio": 0.9621249761,
        "researchAndDevelopmentExpenses": 0,
        "generalAndAdministrativeExpenses": 6926000,
        "sellingAndMarketingExpenses": 0,
        "sellingGeneralAndAdministrativeExpenses": 6926000,
        "otherExpenses": 16998000,
        "operatingExpenses": 23924000,
        "costAndExpenses": 25906000,
        "interestIncome": 0,
        "interestExpense": 11732000,
        "depreciationAndAmortization": 16041000,
        "ebitda": 42465000,
        "ebitdaratio": 0.8114848079,
        "operatingIncome": 26424000,
        "operatingIncomeRatio": 0.5049493598,
        "totalOtherIncomeExpensesNet": -11638000,
        "incomeBeforeTax": 14786000,
        "incomeBeforeTaxRatio": 0.2825530289,
        "incomeTaxExpense": 0,
        "netIncome": 14786000,
        "netIncomeRatio": 0.2825530289,
        "eps": 0.25,
        "epsdiluted": 0.25,
        "weightedAverageShsOut": 55062000,
        "weightedAverageShsOutDil": 55191000,
        "link": "https://www.sec.gov/Archives/edgar/data/1052752/000095017025058063/0000950170-25-058063-index.htm",
        "finalLink": "https://www.sec.gov/Archives/edgar/data/1052752/000095017025058063/gty-20250331.htm"
    },
    {
        "date": "2024-12-31",
        "symbol": "GTY",
        "reportedCurrency": "USD",
        "cik": "0001052752",
        "fillingDate": "2025-02-13",
        "acceptedDate": "2025-02-13 16:46:08",
        "calendarYear": "2024",
        "period": "Q4",
        "revenue": 53016000,
        "costOfRevenue": 3245000,
        "grossProfit": 49771000,
        "grossProfitRatio": 0.9387920628,
        "researchAndDevelopmentExpenses": 0,
        "generalAndAdministrativeExpenses": 6493000,
        "sellingAndMarketingExpenses": 0,
        "sellingGeneralAndAdministrativeExpenses": 6493000,
        "otherExpenses": 10622000,
        "operatingExpenses": 17115000,
        "costAndExpenses": 20360000,
        "interestIncome": 0,
        "interestExpense": 10423000,
        "depreciationAndAmortization": 16181000,
        "ebitda": 48899000,
        "ebitdaratio": 0.922344198,
        "operatingIncome": 32656000,
        "operatingIncomeRatio": 0.6159649917,
        "totalOtherIncomeExpensesNet": -10361000,
        "incomeBeforeTax": 22295000,
        "incomeBeforeTaxRatio": 0.4205334239,
        "incomeTaxExpense": 0,
        "netIncome": 22295000,
        "netIncomeRatio": 0.4205334239,
        "eps": 0.39,
        "epsdiluted": 0.39,
        "weightedAverageShsOut": 55023000,
        "weightedAverageShsOutDil": 55670000,
        "link": "https://www.sec.gov/Archives/edgar/data/1052752/000095017025019976/0000950170-25-019976-index.htm",
        "finalLink": "https://www.sec.gov/Archives/edgar/data/1052752/000095017025019976/gty-20241231.htm"
    },
    {
        "date": "2024-09-30",
        "symbol": "GTY",
        "reportedCurrency": "USD",
        "cik": "0001052752",
        "fillingDate": "2024-10-24",
        "acceptedDate": "2024-10-24 17:00:21",
        "calendarYear": "2024",
        "period": "Q3",
        "revenue": 51467000,
        "costOfRevenue": 3927000,
        "grossProfit": 47540000,
        "grossProfitRatio": 0.9236986807,
        "researchAndDevelopmentExpenses": 0,
        "generalAndAdministrativeExpenses": 5948000,
        "sellingAndMarketingExpenses": 0,
        "sellingGeneralAndAdministrativeExpenses": 5948000,
        "otherExpenses": 16411000,
        "operatingExpenses": 22359000,
        "costAndExpenses": 26286000,
        "interestIncome": 0,
        "interestExpense": 10052000,
        "depreciationAndAmortization": 14075000,
        "ebitda": 41402000,
        "ebitdaratio": 0.8044377951,
        "operatingIncome": 25181000,
        "operatingIncomeRatio": 0.4892649659,
        "totalOtherIncomeExpensesNet": -9846000,
        "incomeBeforeTax": 15335000,
        "incomeBeforeTaxRatio": 0.2979579148,
        "incomeTaxExpense": 0,
        "netIncome": 15335000,
        "netIncomeRatio": 0.2979579148,
        "eps": 0.27,
        "epsdiluted": 0.27,
        "weightedAverageShsOut": 54249000,
        "weightedAverageShsOutDil": 54619000,
        "link": "https://www.sec.gov/Archives/edgar/data/1052752/000095017024117098/0000950170-24-117098-index.htm",
        "finalLink": "https://www.sec.gov/Archives/edgar/data/1052752/000095017024117098/gty-20240930.htm"
    },
    {
        "date": "2024-06-30",
        "symbol": "GTY",
        "reportedCurrency": "USD",
        "cik": "0001052752",
        "fillingDate": "2024-07-25",
        "acceptedDate": "2024-07-25 17:00:25",
        "calendarYear": "2024",
        "period": "Q2",
        "revenue": 49937000,
        "costOfRevenue": 3983000,
        "grossProfit": 45954000,
        "grossProfitRatio": 0.9202395018,
        "researchAndDevelopmentExpenses": 0,
        "generalAndAdministrativeExpenses": 6168000,
        "sellingAndMarketingExpenses": 0,
        "sellingGeneralAndAdministrativeExpenses": 6168000,
        "otherExpenses": 13593000,
        "operatingExpenses": 19761000,
        "costAndExpenses": 23744000,
        "interestIncome": 0,
        "interestExpense": 9662000,
        "depreciationAndAmortization": 13372000,
        "ebitda": 39936000,
        "ebitdaratio": 0.7997276568,
        "operatingIncome": 26193000,
        "operatingIncomeRatio": 0.5245208963,
        "totalOtherIncomeExpensesNet": -9482000,
        "incomeBeforeTax": 16711000,
        "incomeBeforeTaxRatio": 0.3346416485,
        "incomeTaxExpense": 0,
        "netIncome": 16711000,
        "netIncomeRatio": 0.3346416485,
        "eps": 0.3,
        "epsdiluted": 0.3,
        "weightedAverageShsOut": 53979000,
        "weightedAverageShsOutDil": 54011000,
        "link": "https://www.sec.gov/Archives/edgar/data/1052752/000095017024086604/0000950170-24-086604-index.htm",
        "finalLink": "https://www.sec.gov/Archives/edgar/data/1052752/000095017024086604/gty-20240630.htm"
    },
    {
        "date": "2024-03-31",
        "symbol": "GTY",
        "reportedCurrency": "USD",
        "cik": "0001052752",
        "fillingDate": "2024-04-26",
        "acceptedDate": "2024-04-26 16:45:34",
        "calendarYear": "2024",
        "period": "Q1",
        "revenue": 48970000,
        "costOfRevenue": 16355000,
        "grossProfit": 32615000,
        "grossProfitRatio": 0.6660200123,
        "researchAndDevelopmentExpenses": 0,
        "generalAndAdministrativeExpenses": 6656000,
        "sellingAndMarketingExpenses": 0,
        "sellingGeneralAndAdministrativeExpenses": 6656000,
        "otherExpenses": -17000,
        "operatingExpenses": 6639000,
        "costAndExpenses": 23230000,
        "interestIncome": 0,
        "interestExpense": 9135000,
        "depreciationAndAmortization": 12652000,
        "ebitda": 38628000,
        "ebitdaratio": 0.7888094752,
        "operatingIncome": 25740000,
        "operatingIncomeRatio": 0.5256279355,
        "totalOtherIncomeExpensesNet": -9017000,
        "incomeBeforeTax": 16723000,
        "incomeBeforeTaxRatio": 0.3414947927,
        "incomeTaxExpense": 0,
        "netIncome": 16723000,
        "netIncomeRatio": 0.3414947927,
        "eps": 0.3,
        "epsdiluted": 0.3,
        "weightedAverageShsOut": 53961000,
        "weightedAverageShsOutDil": 53969000,
        "link": "https://www.sec.gov/Archives/edgar/data/1052752/000095017024049250/0000950170-24-049250-index.htm",
        "finalLink": "https://www.sec.gov/Archives/edgar/data/1052752/000095017024049250/gty-20240331.htm"
    },
    {
        "date": "2023-12-31",
        "symbol": "GTY",
        "reportedCurrency": "USD",
        "cik": "0001052752",
        "fillingDate": "2024-02-15",
        "acceptedDate": "2024-02-15 17:02:19",
        "calendarYear": "2023",
        "period": "Q4",
        "revenue": 47642000,
        "costOfRevenue": 5568000,
        "grossProfit": 42074000,
        "grossProfitRatio": 0.8831283321,
        "researchAndDevelopmentExpenses": 0,
        "generalAndAdministrativeExpenses": 5793000,
        "sellingAndMarketingExpenses": 0,
        "sellingGeneralAndAdministrativeExpenses": 5793000,
        "otherExpenses": 11134000,
        "operatingExpenses": 16927000,
        "costAndExpenses": 22495000,
        "interestIncome": 0,
        "interestExpense": 8826000,
        "depreciationAndAmortization": 12716000,
        "ebitda": 35996000,
        "ebitdaratio": 0.755551824,
        "operatingIncome": 25147000,
        "operatingIncomeRatio": 0.5278325847,
        "totalOtherIncomeExpensesNet": -8635000,
        "incomeBeforeTax": 16512000,
        "incomeBeforeTaxRatio": 0.3465849461,
        "incomeTaxExpense": 0,
        "netIncome": 16512000,
        "netIncomeRatio": 0.3465849461,
        "eps": 0.3,
        "epsdiluted": 0.3,
        "weightedAverageShsOut": 52783000,
        "weightedAverageShsOutDil": 52880000,
        "link": "https://www.sec.gov/Archives/edgar/data/1052752/000095017024015982/0000950170-24-015982-index.htm",
        "finalLink": "https://www.sec.gov/Archives/edgar/data/1052752/000095017024015982/gty-20231231.htm"
    },
    {
        "date": "2023-09-30",
        "symbol": "GTY",
        "reportedCurrency": "USD",
        "cik": "0001052752",
        "fillingDate": "2023-10-26",
        "acceptedDate": "2023-10-26 17:03:59",
        "calendarYear": "2023",
        "period": "Q3",
        "revenue": 50486000,
        "costOfRevenue": 8710000,
        "grossProfit": 41776000,
        "grossProfitRatio": 0.8274769243,
        "researchAndDevelopmentExpenses": 0,
        "generalAndAdministrativeExpenses": 5745000,
        "sellingAndMarketingExpenses": 0,
        "sellingGeneralAndAdministrativeExpenses": 5745000,
        "otherExpenses": 12004000,
        "operatingExpenses": 17749000,
        "costAndExpenses": 26459000,
        "interestIncome": 0,
        "interestExpense": 8083000,
        "depreciationAndAmortization": 11428000,
        "ebitda": 35858000,
        "ebitdaratio": 0.7102563087,
        "operatingIncome": 24027000,
        "operatingIncomeRatio": 0.4759141148,
        "totalOtherIncomeExpensesNet": -7994000,
        "incomeBeforeTax": 16033000,
        "incomeBeforeTaxRatio": 0.3175731886,
        "incomeTaxExpense": 0,
        "netIncome": 16033000,
        "netIncomeRatio": 0.3175731886,
        "eps": 0.31,
        "epsdiluted": 0.31,
        "weightedAverageShsOut": 50621000,
        "weightedAverageShsOutDil": 50712000,
        "link": "https://www.sec.gov/Archives/edgar/data/1052752/000095017023055673/0000950170-23-055673-index.htm",
        "finalLink": "https://www.sec.gov/Archives/edgar/data/1052752/000095017023055673/gty-20230930.htm"
    },
    {
        "date": "2023-06-30",
        "symbol": "GTY",
        "reportedCurrency": "USD",
        "cik": "0001052752",
        "fillingDate": "2023-07-27",
        "acceptedDate": "2023-07-27 16:46:10",
        "calendarYear": "2023",
        "period": "Q2",
        "revenue": 44698000,
        "costOfRevenue": 4811000,
        "grossProfit": 39887000,
        "grossProfitRatio": 0.8923665488,
        "researchAndDevelopmentExpenses": 0,
        "generalAndAdministrativeExpenses": 5912000,
        "sellingAndMarketingExpenses": 0,
        "sellingGeneralAndAdministrativeExpenses": 5912000,
        "otherExpenses": 6000,
        "operatingExpenses": 17119000,
        "costAndExpenses": 21930000,
        "interestIncome": 0,
        "interestExpense": 7104000,
        "depreciationAndAmortization": 10864000,
        "ebitda": 31486000,
        "ebitdaratio": 0.704416305,
        "operatingIncome": 20622000,
        "operatingIncomeRatio": 0.4613629245,
        "totalOtherIncomeExpensesNet": -7098000,
        "incomeBeforeTax": 13524000,
        "incomeBeforeTaxRatio": 0.3025638731,
        "incomeTaxExpense": 0,
        "netIncome": 13524000,
        "netIncomeRatio": 0.3025638731,
        "eps": 0.26,
        "epsdiluted": 0.26,
        "weightedAverageShsOut": 49615000,
        "weightedAverageShsOutDil": 49989000,
        "link": "https://www.sec.gov/Archives/edgar/data/1052752/000095017023035202/0000950170-23-035202-index.htm",
        "finalLink": "https://www.sec.gov/Archives/edgar/data/1052752/000095017023035202/gty-20230630.htm"
    },
    {
        "date": "2023-03-31",
        "symbol": "GTY",
        "reportedCurrency": "USD",
        "cik": "0001052752",
        "fillingDate": "2023-04-27",
        "acceptedDate": "2023-04-27 16:46:11",
        "calendarYear": "2023",
        "period": "Q1",
        "revenue": 43020000,
        "costOfRevenue": 4700000,
        "grossProfit": 38320000,
        "grossProfitRatio": 0.8907484891,
        "researchAndDevelopmentExpenses": 0,
        "generalAndAdministrativeExpenses": 6285000,
        "sellingAndMarketingExpenses": 0,
        "sellingGeneralAndAdministrativeExpenses": 6285000,
        "otherExpenses": 10684000,
        "operatingExpenses": 16969000,
        "costAndExpenses": 21669000,
        "interestIncome": 0,
        "interestExpense": 7514000,
        "depreciationAndAmortization": 11879000,
        "ebitda": 33475000,
        "ebitdaratio": 0.7781264528,
        "operatingIncome": 21351000,
        "operatingIncomeRatio": 0.4963040446,
        "totalOtherIncomeExpensesNet": -7269000,
        "incomeBeforeTax": 14082000,
        "incomeBeforeTaxRatio": 0.3273361227,
        "incomeTaxExpense": 0,
        "netIncome": 14082000,
        "netIncomeRatio": 0.3273361227,
        "eps": 0.29,
        "epsdiluted": 0.28,
        "weightedAverageShsOut": 46989000,
        "weightedAverageShsOutDil": 47571000,
        "link": "https://www.sec.gov/Archives/edgar/data/1052752/000095017023015349/0000950170-23-015349-index.htm",
        "finalLink": "https://www.sec.gov/Archives/edgar/data/1052752/000095017023015349/gty-20230331.htm"
    },
    {
        "date": "2022-12-31",
        "symbol": "GTY",
        "reportedCurrency": "USD",
        "cik": "0001052752",
        "fillingDate": "2023-02-23",
        "acceptedDate": "2023-02-23 17:19:40",
        "calendarYear": "2022",
        "period": "Q4",
        "revenue": 43121000,
        "costOfRevenue": 5884000,
        "grossProfit": 37237000,
        "grossProfitRatio": 0.8635467638,
        "researchAndDevelopmentExpenses": 0,
        "generalAndAdministrativeExpenses": 5208000,
        "sellingAndMarketingExpenses": 0,
        "sellingGeneralAndAdministrativeExpenses": 5208000,
        "otherExpenses": 4904000,
        "operatingExpenses": 10112000,
        "costAndExpenses": 15996000,
        "interestIncome": 0,
        "interestExpense": 7312000,
        "depreciationAndAmortization": 10388000,
        "ebitda": 37553000,
        "ebitdaratio": 0.8708749797,
        "operatingIncome": 27165000,
        "operatingIncomeRatio": 0.6299714756,
        "totalOtherIncomeExpensesNet": -7271000,
        "incomeBeforeTax": 27312000,
        "incomeBeforeTaxRatio": 0.6333804875,
        "incomeTaxExpense": -7459000,
        "netIncome": 27312000,
        "netIncomeRatio": 0.6333804875,
        "eps": 0.57,
        "epsdiluted": 0.57,
        "weightedAverageShsOut": 46734000,
        "weightedAverageShsOutDil": 46891000,
        "link": "https://www.sec.gov/Archives/edgar/data/1052752/000095017023004172/0000950170-23-004172-index.htm",
        "finalLink": "https://www.sec.gov/Archives/edgar/data/1052752/000095017023004172/gty-20221231.htm"
    },
    {
        "date": "2022-09-30",
        "symbol": "GTY",
        "reportedCurrency": "USD",
        "cik": "0001052752",
        "fillingDate": "2022-10-27",
        "acceptedDate": "2022-10-27 17:01:28",
        "calendarYear": "2022",
        "period": "Q3",
        "revenue": 41966000,
        "costOfRevenue": 5719000,
        "grossProfit": 36247000,
        "grossProfitRatio": 0.8637230139,
        "researchAndDevelopmentExpenses": 0,
        "generalAndAdministrativeExpenses": 5024000,
        "sellingAndMarketingExpenses": 0,
        "sellingGeneralAndAdministrativeExpenses": 5024000,
        "otherExpenses": 10594000,
        "operatingExpenses": 15618000,
        "costAndExpenses": 21337000,
        "interestIncome": 0,
        "interestExpense": 6906000,
        "depreciationAndAmortization": 9962000,
        "ebitda": 30137000,
        "ebitdaratio": 0.7181289615,
        "operatingIncome": 20175000,
        "operatingIncomeRatio": 0.4807463184,
        "totalOtherIncomeExpensesNet": -6873000,
        "incomeBeforeTax": 13302000,
        "incomeBeforeTaxRatio": 0.3169708812,
        "incomeTaxExpense": 0,
        "netIncome": 13302000,
        "netIncomeRatio": 0.3169708812,
        "eps": 0.28,
        "epsdiluted": 0.28,
        "weightedAverageShsOut": 46734000,
        "weightedAverageShsOutDil": 46779000,
        "link": "https://www.sec.gov/Archives/edgar/data/1052752/000095017022020345/0000950170-22-020345-index.htm",
        "finalLink": "https://www.sec.gov/Archives/edgar/data/1052752/000095017022020345/gty-20220930.htm"
    },
    {
        "date": "2022-06-30",
        "symbol": "GTY",
        "reportedCurrency": "USD",
        "cik": "0001052752",
        "fillingDate": "2022-07-28",
        "acceptedDate": "2022-07-28 16:46:39",
        "calendarYear": "2022",
        "period": "Q2",
        "revenue": 41179000,
        "costOfRevenue": 5324000,
        "grossProfit": 35855000,
        "grossProfitRatio": 0.8707107992,
        "researchAndDevelopmentExpenses": 0,
        "generalAndAdministrativeExpenses": 5260000,
        "sellingAndMarketingExpenses": 0,
        "sellingGeneralAndAdministrativeExpenses": 5260000,
        "otherExpenses": -5986000,
        "operatingExpenses": -726000,
        "costAndExpenses": 4598000,
        "interestIncome": 0,
        "interestExpense": 6907000,
        "depreciationAndAmortization": 9924000,
        "ebitda": 47263000,
        "ebitdaratio": 1.1477452099,
        "operatingIncome": 37339000,
        "operatingIncomeRatio": 0.9067485854,
        "totalOtherIncomeExpensesNet": -6659000,
        "incomeBeforeTax": 30680000,
        "incomeBeforeTaxRatio": 0.7450399475,
        "incomeTaxExpense": 0,
        "netIncome": 30680000,
        "netIncomeRatio": 0.7450399475,
        "eps": 0.66,
        "epsdiluted": 0.66,
        "weightedAverageShsOut": 46733000,
        "weightedAverageShsOutDil": 46756000,
        "link": "https://www.sec.gov/Archives/edgar/data/1052752/000156459022026911/0001564590-22-026911-index.htm",
        "finalLink": "https://www.sec.gov/Archives/edgar/data/1052752/000156459022026911/gty-10q_20220630.htm"
    },
    {
        "date": "2022-03-31",
        "symbol": "GTY",
        "reportedCurrency": "USD",
        "cik": "0001052752",
        "fillingDate": "2022-04-28",
        "acceptedDate": "2022-04-28 16:19:20",
        "calendarYear": "2022",
        "period": "Q1",
        "revenue": 39321000,
        "costOfRevenue": 4626000,
        "grossProfit": 34695000,
        "grossProfitRatio": 0.8823529412,
        "researchAndDevelopmentExpenses": 0,
        "generalAndAdministrativeExpenses": 5128000,
        "sellingAndMarketingExpenses": 0,
        "sellingGeneralAndAdministrativeExpenses": 5128000,
        "otherExpenses": 9487000,
        "operatingExpenses": 14615000,
        "costAndExpenses": 19241000,
        "interestIncome": 0,
        "interestExpense": 6537000,
        "depreciationAndAmortization": 9628000,
        "ebitda": 34823000,
        "ebitdaratio": 0.8856081992,
        "operatingIncome": 25195000,
        "operatingIncomeRatio": 0.6407517611,
        "totalOtherIncomeExpensesNet": -6446000,
        "incomeBeforeTax": 18749000,
        "incomeBeforeTaxRatio": 0.4768190026,
        "incomeTaxExpense": 0,
        "netIncome": 18749000,
        "netIncomeRatio": 0.4768190026,
        "eps": 0.4,
        "epsdiluted": 0.4,
        "weightedAverageShsOut": 46721000,
        "weightedAverageShsOutDil": 46742000,
        "link": "https://www.sec.gov/Archives/edgar/data/1052752/000156459022016457/0001564590-22-016457-index.htm",
        "finalLink": "https://www.sec.gov/Archives/edgar/data/1052752/000156459022016457/gty-10q_20220331.htm"
    },
    {
        "date": "2021-12-31",
        "symbol": "GTY",
        "reportedCurrency": "USD",
        "cik": "0001052752",
        "fillingDate": "2022-02-24",
        "acceptedDate": "2022-02-24 17:16:00",
        "calendarYear": "2021",
        "period": "Q4",
        "revenue": 39354000,
        "costOfRevenue": 4672000,
        "grossProfit": 34682000,
        "grossProfitRatio": 0.8812827159,
        "researchAndDevelopmentExpenses": 0,
        "generalAndAdministrativeExpenses": -4846000,
        "sellingAndMarketingExpenses": 0,
        "sellingGeneralAndAdministrativeExpenses": -4846000,
        "otherExpenses": 649000,
        "operatingExpenses": -16585000,
        "costAndExpenses": -21257000,
        "interestIncome": 0,
        "interestExpense": 6208000,
        "depreciationAndAmortization": 9538000,
        "ebitda": 27635000,
        "ebitdaratio": 0.7022157849,
        "operatingIncome": 23591000,
        "operatingIncomeRatio": 0.5994562179,
        "totalOtherIncomeExpensesNet": -5559000,
        "incomeBeforeTax": 63894000,
        "incomeBeforeTaxRatio": 1.6235706663,
        "incomeTaxExpense": -5494000,
        "netIncome": 18032000,
        "netIncomeRatio": 0.4581999289,
        "eps": 0.39,
        "epsdiluted": 0.38,
        "weightedAverageShsOut": 45840000,
        "weightedAverageShsOutDil": 45939000,
        "link": "https://www.sec.gov/Archives/edgar/data/1052752/000156459022006773/0001564590-22-006773-index.htm",
        "finalLink": "https://www.sec.gov/Archives/edgar/data/1052752/000156459022006773/gty-10k_20211231.htm"
    },
    {
        "date": "2021-09-30",
        "symbol": "GTY",
        "reportedCurrency": "USD",
        "cik": "0001052752",
        "fillingDate": "2021-10-28",
        "acceptedDate": "2021-10-28 16:33:43",
        "calendarYear": "2021",
        "period": "Q3",
        "revenue": 40096000,
        "costOfRevenue": 6540000,
        "grossProfit": 33556000,
        "grossProfitRatio": 0.8368914605,
        "researchAndDevelopmentExpenses": 0,
        "generalAndAdministrativeExpenses": 4741000,
        "sellingAndMarketingExpenses": 0,
        "sellingGeneralAndAdministrativeExpenses": 4741000,
        "otherExpenses": 154000,
        "operatingExpenses": 14393000,
        "costAndExpenses": 20933000,
        "interestIncome": 0,
        "interestExpense": 6180000,
        "depreciationAndAmortization": 8895000,
        "ebitda": 28932000,
        "ebitdaratio": 0.7215682362,
        "operatingIncome": 20037000,
        "operatingIncomeRatio": 0.4997256584,
        "totalOtherIncomeExpensesNet": -6026000,
        "incomeBeforeTax": 14011000,
        "incomeBeforeTaxRatio": 0.3494363528,
        "incomeTaxExpense": 0,
        "netIncome": 14011000,
        "netIncomeRatio": 0.3494363528,
        "eps": 0.3,
        "epsdiluted": 0.3,
        "weightedAverageShsOut": 44955000,
        "weightedAverageShsOutDil": 45025000,
        "link": "https://www.sec.gov/Archives/edgar/data/1052752/000156459021052686/0001564590-21-052686-index.htm",
        "finalLink": "https://www.sec.gov/Archives/edgar/data/1052752/000156459021052686/gty-10q_20210930.htm"
    },
    {
        "date": "2021-06-30",
        "symbol": "GTY",
        "reportedCurrency": "USD",
        "cik": "0001052752",
        "fillingDate": "2021-07-29",
        "acceptedDate": "2021-07-29 16:54:20",
        "calendarYear": "2021",
        "period": "Q2",
        "revenue": 38678000,
        "costOfRevenue": 5564000,
        "grossProfit": 33114000,
        "grossProfitRatio": 0.8561456125,
        "researchAndDevelopmentExpenses": 0,
        "generalAndAdministrativeExpenses": 5055000,
        "sellingAndMarketingExpenses": 0,
        "sellingGeneralAndAdministrativeExpenses": 5055000,
        "otherExpenses": 208000,
        "operatingExpenses": 13780000,
        "costAndExpenses": 19344000,
        "interestIncome": 0,
        "interestExpense": 6155000,
        "depreciationAndAmortization": 8648000,
        "ebitda": 27485000,
        "ebitdaratio": 0.7106106831,
        "operatingIncome": 18837000,
        "operatingIncomeRatio": 0.4870210456,
        "totalOtherIncomeExpensesNet": -5947000,
        "incomeBeforeTax": 12890000,
        "incomeBeforeTaxRatio": 0.333264388,
        "incomeTaxExpense": 0,
        "netIncome": 12890000,
        "netIncomeRatio": 0.333264388,
        "eps": 0.28,
        "epsdiluted": 0.28,
        "weightedAverageShsOut": 44437000,
        "weightedAverageShsOutDil": 44470000,
        "link": "https://www.sec.gov/Archives/edgar/data/1052752/000156459021039198/0001564590-21-039198-index.htm",
        "finalLink": "https://www.sec.gov/Archives/edgar/data/1052752/000156459021039198/gty-10q_20210630.htm"
    },
    {
        "date": "2021-03-31",
        "symbol": "GTY",
        "reportedCurrency": "USD",
        "cik": "0001052752",
        "fillingDate": "2021-04-29",
        "acceptedDate": "2021-04-29 16:19:52",
        "calendarYear": "2021",
        "period": "Q1",
        "revenue": 37280000,
        "costOfRevenue": 5272000,
        "grossProfit": 32008000,
        "grossProfitRatio": 0.858583691,
        "researchAndDevelopmentExpenses": 0,
        "generalAndAdministrativeExpenses": 5509000,
        "sellingAndMarketingExpenses": 0,
        "sellingGeneralAndAdministrativeExpenses": 5509000,
        "otherExpenses": 64000,
        "operatingExpenses": 14459000,
        "costAndExpenses": 19731000,
        "interestIncome": 0,
        "interestExpense": 6129000,
        "depreciationAndAmortization": 8437000,
        "ebitda": 32429000,
        "ebitdaratio": 0.8698766094,
        "operatingIncome": 23992000,
        "operatingIncomeRatio": 0.6435622318,
        "totalOtherIncomeExpensesNet": -6065000,
        "incomeBeforeTax": 17927000,
        "incomeBeforeTaxRatio": 0.4808744635,
        "incomeTaxExpense": 0,
        "netIncome": 17927000,
        "netIncomeRatio": 0.4808744635,
        "eps": 0.4,
        "epsdiluted": 0.4,
        "weightedAverageShsOut": 43872000,
        "weightedAverageShsOutDil": 43875000,
        "link": "https://www.sec.gov/Archives/edgar/data/1052752/000156459021021981/0001564590-21-021981-index.htm",
        "finalLink": "https://www.sec.gov/Archives/edgar/data/1052752/000156459021021981/gty-10q_20210331.htm"
    },
    {
        "date": "2020-12-31",
        "symbol": "GTY",
        "reportedCurrency": "USD",
        "cik": "0001052752",
        "fillingDate": "2021-02-25",
        "acceptedDate": "2021-02-25 08:32:56",
        "calendarYear": "2020",
        "period": "Q4",
        "revenue": 37076000,
        "costOfRevenue": 5554000,
        "grossProfit": 31522000,
        "grossProfitRatio": 0.85019959,
        "researchAndDevelopmentExpenses": 0,
        "generalAndAdministrativeExpenses": 4527000,
        "sellingAndMarketingExpenses": 0,
        "sellingGeneralAndAdministrativeExpenses": 4527000,
        "otherExpenses": 20197000,
        "operatingExpenses": 12646000,
        "costAndExpenses": 18200000,
        "interestIncome": 0,
        "interestExpense": 6024000,
        "depreciationAndAmortization": 8134000,
        "ebitda": 27010000,
        "ebitdaratio": 0.7285036142,
        "operatingIncome": 20891000,
        "operatingIncomeRatio": 0.5634642356,
        "totalOtherIncomeExpensesNet": 12940000,
        "incomeBeforeTax": 33831000,
        "incomeBeforeTaxRatio": 0.9124770741,
        "incomeTaxExpense": 0,
        "netIncome": 33831000,
        "netIncomeRatio": 0.9124770741,
        "eps": 0.77,
        "epsdiluted": 0.77,
        "weightedAverageShsOut": 43081000,
        "weightedAverageShsOutDil": 43115000,
        "link": "https://www.sec.gov/Archives/edgar/data/1052752/000156459021008446/0001564590-21-008446-index.htm",
        "finalLink": "https://www.sec.gov/Archives/edgar/data/1052752/000156459021008446/gty-10k_20201231.htm"
    },
    {
        "date": "2020-09-30",
        "symbol": "GTY",
        "reportedCurrency": "USD",
        "cik": "0001052752",
        "fillingDate": "2020-10-22",
        "acceptedDate": "2020-10-22 16:08:47",
        "calendarYear": "2020",
        "period": "Q3",
        "revenue": 37903000,
        "costOfRevenue": 6640000,
        "grossProfit": 31263000,
        "grossProfitRatio": 0.8248159776,
        "researchAndDevelopmentExpenses": 0,
        "generalAndAdministrativeExpenses": 4154000,
        "sellingAndMarketingExpenses": 0,
        "sellingGeneralAndAdministrativeExpenses": 4154000,
        "otherExpenses": 376000,
        "operatingExpenses": 11807000,
        "costAndExpenses": 18447000,
        "interestIncome": 0,
        "interestExpense": 6705000,
        "depreciationAndAmortization": 7635000,
        "ebitda": 25848000,
        "ebitdaratio": 0.6819512967,
        "operatingIncome": 18213000,
        "operatingIncomeRatio": 0.4805160541,
        "totalOtherIncomeExpensesNet": -6329000,
        "incomeBeforeTax": 11884000,
        "incomeBeforeTaxRatio": 0.313537187,
        "incomeTaxExpense": 0,
        "netIncome": 11884000,
        "netIncomeRatio": 0.313537187,
        "eps": 0.27,
        "epsdiluted": 0.27,
        "weightedAverageShsOut": 42226000,
        "weightedAverageShsOutDil": 42254000,
        "link": "https://www.sec.gov/Archives/edgar/data/1052752/000156459020047269/0001564590-20-047269-index.htm",
        "finalLink": "https://www.sec.gov/Archives/edgar/data/1052752/000156459020047269/gty-10q_20200930.htm"
    },
    {
        "date": "2020-06-30",
        "symbol": "GTY",
        "reportedCurrency": "USD",
        "cik": "0001052752",
        "fillingDate": "2020-07-23",
        "acceptedDate": "2020-07-23 16:15:49",
        "calendarYear": "2020",
        "period": "Q2",
        "revenue": 37004000,
        "costOfRevenue": 6391000,
        "grossProfit": 30613000,
        "grossProfitRatio": 0.8272889417,
        "researchAndDevelopmentExpenses": 0,
        "generalAndAdministrativeExpenses": 4545000,
        "sellingAndMarketingExpenses": 0,
        "sellingGeneralAndAdministrativeExpenses": 4545000,
        "otherExpenses": 61000,
        "operatingExpenses": 12700000,
        "costAndExpenses": 19091000,
        "interestIncome": 0,
        "interestExpense": 6681000,
        "depreciationAndAmortization": 8292000,
        "ebitda": 25946000,
        "ebitdaratio": 0.7011674414,
        "operatingIncome": 17593000,
        "operatingIncomeRatio": 0.4754350881,
        "totalOtherIncomeExpensesNet": -6620000,
        "incomeBeforeTax": 10973000,
        "incomeBeforeTaxRatio": 0.2965355097,
        "incomeTaxExpense": 0,
        "netIncome": 10973000,
        "netIncomeRatio": 0.2965355097,
        "eps": 0.26,
        "epsdiluted": 0.26,
        "weightedAverageShsOut": 41456000,
        "weightedAverageShsOutDil": 41467000,
        "link": "https://www.sec.gov/Archives/edgar/data/1052752/000156459020033255/0001564590-20-033255-index.htm",
        "finalLink": "https://www.sec.gov/Archives/edgar/data/1052752/000156459020033255/gty-10q_20200630.htm"
    },
    {
        "date": "2020-03-31",
        "symbol": "GTY",
        "reportedCurrency": "USD",
        "cik": "0001052752",
        "fillingDate": "2020-05-06",
        "acceptedDate": "2020-05-06 16:14:17",
        "calendarYear": "2020",
        "period": "Q1",
        "revenue": 35363000,
        "costOfRevenue": 4935000,
        "grossProfit": 30428000,
        "grossProfitRatio": 0.8604473602,
        "researchAndDevelopmentExpenses": 0,
        "generalAndAdministrativeExpenses": 4068000,
        "sellingAndMarketingExpenses": 0,
        "sellingGeneralAndAdministrativeExpenses": 4068000,
        "otherExpenses": 495000,
        "operatingExpenses": 11386000,
        "costAndExpenses": 16321000,
        "interestIncome": 0,
        "interestExpense": 6675000,
        "depreciationAndAmortization": 7971000,
        "ebitda": 27346000,
        "ebitdaratio": 0.773294121,
        "operatingIncome": 18880000,
        "operatingIncomeRatio": 0.5338913554,
        "totalOtherIncomeExpensesNet": -6180000,
        "incomeBeforeTax": 12700000,
        "incomeBeforeTaxRatio": 0.3591324265,
        "incomeTaxExpense": 0,
        "netIncome": 12700000,
        "netIncomeRatio": 0.3591324265,
        "eps": 0.3,
        "epsdiluted": 0.3,
        "weightedAverageShsOut": 41383000,
        "weightedAverageShsOutDil": 41391000,
        "link": "https://www.sec.gov/Archives/edgar/data/1052752/000156459020021936/0001564590-20-021936-index.htm",
        "finalLink": "https://www.sec.gov/Archives/edgar/data/1052752/000156459020021936/gty-10q_20200331.htm"
    },
    {
        "date": "2019-12-31",
        "symbol": "GTY",
        "reportedCurrency": "USD",
        "cik": "0001052752",
        "fillingDate": "2020-02-27",
        "acceptedDate": "2020-02-27 16:25:15",
        "calendarYear": "2019",
        "period": "Q4",
        "revenue": 35890000,
        "costOfRevenue": 6588000,
        "grossProfit": 29302000,
        "grossProfitRatio": 0.8164391195,
        "researchAndDevelopmentExpenses": 0,
        "generalAndAdministrativeExpenses": 3767000,
        "sellingAndMarketingExpenses": 0,
        "sellingGeneralAndAdministrativeExpenses": 3767000,
        "otherExpenses": 246000,
        "operatingExpenses": 8463000,
        "costAndExpenses": 15051000,
        "interestIncome": 0,
        "interestExpense": 6453000,
        "depreciationAndAmortization": 6590000,
        "ebitda": 27429000,
        "ebitdaratio": 0.7642518807,
        "operatingIncome": 19915000,
        "operatingIncomeRatio": 0.5548899415,
        "totalOtherIncomeExpensesNet": -6206000,
        "incomeBeforeTax": 13708000,
        "incomeBeforeTaxRatio": 0.3819448314,
        "incomeTaxExpense": 0,
        "netIncome": 13708000,
        "netIncomeRatio": 0.3819448314,
        "eps": 0.33,
        "epsdiluted": 0.33,
        "weightedAverageShsOut": 41246000,
        "weightedAverageShsOutDil": 41302000,
        "link": "https://www.sec.gov/Archives/edgar/data/1052752/000156459020007390/0001564590-20-007390-index.htm",
        "finalLink": "https://www.sec.gov/Archives/edgar/data/1052752/000156459020007390/gty-10k_20191231.htm"
    },
    {
        "date": "2019-09-30",
        "symbol": "GTY",
        "reportedCurrency": "USD",
        "cik": "0001052752",
        "fillingDate": "2019-10-24",
        "acceptedDate": "2019-10-24 18:54:56",
        "calendarYear": "2019",
        "period": "Q3",
        "revenue": 36428000,
        "costOfRevenue": 7251000,
        "grossProfit": 29177000,
        "grossProfitRatio": 0.8009498188,
        "researchAndDevelopmentExpenses": 0,
        "generalAndAdministrativeExpenses": 3641000,
        "sellingAndMarketingExpenses": 0,
        "sellingGeneralAndAdministrativeExpenses": 3641000,
        "otherExpenses": 5637000,
        "operatingExpenses": 15749000,
        "costAndExpenses": 23000000,
        "interestIncome": 0,
        "interestExpense": 6247000,
        "depreciationAndAmortization": 6321000,
        "ebitda": 24722000,
        "ebitdaratio": 0.6786537828,
        "operatingIncome": 12500000,
        "operatingIncomeRatio": 0.3431426375,
        "totalOtherIncomeExpensesNet": -610000,
        "incomeBeforeTax": 11890000,
        "incomeBeforeTaxRatio": 0.3263972768,
        "incomeTaxExpense": 0,
        "netIncome": 11890000,
        "netIncomeRatio": 0.3263972768,
        "eps": 0.28,
        "epsdiluted": 0.28,
        "weightedAverageShsOut": 41139000,
        "weightedAverageShsOutDil": 41176000,
        "link": "https://www.sec.gov/Archives/edgar/data/1052752/000156459019037758/0001564590-19-037758-index.htm",
        "finalLink": "https://www.sec.gov/Archives/edgar/data/1052752/000156459019037758/gty-10q_20190930.htm"
    },
    {
        "date": "2019-06-30",
        "symbol": "GTY",
        "reportedCurrency": "USD",
        "cik": "0001052752",
        "fillingDate": "2019-07-25",
        "acceptedDate": "2019-07-25 16:01:58",
        "calendarYear": "2019",
        "period": "Q2",
        "revenue": 34288000,
        "costOfRevenue": 5643000,
        "grossProfit": 28645000,
        "grossProfitRatio": 0.8354234718,
        "researchAndDevelopmentExpenses": 0,
        "generalAndAdministrativeExpenses": 3798000,
        "sellingAndMarketingExpenses": 0,
        "sellingGeneralAndAdministrativeExpenses": 3798000,
        "otherExpenses": 1504000,
        "operatingExpenses": 10691000,
        "costAndExpenses": 16334000,
        "interestIncome": 0,
        "interestExpense": 5986000,
        "depreciationAndAmortization": 6151000,
        "ebitda": 24949000,
        "ebitdaratio": 0.727630658,
        "operatingIncome": 17680000,
        "operatingIncomeRatio": 0.5156322912,
        "totalOtherIncomeExpensesNet": -4482000,
        "incomeBeforeTax": 13198000,
        "incomeBeforeTaxRatio": 0.3849160056,
        "incomeTaxExpense": 0,
        "netIncome": 13198000,
        "netIncomeRatio": 0.3849160056,
        "eps": 0.32,
        "epsdiluted": 0.32,
        "weightedAverageShsOut": 41024000,
        "weightedAverageShsOutDil": 41049000,
        "link": "https://www.sec.gov/Archives/edgar/data/1052752/000156459019026113/0001564590-19-026113-index.htm",
        "finalLink": "https://www.sec.gov/Archives/edgar/data/1052752/000156459019026113/gty-10q_20190630.htm"
    },
    {
        "date": "2019-03-31",
        "symbol": "GTY",
        "reportedCurrency": "USD",
        "cik": "0001052752",
        "fillingDate": "2019-05-01",
        "acceptedDate": "2019-05-01 16:07:14",
        "calendarYear": "2019",
        "period": "Q1",
        "revenue": 34049000,
        "costOfRevenue": 5495000,
        "grossProfit": 28554000,
        "grossProfitRatio": 0.8386149373,
        "researchAndDevelopmentExpenses": 0,
        "generalAndAdministrativeExpenses": 3977000,
        "sellingAndMarketingExpenses": 0,
        "sellingGeneralAndAdministrativeExpenses": 3977000,
        "otherExpenses": 205000,
        "operatingExpenses": 11064000,
        "costAndExpenses": 16559000,
        "interestIncome": 0,
        "interestExpense": 5946000,
        "depreciationAndAmortization": 6099000,
        "ebitda": 22767000,
        "ebitdaratio": 0.6686539986,
        "operatingIncome": 16668000,
        "operatingIncomeRatio": 0.4895297953,
        "totalOtherIncomeExpensesNet": -5741000,
        "incomeBeforeTax": 10927000,
        "incomeBeforeTaxRatio": 0.3209198508,
        "incomeTaxExpense": 0,
        "netIncome": 10927000,
        "netIncomeRatio": 0.3209198508,
        "eps": 0.26,
        "epsdiluted": 0.26,
        "weightedAverageShsOut": 40873000,
        "weightedAverageShsOutDil": 40891000,
        "link": "https://www.sec.gov/Archives/edgar/data/1052752/000156459019014810/0001564590-19-014810-index.htm",
        "finalLink": "https://www.sec.gov/Archives/edgar/data/1052752/000156459019014810/gty-10q_20190331.htm"
    },
    {
        "date": "2018-12-31",
        "symbol": "GTY",
        "reportedCurrency": "USD",
        "cik": "0001052752",
        "fillingDate": "2019-02-27",
        "acceptedDate": "2019-02-27 17:09:10",
        "calendarYear": "2018",
        "period": "Q4",
        "revenue": 35054000,
        "costOfRevenue": 6692000,
        "grossProfit": 28362000,
        "grossProfitRatio": 0.8090945399,
        "researchAndDevelopmentExpenses": 0,
        "generalAndAdministrativeExpenses": 3663000,
        "sellingAndMarketingExpenses": 0,
        "sellingGeneralAndAdministrativeExpenses": 3663000,
        "otherExpenses": 2220000,
        "operatingExpenses": 10650000,
        "costAndExpenses": 17342000,
        "interestIncome": 0,
        "interestExpense": 5920000,
        "depreciationAndAmortization": 6067000,
        "ebitda": 23778000,
        "ebitdaratio": 0.6783248702,
        "operatingIncome": 17108000,
        "operatingIncomeRatio": 0.4880470132,
        "totalOtherIncomeExpensesNet": -7336000,
        "incomeBeforeTax": 13408000,
        "incomeBeforeTaxRatio": 0.3824955783,
        "incomeTaxExpense": 1005000,
        "netIncome": 13190000,
        "netIncomeRatio": 0.3762766018,
        "eps": 0.32,
        "epsdiluted": 0.32,
        "weightedAverageShsOut": 40631000,
        "weightedAverageShsOutDil": 40663000,
        "link": "https://www.sec.gov/Archives/edgar/data/1052752/000156459019004983/0001564590-19-004983-index.htm",
        "finalLink": "https://www.sec.gov/Archives/edgar/data/1052752/000156459019004983/gty-10k_20181231.htm"
    },
    {
        "date": "2018-09-30",
        "symbol": "GTY",
        "reportedCurrency": "USD",
        "cik": "0001052752",
        "fillingDate": "2018-10-25",
        "acceptedDate": "2018-10-25 16:01:45",
        "calendarYear": "2018",
        "period": "Q3",
        "revenue": 34694000,
        "costOfRevenue": 5592000,
        "grossProfit": 29102000,
        "grossProfitRatio": 0.8388193924,
        "researchAndDevelopmentExpenses": 0,
        "generalAndAdministrativeExpenses": 3556000,
        "sellingAndMarketingExpenses": 0,
        "sellingGeneralAndAdministrativeExpenses": 3556000,
        "otherExpenses": -78000,
        "operatingExpenses": 11189000,
        "costAndExpenses": 16781000,
        "interestIncome": 0,
        "interestExpense": 6060000,
        "depreciationAndAmortization": 6068000,
        "ebitda": 23252000,
        "ebitdaratio": 0.6702023405,
        "operatingIncome": 17184000,
        "operatingIncomeRatio": 0.4953017813,
        "totalOtherIncomeExpensesNet": -6240000,
        "incomeBeforeTax": 11017000,
        "incomeBeforeTaxRatio": 0.3175477028,
        "incomeTaxExpense": 0,
        "netIncome": 10944000,
        "netIncomeRatio": 0.3154435926,
        "eps": 0.27,
        "epsdiluted": 0.27,
        "weightedAverageShsOut": 40430000,
        "weightedAverageShsOutDil": 40455000,
        "link": "https://www.sec.gov/Archives/edgar/data/1052752/000156459018025107/0001564590-18-025107-index.htm",
        "finalLink": "https://www.sec.gov/Archives/edgar/data/1052752/000156459018025107/gty-10q_20180930.htm"
    },
    {
        "date": "2018-06-30",
        "symbol": "GTY",
        "reportedCurrency": "USD",
        "cik": "0001052752",
        "fillingDate": "2018-07-26",
        "acceptedDate": "2018-07-26 16:32:06",
        "calendarYear": "2018",
        "period": "Q2",
        "revenue": 34242000,
        "costOfRevenue": 6429000,
        "grossProfit": 27813000,
        "grossProfitRatio": 0.8122481163,
        "researchAndDevelopmentExpenses": 0,
        "generalAndAdministrativeExpenses": 3855000,
        "sellingAndMarketingExpenses": 0,
        "sellingGeneralAndAdministrativeExpenses": 3855000,
        "otherExpenses": 224000,
        "operatingExpenses": 11085000,
        "costAndExpenses": 17514000,
        "interestIncome": 0,
        "interestExpense": 5314000,
        "depreciationAndAmortization": 5907000,
        "ebitda": 21804000,
        "ebitdaratio": 0.6367618714,
        "operatingIncome": 15897000,
        "operatingIncomeRatio": 0.4642544244,
        "totalOtherIncomeExpensesNet": -5090000,
        "incomeBeforeTax": 13823000,
        "incomeBeforeTaxRatio": 0.4036855324,
        "incomeTaxExpense": -1543000,
        "netIncome": 13540000,
        "netIncomeRatio": 0.3954208282,
        "eps": 0.33,
        "epsdiluted": 0.33,
        "weightedAverageShsOut": 39901000,
        "weightedAverageShsOutDil": 39914000,
        "link": "https://www.sec.gov/Archives/edgar/data/1052752/000156459018017620/0001564590-18-017620-index.htm",
        "finalLink": "https://www.sec.gov/Archives/edgar/data/1052752/000156459018017620/gty-10q_20180630.htm"
    },
    {
        "date": "2018-03-31",
        "symbol": "GTY",
        "reportedCurrency": "USD",
        "cik": "0001052752",
        "fillingDate": "2018-05-09",
        "acceptedDate": "2018-05-09 16:07:30",
        "calendarYear": "2018",
        "period": "Q1",
        "revenue": 32116000,
        "costOfRevenue": 4935000,
        "grossProfit": 27181000,
        "grossProfitRatio": 0.8463382738,
        "researchAndDevelopmentExpenses": 0,
        "generalAndAdministrativeExpenses": 3587000,
        "sellingAndMarketingExpenses": 0,
        "sellingGeneralAndAdministrativeExpenses": 3587000,
        "otherExpenses": 363000,
        "operatingExpenses": 10554000,
        "costAndExpenses": 15489000,
        "interestIncome": 0,
        "interestExpense": 5050000,
        "depreciationAndAmortization": 5594000,
        "ebitda": 19794000,
        "ebitdaratio": 0.6163283099,
        "operatingIncome": 14200000,
        "operatingIncomeRatio": 0.4421472163,
        "totalOtherIncomeExpensesNet": -4687000,
        "incomeBeforeTax": 10162000,
        "incomeBeforeTaxRatio": 0.3164154938,
        "incomeTaxExpense": 1908000,
        "netIncome": 10032000,
        "netIncomeRatio": 0.3123676672,
        "eps": 0.25,
        "epsdiluted": 0.25,
        "weightedAverageShsOut": 39710000,
        "weightedAverageShsOutDil": 39712000,
        "link": "https://www.sec.gov/Archives/edgar/data/1052752/000156459018012396/0001564590-18-012396-index.htm",
        "finalLink": "https://www.sec.gov/Archives/edgar/data/1052752/000156459018012396/gty-10q_20180331.htm"
    },
    {
        "date": "2017-12-31",
        "symbol": "GTY",
        "reportedCurrency": "USD",
        "cik": "0001052752",
        "fillingDate": "2018-03-01",
        "acceptedDate": "2018-03-01 17:05:44",
        "calendarYear": "2017",
        "period": "Q4",
        "revenue": 34002000,
        "costOfRevenue": 6974000,
        "grossProfit": 27028000,
        "grossProfitRatio": 0.794894418,
        "researchAndDevelopmentExpenses": 0,
        "generalAndAdministrativeExpenses": 3317000,
        "sellingAndMarketingExpenses": 0,
        "sellingGeneralAndAdministrativeExpenses": 3317000,
        "otherExpenses": 3527000,
        "operatingExpenses": 11114000,
        "costAndExpenses": 18088000,
        "interestIncome": 733000,
        "interestExpense": 5092000,
        "depreciationAndAmortization": 5625000,
        "ebitda": 21537000,
        "ebitdaratio": 0.6334039174,
        "operatingIncome": 14184000,
        "operatingIncomeRatio": 0.4171519322,
        "totalOtherIncomeExpensesNet": -863000,
        "incomeBeforeTax": 13321000,
        "incomeBeforeTaxRatio": 0.3917710723,
        "incomeTaxExpense": 1834000,
        "netIncome": 13036000,
        "netIncomeRatio": 0.3833892124,
        "eps": 0.33,
        "epsdiluted": 0.33,
        "weightedAverageShsOut": 39623000,
        "weightedAverageShsOutDil": 39623000,
        "link": "https://www.sec.gov/Archives/edgar/data/1052752/000156459018004142/0001564590-18-004142-index.htm",
        "finalLink": "https://www.sec.gov/Archives/edgar/data/1052752/000156459018004142/gty-10k_20171231.htm"
    },
    {
        "date": "2017-09-30",
        "symbol": "GTY",
        "reportedCurrency": "USD",
        "cik": "0001052752",
        "fillingDate": "2017-10-26",
        "acceptedDate": "2017-10-26 16:28:25",
        "calendarYear": "2017",
        "period": "Q3",
        "revenue": 29464000,
        "costOfRevenue": 5307000,
        "grossProfit": 24157000,
        "grossProfitRatio": 0.8198818898,
        "researchAndDevelopmentExpenses": 0,
        "generalAndAdministrativeExpenses": 3395000,
        "sellingAndMarketingExpenses": 0,
        "sellingGeneralAndAdministrativeExpenses": 3395000,
        "otherExpenses": 881000,
        "operatingExpenses": 9257000,
        "costAndExpenses": 14564000,
        "interestIncome": 752000,
        "interestExpense": 4319000,
        "depreciationAndAmortization": 4678000,
        "ebitda": 17411000,
        "ebitdaratio": 0.5909245181,
        "operatingIncome": 12733000,
        "operatingIncomeRatio": 0.4321544936,
        "totalOtherIncomeExpensesNet": -3275000,
        "incomeBeforeTax": 9458000,
        "incomeBeforeTaxRatio": 0.3210019006,
        "incomeTaxExpense": 0,
        "netIncome": 9340000,
        "netIncomeRatio": 0.3169970133,
        "eps": 0.24,
        "epsdiluted": 0.24,
        "weightedAverageShsOut": 38702000,
        "weightedAverageShsOutDil": 38702000,
        "link": "https://www.sec.gov/Archives/edgar/data/1052752/000156459017020189/0001564590-17-020189-index.htm",
        "finalLink": "https://www.sec.gov/Archives/edgar/data/1052752/000156459017020189/gty-10q_20170930.htm"
    },
    {
        "date": "2017-06-30",
        "symbol": "GTY",
        "reportedCurrency": "USD",
        "cik": "0001052752",
        "fillingDate": "2017-07-28",
        "acceptedDate": "2017-07-28 16:43:37",
        "calendarYear": "2017",
        "period": "Q2",
        "revenue": 29037000,
        "costOfRevenue": 5251000,
        "grossProfit": 23786000,
        "grossProfitRatio": 0.8191617591,
        "researchAndDevelopmentExpenses": 0,
        "generalAndAdministrativeExpenses": 3673000,
        "sellingAndMarketingExpenses": 0,
        "sellingGeneralAndAdministrativeExpenses": 3673000,
        "otherExpenses": 3876000,
        "operatingExpenses": 8422000,
        "costAndExpenses": 13673000,
        "interestIncome": 748000,
        "interestExpense": 4280000,
        "depreciationAndAmortization": 4394000,
        "ebitda": 18844000,
        "ebitdaratio": 0.6489651135,
        "operatingIncome": 14450000,
        "operatingIncomeRatio": 0.4976409409,
        "totalOtherIncomeExpensesNet": 106000,
        "incomeBeforeTax": 14553000,
        "incomeBeforeTaxRatio": 0.5011881393,
        "incomeTaxExpense": -146000,
        "netIncome": 15106000,
        "netIncomeRatio": 0.5202328064,
        "eps": 0.43,
        "epsdiluted": 0.43,
        "weightedAverageShsOut": 34634000,
        "weightedAverageShsOutDil": 34634000,
        "link": "https://www.sec.gov/Archives/edgar/data/1052752/000156459017014406/0001564590-17-014406-index.htm",
        "finalLink": "https://www.sec.gov/Archives/edgar/data/1052752/000156459017014406/gty-10q_20170630.htm"
    },
    {
        "date": "2017-03-31",
        "symbol": "GTY",
        "reportedCurrency": "USD",
        "cik": "0001052752",
        "fillingDate": "2017-05-05",
        "acceptedDate": "2017-05-05 16:30:02",
        "calendarYear": "2017",
        "period": "Q1",
        "revenue": 27648000,
        "costOfRevenue": 4531000,
        "grossProfit": 23117000,
        "grossProfitRatio": 0.8361183449,
        "researchAndDevelopmentExpenses": 0,
        "generalAndAdministrativeExpenses": 3493000,
        "sellingAndMarketingExpenses": 0,
        "sellingGeneralAndAdministrativeExpenses": 3493000,
        "otherExpenses": 234000,
        "operatingExpenses": 7477000,
        "costAndExpenses": 12008000,
        "interestIncome": 758000,
        "interestExpense": 4080000,
        "depreciationAndAmortization": 4392000,
        "ebitda": 17748000,
        "ebitdaratio": 0.6419270833,
        "operatingIncome": 13356000,
        "operatingIncomeRatio": 0.4830729167,
        "totalOtherIncomeExpensesNet": -2715000,
        "incomeBeforeTax": 9179000,
        "incomeBeforeTaxRatio": 0.331995081,
        "incomeTaxExpense": 2090000,
        "netIncome": 9704000,
        "netIncomeRatio": 0.3509837963,
        "eps": 0.28,
        "epsdiluted": 0.28,
        "weightedAverageShsOut": 34555000,
        "weightedAverageShsOutDil": 34555000,
        "link": "https://www.sec.gov/Archives/edgar/data/1052752/000119312517160879/0001193125-17-160879-index.htm",
        "finalLink": "https://www.sec.gov/Archives/edgar/data/1052752/000119312517160879/d376739d10q.htm"
    },
    {
        "date": "2016-12-31",
        "symbol": "GTY",
        "reportedCurrency": "USD",
        "cik": "0001052752",
        "fillingDate": "2017-03-02",
        "acceptedDate": "2017-03-02 17:16:14",
        "calendarYear": "2016",
        "period": "Q4",
        "revenue": 29719000,
        "costOfRevenue": 6559000,
        "grossProfit": 23160000,
        "grossProfitRatio": 0.7792994381,
        "researchAndDevelopmentExpenses": 0,
        "generalAndAdministrativeExpenses": 3047000,
        "sellingAndMarketingExpenses": 0,
        "sellingGeneralAndAdministrativeExpenses": 3047000,
        "otherExpenses": 608000,
        "operatingExpenses": 7676000,
        "costAndExpenses": 14235000,
        "interestIncome": 773000,
        "interestExpense": 4035000,
        "depreciationAndAmortization": 4521000,
        "ebitda": 20005000,
        "ebitdaratio": 0.6731383963,
        "operatingIncome": 13806000,
        "operatingIncomeRatio": 0.4645512971,
        "totalOtherIncomeExpensesNet": -2386000,
        "incomeBeforeTax": 11420000,
        "incomeBeforeTaxRatio": 0.3842659578,
        "incomeTaxExpense": 0,
        "netIncome": 8328000,
        "netIncomeRatio": 0.280224772,
        "eps": 0.24,
        "epsdiluted": 0.24,
        "weightedAverageShsOut": 34074000,
        "weightedAverageShsOutDil": 34074000,
        "link": "https://www.sec.gov/Archives/edgar/data/1052752/000119312517067946/0001193125-17-067946-index.htm",
        "finalLink": "https://www.sec.gov/Archives/edgar/data/1052752/000119312517067946/d266362d10k.htm"
    },
    {
        "date": "2016-09-30",
        "symbol": "GTY",
        "reportedCurrency": "USD",
        "cik": "0001052752",
        "fillingDate": "2016-10-27",
        "acceptedDate": "2016-10-27 13:48:01",
        "calendarYear": "2016",
        "period": "Q3",
        "revenue": 28511000,
        "costOfRevenue": 5202000,
        "grossProfit": 23309000,
        "grossProfitRatio": 0.8175441058,
        "researchAndDevelopmentExpenses": 0,
        "generalAndAdministrativeExpenses": 3257000,
        "sellingAndMarketingExpenses": 0,
        "sellingGeneralAndAdministrativeExpenses": 3257000,
        "otherExpenses": 644000,
        "operatingExpenses": 9420000,
        "costAndExpenses": 14622000,
        "interestIncome": 786000,
        "interestExpense": 4156000,
        "depreciationAndAmortization": 5411000,
        "ebitda": 18148000,
        "ebitdaratio": 0.636526253,
        "operatingIncome": 12737000,
        "operatingIncomeRatio": 0.4467398548,
        "totalOtherIncomeExpensesNet": -3501000,
        "incomeBeforeTax": 9236000,
        "incomeBeforeTaxRatio": 0.323945144,
        "incomeTaxExpense": 1573000,
        "netIncome": 8804000,
        "netIncomeRatio": 0.3087930974,
        "eps": 0.26,
        "epsdiluted": 0.26,
        "weightedAverageShsOut": 33776000,
        "weightedAverageShsOutDil": 33776000,
        "link": "https://www.sec.gov/Archives/edgar/data/1052752/000119312516749427/0001193125-16-749427-index.htm",
        "finalLink": "https://www.sec.gov/Archives/edgar/data/1052752/000119312516749427/d195158d10q.htm"
    },
    {
        "date": "2016-06-30",
        "symbol": "GTY",
        "reportedCurrency": "USD",
        "cik": "0001052752",
        "fillingDate": "2016-08-05",
        "acceptedDate": "2016-08-05 10:55:55",
        "calendarYear": "2016",
        "period": "Q2",
        "revenue": 28608000,
        "costOfRevenue": 5674000,
        "grossProfit": 22934000,
        "grossProfitRatio": 0.8016638702,
        "researchAndDevelopmentExpenses": 0,
        "generalAndAdministrativeExpenses": 3806000,
        "sellingAndMarketingExpenses": 0,
        "sellingGeneralAndAdministrativeExpenses": 3806000,
        "otherExpenses": 799000,
        "operatingExpenses": 8647000,
        "costAndExpenses": 14321000,
        "interestIncome": 865000,
        "interestExpense": 4155000,
        "depreciationAndAmortization": 4616000,
        "ebitda": 19702000,
        "ebitdaratio": 0.6886884787,
        "operatingIncome": 12218000,
        "operatingIncomeRatio": 0.4270833333,
        "totalOtherIncomeExpensesNet": 1420000,
        "incomeBeforeTax": 13583000,
        "incomeBeforeTaxRatio": 0.4747972595,
        "incomeTaxExpense": -2645000,
        "netIncome": 13576000,
        "netIncomeRatio": 0.4745525727,
        "eps": 0.4,
        "epsdiluted": 0.4,
        "weightedAverageShsOut": 33714000,
        "weightedAverageShsOutDil": 33714000,
        "link": "https://www.sec.gov/Archives/edgar/data/1052752/000119312516672910/0001193125-16-672910-index.htm",
        "finalLink": "https://www.sec.gov/Archives/edgar/data/1052752/000119312516672910/d223516d10q.htm"
    },
    {
        "date": "2016-03-31",
        "symbol": "GTY",
        "reportedCurrency": "USD",
        "cik": "0001052752",
        "fillingDate": "2016-05-05",
        "acceptedDate": "2016-05-05 16:07:15",
        "calendarYear": "2016",
        "period": "Q1",
        "revenue": 28427000,
        "costOfRevenue": 5290000,
        "grossProfit": 23137000,
        "grossProfitRatio": 0.8139093116,
        "researchAndDevelopmentExpenses": 0,
        "generalAndAdministrativeExpenses": 4044000,
        "sellingAndMarketingExpenses": 0,
        "sellingGeneralAndAdministrativeExpenses": 4044000,
        "otherExpenses": -24000,
        "operatingExpenses": 9711000,
        "costAndExpenses": 15001000,
        "interestIncome": 1118000,
        "interestExpense": 4215000,
        "depreciationAndAmortization": 4622000,
        "ebitda": 16679000,
        "ebitdaratio": 0.5867309248,
        "operatingIncome": 11437000,
        "operatingIncomeRatio": 0.4023287719,
        "totalOtherIncomeExpensesNet": -3595000,
        "incomeBeforeTax": 7842000,
        "incomeBeforeTaxRatio": 0.275864495,
        "incomeTaxExpense": 0,
        "netIncome": 7703000,
        "netIncomeRatio": 0.2709747775,
        "eps": 0.23,
        "epsdiluted": 0.23,
        "weightedAverageShsOut": 33659000,
        "weightedAverageShsOutDil": 33659000,
        "link": "https://www.sec.gov/Archives/edgar/data/1052752/000119312516579862/0001193125-16-579862-index.htm",
        "finalLink": "https://www.sec.gov/Archives/edgar/data/1052752/000119312516579862/d177761d10q.htm"
    },
    {
        "date": "2015-12-31",
        "symbol": "GTY",
        "reportedCurrency": "USD",
        "cik": "0001052752",
        "fillingDate": "2016-03-10",
        "acceptedDate": "2016-03-10 17:18:39",
        "calendarYear": "2015",
        "period": "Q4",
        "revenue": 29790000,
        "costOfRevenue": 5646000,
        "grossProfit": 24144000,
        "grossProfitRatio": 0.8104733132,
        "researchAndDevelopmentExpenses": 0,
        "generalAndAdministrativeExpenses": 4062000,
        "sellingAndMarketingExpenses": 0,
        "sellingGeneralAndAdministrativeExpenses": 4062000,
        "otherExpenses": 10796000,
        "operatingExpenses": 10178000,
        "costAndExpenses": 15824000,
        "interestIncome": 1226000,
        "interestExpense": 4279000,
        "depreciationAndAmortization": 4783000,
        "ebitda": 18960500,
        "ebitdaratio": 0.6364719705,
        "operatingIncome": 13032000,
        "operatingIncomeRatio": 0.4374622356,
        "totalOtherIncomeExpensesNet": 7352000,
        "incomeBeforeTax": 20384000,
        "incomeBeforeTaxRatio": 0.6842564619,
        "incomeTaxExpense": 649000,
        "netIncome": 19893000,
        "netIncomeRatio": 0.6677744209,
        "eps": 0.59,
        "epsdiluted": 0.59,
        "weightedAverageShsOut": 33422000,
        "weightedAverageShsOutDil": 33422000,
        "link": "https://www.sec.gov/Archives/edgar/data/1052752/000119312516500301/0001193125-16-500301-index.htm",
        "finalLink": "https://www.sec.gov/Archives/edgar/data/1052752/000119312516500301/d62672d10k.htm"
    },
    {
        "date": "2015-09-30",
        "symbol": "GTY",
        "reportedCurrency": "USD",
        "cik": "0001052752",
        "fillingDate": "2015-11-06",
        "acceptedDate": "2015-11-06 16:25:17",
        "calendarYear": "2015",
        "period": "Q3",
        "revenue": 29987000,
        "costOfRevenue": 6319000,
        "grossProfit": 23668000,
        "grossProfitRatio": 0.7892753527,
        "researchAndDevelopmentExpenses": 0,
        "generalAndAdministrativeExpenses": 4244000,
        "sellingAndMarketingExpenses": 0,
        "sellingGeneralAndAdministrativeExpenses": 4244000,
        "otherExpenses": 121000,
        "operatingExpenses": 10783000,
        "costAndExpenses": 17102000,
        "interestIncome": 910000,
        "interestExpense": 4479000,
        "depreciationAndAmortization": 4629000,
        "ebitda": 17631000,
        "ebitdaratio": 0.5879547804,
        "operatingIncome": 11185000,
        "operatingIncomeRatio": 0.3729949645,
        "totalOtherIncomeExpensesNet": -2662000,
        "incomeBeforeTax": 8523000,
        "incomeBeforeTaxRatio": 0.2842231634,
        "incomeTaxExpense": 0,
        "netIncome": 7035000,
        "netIncomeRatio": 0.2346016607,
        "eps": 0.21,
        "epsdiluted": 0.21,
        "weightedAverageShsOut": 33422000,
        "weightedAverageShsOutDil": 33422000,
        "link": "https://www.sec.gov/Archives/edgar/data/1052752/000119312515370207/0001193125-15-370207-index.htm",
        "finalLink": "https://www.sec.gov/Archives/edgar/data/1052752/000119312515370207/d26797d10q.htm"
    },
    {
        "date": "2015-06-30",
        "symbol": "GTY",
        "reportedCurrency": "USD",
        "cik": "0001052752",
        "fillingDate": "2015-08-10",
        "acceptedDate": "2015-08-10 16:32:01",
        "calendarYear": "2015",
        "period": "Q2",
        "revenue": 26242000,
        "costOfRevenue": 5502000,
        "grossProfit": 20740000,
        "grossProfitRatio": 0.7903361024,
        "researchAndDevelopmentExpenses": 0,
        "generalAndAdministrativeExpenses": 4835000,
        "sellingAndMarketingExpenses": 0,
        "sellingGeneralAndAdministrativeExpenses": 4835000,
        "otherExpenses": 7379000,
        "operatingExpenses": 10962000,
        "costAndExpenses": 16464000,
        "interestIncome": 781000,
        "interestExpense": 3353000,
        "depreciationAndAmortization": 4018000,
        "ebitda": 18833000,
        "ebitdaratio": 0.7176663364,
        "operatingIncome": 7772000,
        "operatingIncomeRatio": 0.2961664507,
        "totalOtherIncomeExpensesNet": 3986000,
        "incomeBeforeTax": 11758000,
        "incomeBeforeTaxRatio": 0.4480603613,
        "incomeTaxExpense": 2185000,
        "netIncome": 11619000,
        "netIncomeRatio": 0.4427635089,
        "eps": 0.34,
        "epsdiluted": 0.34,
        "weightedAverageShsOut": 33420000,
        "weightedAverageShsOutDil": 33420000,
        "link": "https://www.sec.gov/Archives/edgar/data/1052752/000119312515284950/0001193125-15-284950-index.htm",
        "finalLink": "https://www.sec.gov/Archives/edgar/data/1052752/000119312515284950/d941957d10q.htm"
    },
    {
        "date": "2015-03-31",
        "symbol": "GTY",
        "reportedCurrency": "USD",
        "cik": "0001052752",
        "fillingDate": "2015-05-11",
        "acceptedDate": "2015-05-11 16:16:55",
        "calendarYear": "2015",
        "period": "Q1",
        "revenue": 24701000,
        "costOfRevenue": 6144000,
        "grossProfit": 18557000,
        "grossProfitRatio": 0.751265131,
        "researchAndDevelopmentExpenses": 0,
        "generalAndAdministrativeExpenses": 3789000,
        "sellingAndMarketingExpenses": 0,
        "sellingGeneralAndAdministrativeExpenses": 3789000,
        "otherExpenses": 4000,
        "operatingExpenses": 9294000,
        "costAndExpenses": 15438000,
        "interestIncome": 781000,
        "interestExpense": 2383000,
        "depreciationAndAmortization": 3803000,
        "ebitda": 13070000,
        "ebitdaratio": 0.5291283754,
        "operatingIncome": 2535000,
        "operatingIncomeRatio": 0.102627424,
        "totalOtherIncomeExpensesNet": -2616000,
        "incomeBeforeTax": -62000,
        "incomeBeforeTaxRatio": -0.0025100198,
        "incomeTaxExpense": 8021000,
        "netIncome": -1137000,
        "netIncomeRatio": -0.0460305251,
        "eps": -0.034,
        "epsdiluted": -0.034,
        "weightedAverageShsOut": 33417000,
        "weightedAverageShsOutDil": 33417000,
        "link": "https://www.sec.gov/Archives/edgar/data/1052752/000119312515181970/0001193125-15-181970-index.htm",
        "finalLink": "https://www.sec.gov/Archives/edgar/data/1052752/000119312515181970/d901978d10q.htm"
    },
    {
        "date": "2014-12-31",
        "symbol": "GTY",
        "reportedCurrency": "USD",
        "cik": "0001052752",
        "fillingDate": "2015-03-16",
        "acceptedDate": "2015-03-13 18:47:36",
        "calendarYear": "2014",
        "period": "Q4",
        "revenue": 25401000,
        "costOfRevenue": 6223000,
        "grossProfit": 19178000,
        "grossProfitRatio": 0.7550096453,
        "researchAndDevelopmentExpenses": 0,
        "generalAndAdministrativeExpenses": 3793000,
        "sellingAndMarketingExpenses": 0,
        "sellingGeneralAndAdministrativeExpenses": 3793000,
        "otherExpenses": -235000,
        "operatingExpenses": 8315000,
        "costAndExpenses": 14538000,
        "interestIncome": 858000,
        "interestExpense": 2376000,
        "depreciationAndAmortization": 2515000,
        "ebitda": 1945000,
        "ebitdaratio": 0.0765717885,
        "operatingIncome": -432000,
        "operatingIncomeRatio": -0.0170072044,
        "totalOtherIncomeExpensesNet": -2575000,
        "incomeBeforeTax": -3043000,
        "incomeBeforeTaxRatio": -0.1197984331,
        "incomeTaxExpense": 11684000,
        "netIncome": -3092000,
        "netIncomeRatio": -0.121727491,
        "eps": -0.0962,
        "epsdiluted": -0.0925,
        "weightedAverageShsOut": 32126284,
        "weightedAverageShsOutDil": 33417000,
        "link": "https://www.sec.gov/Archives/edgar/data/1052752/000119312515091555/0001193125-15-091555-index.htm",
        "finalLink": "https://www.sec.gov/Archives/edgar/data/1052752/000119312515091555/d837553d10k.htm"
    },
    {
        "date": "2014-09-30",
        "symbol": "GTY",
        "reportedCurrency": "USD",
        "cik": "0001052752",
        "fillingDate": "2014-11-05",
        "acceptedDate": "2014-11-05 16:10:59",
        "calendarYear": "2014",
        "period": "Q3",
        "revenue": 24831000,
        "costOfRevenue": 5666000,
        "grossProfit": 19165000,
        "grossProfitRatio": 0.7718174862,
        "researchAndDevelopmentExpenses": 0,
        "generalAndAdministrativeExpenses": 3865000,
        "sellingAndMarketingExpenses": 0,
        "sellingGeneralAndAdministrativeExpenses": 3865000,
        "otherExpenses": 48000,
        "operatingExpenses": 8446000,
        "costAndExpenses": 14112000,
        "interestIncome": 0,
        "interestExpense": 2416000,
        "depreciationAndAmortization": 3372000,
        "ebitda": 14139000,
        "ebitdaratio": 0.5694092062,
        "operatingIncome": 9847000,
        "operatingIncomeRatio": 0.3965607507,
        "totalOtherIncomeExpensesNet": 251000,
        "incomeBeforeTax": 8868000,
        "incomeBeforeTaxRatio": 0.3571342274,
        "incomeTaxExpense": -1756000,
        "netIncome": 10235000,
        "netIncomeRatio": 0.4121863799,
        "eps": 0.3,
        "epsdiluted": 0.3,
        "weightedAverageShsOut": 33417000,
        "weightedAverageShsOutDil": 33417000,
        "link": "https://www.sec.gov/Archives/edgar/data/1052752/000119312514398502/0001193125-14-398502-index.htm",
        "finalLink": "https://www.sec.gov/Archives/edgar/data/1052752/000119312514398502/d802046d10q.htm"
    },
    {
        "date": "2014-06-30",
        "symbol": "GTY",
        "reportedCurrency": "USD",
        "cik": "0001052752",
        "fillingDate": "2014-08-08",
        "acceptedDate": "2014-08-08 16:06:01",
        "calendarYear": "2014",
        "period": "Q2",
        "revenue": 25000000,
        "costOfRevenue": 5992000,
        "grossProfit": 19008000,
        "grossProfitRatio": 0.76032,
        "researchAndDevelopmentExpenses": 0,
        "generalAndAdministrativeExpenses": 4465000,
        "sellingAndMarketingExpenses": 0,
        "sellingGeneralAndAdministrativeExpenses": 4465000,
        "otherExpenses": 37000,
        "operatingExpenses": 9402000,
        "costAndExpenses": 15394000,
        "interestIncome": 756000,
        "interestExpense": 2434000,
        "depreciationAndAmortization": 2339000,
        "ebitda": 11982000,
        "ebitdaratio": 0.47928,
        "operatingIncome": 9184000,
        "operatingIncomeRatio": 0.36736,
        "totalOtherIncomeExpensesNet": -2310000,
        "incomeBeforeTax": 6787000,
        "incomeBeforeTaxRatio": 0.27148,
        "incomeTaxExpense": 572000,
        "netIncome": 6637000,
        "netIncomeRatio": 0.26548,
        "eps": 0.2,
        "epsdiluted": 0.2,
        "weightedAverageShsOut": 33403000,
        "weightedAverageShsOutDil": 33403000,
        "link": "https://www.sec.gov/Archives/edgar/data/1052752/000119312514303105/0001193125-14-303105-index.htm",
        "finalLink": "https://www.sec.gov/Archives/edgar/data/1052752/000119312514303105/d755353d10q.htm"
    },
    {
        "date": "2014-03-31",
        "symbol": "GTY",
        "reportedCurrency": "USD",
        "cik": "0001052752",
        "fillingDate": "2014-05-09",
        "acceptedDate": "2014-05-09 16:30:56",
        "calendarYear": "2014",
        "period": "Q1",
        "revenue": 24330000,
        "costOfRevenue": 5879000,
        "grossProfit": 18451000,
        "grossProfitRatio": 0.7583641595,
        "researchAndDevelopmentExpenses": 0,
        "generalAndAdministrativeExpenses": 3654000,
        "sellingAndMarketingExpenses": 0,
        "sellingGeneralAndAdministrativeExpenses": 3654000,
        "otherExpenses": 131000,
        "operatingExpenses": 8144000,
        "costAndExpenses": 14023000,
        "interestIncome": 714000,
        "interestExpense": 2580000,
        "depreciationAndAmortization": 2322000,
        "ebitda": 12595000,
        "ebitdaratio": 0.5176736539,
        "operatingIncome": 10177000,
        "operatingIncomeRatio": 0.4182901767,
        "totalOtherIncomeExpensesNet": -539000,
        "incomeBeforeTax": 7728000,
        "incomeBeforeTaxRatio": 0.3176325524,
        "incomeTaxExpense": -1780000,
        "netIncome": 9638000,
        "netIncomeRatio": 0.396136457,
        "eps": 0.29,
        "epsdiluted": 0.29,
        "weightedAverageShsOut": 33397000,
        "weightedAverageShsOutDil": 33397000,
        "link": "https://www.sec.gov/Archives/edgar/data/1052752/000119312514192549/0001193125-14-192549-index.htm",
        "finalLink": "https://www.sec.gov/Archives/edgar/data/1052752/000119312514192549/d710797d10q.htm"
    },
    {
        "date": "2013-12-31",
        "symbol": "GTY",
        "reportedCurrency": "USD",
        "cik": "0001052752",
        "fillingDate": "2014-03-17",
        "acceptedDate": "2014-03-17 16:16:46",
        "calendarYear": "2013",
        "period": "Q4",
        "revenue": 26400000,
        "costOfRevenue": 7546000,
        "grossProfit": 18854000,
        "grossProfitRatio": 0.7141666667,
        "researchAndDevelopmentExpenses": 0,
        "generalAndAdministrativeExpenses": 3396000,
        "sellingAndMarketingExpenses": 0,
        "sellingGeneralAndAdministrativeExpenses": 3396000,
        "otherExpenses": 49000,
        "operatingExpenses": 12306000,
        "costAndExpenses": 19852000,
        "interestIncome": 930000,
        "interestExpense": 2701000,
        "depreciationAndAmortization": 2368000,
        "ebitda": 8965000,
        "ebitdaratio": 0.3395833333,
        "operatingIncome": 4414000,
        "operatingIncomeRatio": 0.1671969697,
        "totalOtherIncomeExpensesNet": 474000,
        "incomeBeforeTax": 1762000,
        "incomeBeforeTaxRatio": 0.0667424242,
        "incomeTaxExpense": -4477000,
        "netIncome": 5045000,
        "netIncomeRatio": 0.1910984848,
        "eps": 0.15,
        "epsdiluted": 0.15,
        "weightedAverageShsOut": 33397000,
        "weightedAverageShsOutDil": 33397000,
        "link": "https://www.sec.gov/Archives/edgar/data/1052752/000119312514102352/0001193125-14-102352-index.htm",
        "finalLink": "https://www.sec.gov/Archives/edgar/data/1052752/000119312514102352/d659551d10k.htm"
    },
    {
        "date": "2013-09-30",
        "symbol": "GTY",
        "reportedCurrency": "USD",
        "cik": "0001052752",
        "fillingDate": "2013-11-12",
        "acceptedDate": "2013-11-12 10:19:52",
        "calendarYear": "2013",
        "period": "Q3",
        "revenue": 29258000,
        "costOfRevenue": 6385000,
        "grossProfit": 22873000,
        "grossProfitRatio": 0.7817690888,
        "researchAndDevelopmentExpenses": 0,
        "generalAndAdministrativeExpenses": -4613000,
        "sellingAndMarketingExpenses": 0,
        "sellingGeneralAndAdministrativeExpenses": -4613000,
        "otherExpenses": 19000,
        "operatingExpenses": 3985000,
        "costAndExpenses": 10370000,
        "interestIncome": 707000,
        "interestExpense": 3074000,
        "depreciationAndAmortization": 2414000,
        "ebitda": 19133000,
        "ebitdaratio": 0.6539408025,
        "operatingIncome": 18350000,
        "operatingIncomeRatio": 0.6271788912,
        "totalOtherIncomeExpensesNet": -3055000,
        "incomeBeforeTax": 15295000,
        "incomeBeforeTaxRatio": 0.522763005,
        "incomeTaxExpense": -26044000,
        "netIncome": 41877000,
        "netIncomeRatio": 1.4313008408,
        "eps": 1.25,
        "epsdiluted": 1.25,
        "weightedAverageShsOut": 33397000,
        "weightedAverageShsOutDil": 33397000,
        "link": "https://www.sec.gov/Archives/edgar/data/1052752/000119312513437341/0001193125-13-437341-index.htm",
        "finalLink": "https://www.sec.gov/Archives/edgar/data/1052752/000119312513437341/d600763d10q.htm"
    },
    {
        "date": "2013-06-30",
        "symbol": "GTY",
        "reportedCurrency": "USD",
        "cik": "0001052752",
        "fillingDate": "2013-08-08",
        "acceptedDate": "2013-08-08 14:41:52",
        "calendarYear": "2013",
        "period": "Q2",
        "revenue": 25102000,
        "costOfRevenue": 6691000,
        "grossProfit": 18411000,
        "grossProfitRatio": 0.7334475341,
        "researchAndDevelopmentExpenses": 0,
        "generalAndAdministrativeExpenses": 2357000,
        "sellingAndMarketingExpenses": 0,
        "sellingGeneralAndAdministrativeExpenses": 2357000,
        "otherExpenses": -1000,
        "operatingExpenses": 7249000,
        "costAndExpenses": 13940000,
        "interestIncome": 962000,
        "interestExpense": 2998000,
        "depreciationAndAmortization": 2007000,
        "ebitda": 12364000,
        "ebitdaratio": 0.4925503944,
        "operatingIncome": 10808000,
        "operatingIncomeRatio": 0.4305633017,
        "totalOtherIncomeExpensesNet": -2999000,
        "incomeBeforeTax": 7809000,
        "incomeBeforeTaxRatio": 0.3110907497,
        "incomeTaxExpense": -4576000,
        "netIncome": 12739000,
        "netIncomeRatio": 0.5074894431,
        "eps": 0.38,
        "epsdiluted": 0.38,
        "weightedAverageShsOut": 33397000,
        "weightedAverageShsOutDil": 33397000,
        "link": "https://www.sec.gov/Archives/edgar/data/1052752/000119312513326515/0001193125-13-326515-index.htm",
        "finalLink": "https://www.sec.gov/Archives/edgar/data/1052752/000119312513326515/d541706d10q.htm"
    },
    {
        "date": "2013-03-31",
        "symbol": "GTY",
        "reportedCurrency": "USD",
        "cik": "0001052752",
        "fillingDate": "2013-05-10",
        "acceptedDate": "2013-05-10 17:01:07",
        "calendarYear": "2013",
        "period": "Q1",
        "revenue": 23807000,
        "costOfRevenue": 7959000,
        "grossProfit": 15848000,
        "grossProfitRatio": 0.6656865628,
        "researchAndDevelopmentExpenses": 0,
        "generalAndAdministrativeExpenses": 3467000,
        "sellingAndMarketingExpenses": 0,
        "sellingGeneralAndAdministrativeExpenses": 3467000,
        "otherExpenses": 35000,
        "operatingExpenses": 6875000,
        "costAndExpenses": 14834000,
        "interestIncome": 798000,
        "interestExpense": 2894000,
        "depreciationAndAmortization": 2293000,
        "ebitda": 10836000,
        "ebitdaratio": 0.455160247,
        "operatingIncome": 8501000,
        "operatingIncomeRatio": 0.3570798505,
        "totalOtherIncomeExpensesNet": -2859000,
        "incomeBeforeTax": 5642000,
        "incomeBeforeTaxRatio": 0.2369891208,
        "incomeTaxExpense": -4236000,
        "netIncome": 10350000,
        "netIncomeRatio": 0.4347460831,
        "eps": 0.31,
        "epsdiluted": 0.31,
        "weightedAverageShsOut": 33397000,
        "weightedAverageShsOutDil": 33397000,
        "link": "https://www.sec.gov/Archives/edgar/data/1052752/000119312513214477/0001193125-13-214477-index.htm",
        "finalLink": "https://www.sec.gov/Archives/edgar/data/1052752/000119312513214477/d513705d10q.htm"
    },
    {
        "date": "2012-12-31",
        "symbol": "GTY",
        "reportedCurrency": "USD",
        "cik": "0001052752",
        "fillingDate": "2013-03-18",
        "acceptedDate": "2013-03-18 15:08:38",
        "calendarYear": "2012",
        "period": "Q4",
        "revenue": 24268000,
        "costOfRevenue": 8750000,
        "grossProfit": 15518000,
        "grossProfitRatio": 0.6394428878,
        "researchAndDevelopmentExpenses": 0,
        "generalAndAdministrativeExpenses": 3287000,
        "sellingAndMarketingExpenses": 0,
        "sellingGeneralAndAdministrativeExpenses": 3287000,
        "otherExpenses": 59000,
        "operatingExpenses": 6109000,
        "costAndExpenses": 14859000,
        "interestIncome": 775000,
        "interestExpense": 2860000,
        "depreciationAndAmortization": 2389000,
        "ebitda": 8920000,
        "ebitdaratio": 0.3675622219,
        "operatingIncome": 7163000,
        "operatingIncomeRatio": 0.2951623537,
        "totalOtherIncomeExpensesNet": -2050000,
        "incomeBeforeTax": 4362000,
        "incomeBeforeTaxRatio": 0.1797428713,
        "incomeTaxExpense": 1662000,
        "netIncome": 5801000,
        "netIncomeRatio": 0.2390390638,
        "eps": 0.17,
        "epsdiluted": 0.17,
        "weightedAverageShsOut": 33396000,
        "weightedAverageShsOutDil": 33396000,
        "link": "https://www.sec.gov/Archives/edgar/data/1052752/000119312513112263/0001193125-13-112263-index.htm",
        "finalLink": "https://www.sec.gov/Archives/edgar/data/1052752/000119312513112263/d448426d10k.htm"
    },
    {
        "date": "2012-09-30",
        "symbol": "GTY",
        "reportedCurrency": "USD",
        "cik": "0001052752",
        "fillingDate": "2012-11-09",
        "acceptedDate": "2012-11-09 14:44:26",
        "calendarYear": "2012",
        "period": "Q3",
        "revenue": 23112000,
        "costOfRevenue": 8345000,
        "grossProfit": 14767000,
        "grossProfitRatio": 0.6389321565,
        "researchAndDevelopmentExpenses": 0,
        "generalAndAdministrativeExpenses": 5231000,
        "sellingAndMarketingExpenses": 0,
        "sellingGeneralAndAdministrativeExpenses": 5231000,
        "otherExpenses": 3329000,
        "operatingExpenses": 8560000,
        "costAndExpenses": 16905000,
        "interestIncome": 726000,
        "interestExpense": 2896000,
        "depreciationAndAmortization": 3492000,
        "ebitda": 9543000,
        "ebitdaratio": 0.4129023884,
        "operatingIncome": 4207000,
        "operatingIncomeRatio": 0.1820266528,
        "totalOtherIncomeExpensesNet": -1052000,
        "incomeBeforeTax": 1522000,
        "incomeBeforeTaxRatio": 0.0658532364,
        "incomeTaxExpense": 6776000,
        "netIncome": -3465000,
        "netIncomeRatio": -0.1499221184,
        "eps": -0.1,
        "epsdiluted": -0.1,
        "weightedAverageShsOut": 33396000,
        "weightedAverageShsOutDil": 33396000,
        "link": "https://www.sec.gov/Archives/edgar/data/1052752/000119312512462924/0001193125-12-462924-index.htm",
        "finalLink": "https://www.sec.gov/Archives/edgar/data/1052752/000119312512462924/d406416d10q.htm"
    },
    {
        "date": "2012-06-30",
        "symbol": "GTY",
        "reportedCurrency": "USD",
        "cik": "0001052752",
        "fillingDate": "2012-08-02",
        "acceptedDate": "2012-08-01 19:14:16",
        "calendarYear": "2012",
        "period": "Q2",
        "revenue": 27475000,
        "costOfRevenue": 7999000,
        "grossProfit": 19476000,
        "grossProfitRatio": 0.7088626024,
        "researchAndDevelopmentExpenses": 0,
        "generalAndAdministrativeExpenses": 9983000,
        "sellingAndMarketingExpenses": 0,
        "sellingGeneralAndAdministrativeExpenses": 9983000,
        "otherExpenses": 3487000,
        "operatingExpenses": 13470000,
        "costAndExpenses": 21469000,
        "interestIncome": 700000,
        "interestExpense": 2692000,
        "depreciationAndAmortization": 3487000,
        "ebitda": 8643000,
        "ebitdaratio": 0.3145768881,
        "operatingIncome": 3495000,
        "operatingIncomeRatio": 0.1272065514,
        "totalOtherIncomeExpensesNet": -2695000,
        "incomeBeforeTax": 802000,
        "incomeBeforeTaxRatio": 0.0291901729,
        "incomeTaxExpense": -312000,
        "netIncome": 3626000,
        "netIncomeRatio": 0.1319745223,
        "eps": 0.11,
        "epsdiluted": 0.11,
        "weightedAverageShsOut": 33395000,
        "weightedAverageShsOutDil": 33395000,
        "link": "https://www.sec.gov/Archives/edgar/data/1052752/000119312512329424/0001193125-12-329424-index.htm",
        "finalLink": "https://www.sec.gov/Archives/edgar/data/1052752/000119312512329424/d361351d10q.htm"
    },
    {
        "date": "2012-03-31",
        "symbol": "GTY",
        "reportedCurrency": "USD",
        "cik": "0001052752",
        "fillingDate": "2012-05-07",
        "acceptedDate": "2012-05-07 16:36:55",
        "calendarYear": "2012",
        "period": "Q1",
        "revenue": 31895000,
        "costOfRevenue": 6714000,
        "grossProfit": 25181000,
        "grossProfitRatio": 0.7894967863,
        "researchAndDevelopmentExpenses": 0,
        "generalAndAdministrativeExpenses": 13706000,
        "sellingAndMarketingExpenses": 0,
        "sellingGeneralAndAdministrativeExpenses": 13706000,
        "otherExpenses": 3987000,
        "operatingExpenses": 17693000,
        "costAndExpenses": 24407000,
        "interestIncome": 681000,
        "interestExpense": 1483000,
        "depreciationAndAmortization": 3987000,
        "ebitda": 11030000,
        "ebitdaratio": 0.3458222292,
        "operatingIncome": 7128000,
        "operatingIncomeRatio": 0.2234833046,
        "totalOtherIncomeExpensesNet": -1150000,
        "incomeBeforeTax": 5978000,
        "incomeBeforeTaxRatio": 0.1874274965,
        "incomeTaxExpense": -480000,
        "netIncome": 6485000,
        "netIncomeRatio": 0.2033234049,
        "eps": 0.19,
        "epsdiluted": 0.19,
        "weightedAverageShsOut": 33394000,
        "weightedAverageShsOutDil": 33394000,
        "link": "https://www.sec.gov/Archives/edgar/data/1052752/000119312512215186/0001193125-12-215186-index.htm",
        "finalLink": "https://www.sec.gov/Archives/edgar/data/1052752/000119312512215186/d336577d10q.htm"
    },
    {
        "date": "2011-12-31",
        "symbol": "GTY",
        "reportedCurrency": "USD",
        "cik": "0001052752",
        "fillingDate": "2012-03-15",
        "acceptedDate": "2012-03-15 17:01:48",
        "calendarYear": "2011",
        "period": "Q4",
        "revenue": 31584000,
        "costOfRevenue": 6608000,
        "grossProfit": 24976000,
        "grossProfitRatio": 0.7907801418,
        "researchAndDevelopmentExpenses": 0,
        "generalAndAdministrativeExpenses": 9092000,
        "sellingAndMarketingExpenses": 5827000,
        "sellingGeneralAndAdministrativeExpenses": 14919000,
        "otherExpenses": 11680000,
        "operatingExpenses": 26599000,
        "costAndExpenses": 33207000,
        "interestIncome": 0,
        "interestExpense": 1046000,
        "depreciationAndAmortization": 2982000,
        "ebitda": -15836000,
        "ebitdaratio": -0.5013931104,
        "operatingIncome": -18755000,
        "operatingIncomeRatio": -0.5938133232,
        "totalOtherIncomeExpensesNet": -1727000,
        "incomeBeforeTax": -19864000,
        "incomeBeforeTaxRatio": -0.6289260385,
        "incomeTaxExpense": 16813000,
        "netIncome": -19482000,
        "netIncomeRatio": -0.616831307,
        "eps": -0.58,
        "epsdiluted": -0.58,
        "weightedAverageShsOut": 33393000,
        "weightedAverageShsOutDil": 33394000,
        "link": "https://www.sec.gov/Archives/edgar/data/1052752/000119312512117565/0001193125-12-117565-index.htm",
        "finalLink": "https://www.sec.gov/Archives/edgar/data/1052752/000119312512117565/d285705d10k.htm"
    },
    {
        "date": "2011-09-30",
        "symbol": "GTY",
        "reportedCurrency": "USD",
        "cik": "0001052752",
        "fillingDate": "2011-11-08",
        "acceptedDate": "2011-11-08 15:31:43",
        "calendarYear": "2011",
        "period": "Q3",
        "revenue": 28067000,
        "costOfRevenue": 2927000,
        "grossProfit": 25140000,
        "grossProfitRatio": 0.8957138276,
        "researchAndDevelopmentExpenses": 0,
        "generalAndAdministrativeExpenses": 4419000,
        "sellingAndMarketingExpenses": 0,
        "sellingGeneralAndAdministrativeExpenses": 4419000,
        "otherExpenses": 13865000,
        "operatingExpenses": 18284000,
        "costAndExpenses": 21211000,
        "interestIncome": 755000,
        "interestExpense": 1414000,
        "depreciationAndAmortization": 2822000,
        "ebitda": 7073000,
        "ebitdaratio": 0.252004133,
        "operatingIncome": 6269000,
        "operatingIncomeRatio": 0.2233583924,
        "totalOtherIncomeExpensesNet": -1292000,
        "incomeBeforeTax": 4977000,
        "incomeBeforeTaxRatio": 0.177325685,
        "incomeTaxExpense": 92000,
        "netIncome": 5350000,
        "netIncomeRatio": 0.1906153134,
        "eps": 0.16,
        "epsdiluted": 0.16,
        "weightedAverageShsOut": 33394000,
        "weightedAverageShsOutDil": 33395000,
        "link": "https://www.sec.gov/Archives/edgar/data/1052752/000119312511301995/0001193125-11-301995-index.htm",
        "finalLink": "https://www.sec.gov/Archives/edgar/data/1052752/000119312511301995/d250798d10q.htm"
    },
    {
        "date": "2011-06-30",
        "symbol": "GTY",
        "reportedCurrency": "USD",
        "cik": "0001052752",
        "fillingDate": "2011-08-10",
        "acceptedDate": "2011-08-10 08:46:32",
        "calendarYear": "2011",
        "period": "Q2",
        "revenue": 27126000,
        "costOfRevenue": 3709000,
        "grossProfit": 23417000,
        "grossProfitRatio": 0.8632677136,
        "researchAndDevelopmentExpenses": 0,
        "generalAndAdministrativeExpenses": 4062000,
        "sellingAndMarketingExpenses": 0,
        "sellingGeneralAndAdministrativeExpenses": 4062000,
        "otherExpenses": 2204000,
        "operatingExpenses": 6266000,
        "costAndExpenses": 9975000,
        "interestIncome": 741000,
        "interestExpense": 1346000,
        "depreciationAndAmortization": 2204000,
        "ebitda": 18587000,
        "ebitdaratio": 0.6852097619,
        "operatingIncome": 15638000,
        "operatingIncomeRatio": 0.5764948758,
        "totalOtherIncomeExpensesNet": -1395000,
        "incomeBeforeTax": 14984000,
        "incomeBeforeTaxRatio": 0.5523851655,
        "incomeTaxExpense": 1344000,
        "netIncome": 15202000,
        "netIncomeRatio": 0.5604217356,
        "eps": 0.46,
        "epsdiluted": 0.46,
        "weightedAverageShsOut": 33394000,
        "weightedAverageShsOutDil": 33395000,
        "link": "https://www.sec.gov/Archives/edgar/data/1052752/000095012311075397/0000950123-11-075397-index.htm",
        "finalLink": "https://www.sec.gov/Archives/edgar/data/1052752/000095012311075397/c65300e10vq.htm"
    },
    {
        "date": "2011-03-31",
        "symbol": "GTY",
        "reportedCurrency": "USD",
        "cik": "0001052752",
        "fillingDate": "2011-05-12",
        "acceptedDate": "2011-05-12 16:21:08",
        "calendarYear": "2011",
        "period": "Q1",
        "revenue": 25025000,
        "costOfRevenue": 3486000,
        "grossProfit": 21539000,
        "grossProfitRatio": 0.8606993007,
        "researchAndDevelopmentExpenses": 0,
        "generalAndAdministrativeExpenses": 6012000,
        "sellingAndMarketingExpenses": 0,
        "sellingGeneralAndAdministrativeExpenses": 6012000,
        "otherExpenses": 2325000,
        "operatingExpenses": 8337000,
        "costAndExpenses": 11823000,
        "interestIncome": 0,
        "interestExpense": 1319000,
        "depreciationAndAmortization": 2325000,
        "ebitda": 14905000,
        "ebitdaratio": 0.5956043956,
        "operatingIncome": 12208000,
        "operatingIncomeRatio": 0.4878321678,
        "totalOtherIncomeExpensesNet": -822000,
        "incomeBeforeTax": 11300000,
        "incomeBeforeTaxRatio": 0.4515484515,
        "incomeTaxExpense": 497000,
        "netIncome": 11386000,
        "netIncomeRatio": 0.454985015,
        "eps": 0.35,
        "epsdiluted": 0.35,
        "weightedAverageShsOut": 32502000,
        "weightedAverageShsOutDil": 32504000,
        "link": "https://www.sec.gov/Archives/edgar/data/1052752/000095012311049441/0000950123-11-049441-index.htm",
        "finalLink": "https://www.sec.gov/Archives/edgar/data/1052752/000095012311049441/c64627e10vq.htm"
    },
    {
        "date": "2010-12-31",
        "symbol": "GTY",
        "reportedCurrency": "USD",
        "cik": "0001052752",
        "fillingDate": "2011-03-16",
        "acceptedDate": "2011-03-16 17:11:32",
        "calendarYear": "2010",
        "period": "Q4",
        "revenue": 22168000,
        "costOfRevenue": 2426000,
        "grossProfit": 19742000,
        "grossProfitRatio": 0.8905629737,
        "researchAndDevelopmentExpenses": 0,
        "generalAndAdministrativeExpenses": 3761000,
        "sellingAndMarketingExpenses": 0,
        "sellingGeneralAndAdministrativeExpenses": 3761000,
        "otherExpenses": 2528000,
        "operatingExpenses": 6289000,
        "costAndExpenses": 8715000,
        "interestIncome": 0,
        "interestExpense": 1118000,
        "depreciationAndAmortization": 2528000,
        "ebitda": 16270000,
        "ebitdaratio": 0.7339408156,
        "operatingIncome": 13453000,
        "operatingIncomeRatio": 0.6068657524,
        "totalOtherIncomeExpensesNet": 80000,
        "incomeBeforeTax": 13533000,
        "incomeBeforeTaxRatio": 0.6104745579,
        "incomeTaxExpense": 59000,
        "netIncome": 12485000,
        "netIncomeRatio": 0.5631992061,
        "eps": 0.38,
        "epsdiluted": 0.38,
        "weightedAverageShsOut": 32502000,
        "weightedAverageShsOutDil": 32502000,
        "link": "https://www.sec.gov/Archives/edgar/data/1052752/000095012311026009/0000950123-11-026009-index.htm",
        "finalLink": "https://www.sec.gov/Archives/edgar/data/1052752/000095012311026009/c63529e10vk.htm"
    },
    {
        "date": "2010-09-30",
        "symbol": "GTY",
        "reportedCurrency": "USD",
        "cik": "0001052752",
        "fillingDate": "2010-11-01",
        "acceptedDate": "2010-11-01 16:26:54",
        "calendarYear": "2010",
        "period": "Q3",
        "revenue": 21981000,
        "costOfRevenue": 2164000,
        "grossProfit": 19817000,
        "grossProfitRatio": 0.9015513398,
        "researchAndDevelopmentExpenses": 0,
        "generalAndAdministrativeExpenses": 2799000,
        "sellingAndMarketingExpenses": 0,
        "sellingGeneralAndAdministrativeExpenses": 2799000,
        "otherExpenses": 2406000,
        "operatingExpenses": 5205000,
        "costAndExpenses": 7369000,
        "interestIncome": 0,
        "interestExpense": 1116000,
        "depreciationAndAmortization": 2406000,
        "ebitda": 17047000,
        "ebitdaratio": 0.7755334152,
        "operatingIncome": 14612000,
        "operatingIncomeRatio": 0.6647559256,
        "totalOtherIncomeExpensesNet": -1087000,
        "incomeBeforeTax": 14647000,
        "incomeBeforeTaxRatio": 0.6663482098,
        "incomeTaxExpense": 110000,
        "netIncome": 13351000,
        "netIncomeRatio": 0.6073881989,
        "eps": 0.45,
        "epsdiluted": 0.45,
        "weightedAverageShsOut": 29942000,
        "weightedAverageShsOutDil": 29944000,
        "link": "https://www.sec.gov/Archives/edgar/data/1052752/000115752310006376/0001157523-10-006376-index.htm",
        "finalLink": "https://www.sec.gov/Archives/edgar/data/1052752/000115752310006376/a6489210.htm"
    },
    {
        "date": "2010-06-30",
        "symbol": "GTY",
        "reportedCurrency": "USD",
        "cik": "0001052752",
        "fillingDate": "2010-08-09",
        "acceptedDate": "2010-08-09 15:59:11",
        "calendarYear": "2010",
        "period": "Q2",
        "revenue": 21742000,
        "costOfRevenue": 2314000,
        "grossProfit": 19428000,
        "grossProfitRatio": 0.8935700488,
        "researchAndDevelopmentExpenses": 0,
        "generalAndAdministrativeExpenses": 3155000,
        "sellingAndMarketingExpenses": 0,
        "sellingGeneralAndAdministrativeExpenses": 3155000,
        "otherExpenses": 2405000,
        "operatingExpenses": 5560000,
        "costAndExpenses": 7874000,
        "interestIncome": 0,
        "interestExpense": 1322000,
        "depreciationAndAmortization": 2405000,
        "ebitda": 16220000,
        "ebitdaratio": 0.7460215252,
        "operatingIncome": 13868000,
        "operatingIncomeRatio": 0.6378438046,
        "totalOtherIncomeExpensesNet": -1274000,
        "incomeBeforeTax": 13921000,
        "incomeBeforeTaxRatio": 0.6402814828,
        "incomeTaxExpense": -1466000,
        "netIncome": 13959000,
        "netIncomeRatio": 0.6420292521,
        "eps": 0.51,
        "epsdiluted": 0.51,
        "weightedAverageShsOut": 27150000,
        "weightedAverageShsOutDil": 27152000,
        "link": "https://www.sec.gov/Archives/edgar/data/1052752/000115752310004933/0001157523-10-004933-index.htm",
        "finalLink": "https://www.sec.gov/Archives/edgar/data/1052752/000115752310004933/a6388456.htm"
    },
    {
        "date": "2010-03-31",
        "symbol": "GTY",
        "reportedCurrency": "USD",
        "cik": "0001052752",
        "fillingDate": "2010-05-10",
        "acceptedDate": "2010-05-10 06:00:32",
        "calendarYear": "2010",
        "period": "Q1",
        "revenue": 22470000,
        "costOfRevenue": 3232000,
        "grossProfit": 19238000,
        "grossProfitRatio": 0.8561637739,
        "researchAndDevelopmentExpenses": 0,
        "generalAndAdministrativeExpenses": 3890000,
        "sellingAndMarketingExpenses": 0,
        "sellingGeneralAndAdministrativeExpenses": 3890000,
        "otherExpenses": 2394000,
        "operatingExpenses": 6284000,
        "costAndExpenses": 9516000,
        "interestIncome": 0,
        "interestExpense": 1494000,
        "depreciationAndAmortization": 2394000,
        "ebitda": 15227000,
        "ebitdaratio": 0.677659101,
        "operatingIncome": 12954000,
        "operatingIncomeRatio": 0.5765020027,
        "totalOtherIncomeExpensesNet": -1375000,
        "incomeBeforeTax": 13075000,
        "incomeBeforeTaxRatio": 0.5818869604,
        "incomeTaxExpense": -566000,
        "netIncome": 11905000,
        "netIncomeRatio": 0.5298175345,
        "eps": 0.48,
        "epsdiluted": 0.48,
        "weightedAverageShsOut": 24766000,
        "weightedAverageShsOutDil": 24769000,
        "link": "https://www.sec.gov/Archives/edgar/data/1052752/000115752310002987/0001157523-10-002987-index.htm",
        "finalLink": "https://www.sec.gov/Archives/edgar/data/1052752/000115752310002987/a6280329.htm"
    },
    {
        "date": "2009-12-31",
        "symbol": "GTY",
        "reportedCurrency": "USD",
        "cik": "0001052752",
        "fillingDate": "2010-03-16",
        "acceptedDate": "2010-03-16 16:48:34",
        "calendarYear": "2009",
        "period": "Q4",
        "revenue": 24267000,
        "costOfRevenue": 4412000,
        "grossProfit": 19855000,
        "grossProfitRatio": 0.8181893106,
        "researchAndDevelopmentExpenses": 0,
        "generalAndAdministrativeExpenses": 4869000,
        "sellingAndMarketingExpenses": 0,
        "sellingGeneralAndAdministrativeExpenses": 4869000,
        "otherExpenses": 2961000,
        "operatingExpenses": 7830000,
        "costAndExpenses": 12242000,
        "interestIncome": 0,
        "interestExpense": 1459000,
        "depreciationAndAmortization": 2978000,
        "ebitda": 15003000,
        "ebitdaratio": 0.6182470021,
        "operatingIncome": 11959000,
        "operatingIncomeRatio": 0.4928091647,
        "totalOtherIncomeExpensesNet": -3860000,
        "incomeBeforeTax": 12059000,
        "incomeBeforeTaxRatio": 0.4969299872,
        "incomeTaxExpense": -865000,
        "netIncome": 11331000,
        "netIncomeRatio": 0.4669303993,
        "eps": 0.46,
        "epsdiluted": 0.46,
        "weightedAverageShsOut": 24766000,
        "weightedAverageShsOutDil": 24766000,
        "link": "https://www.sec.gov/Archives/edgar/data/1052752/000117120010000264/0001171200-10-000264-index.htm",
        "finalLink": "https://www.sec.gov/Archives/edgar/data/1052752/000117120010000264/i00097_getty-10k.htm"
    },
    {
        "date": "2009-09-30",
        "symbol": "GTY",
        "reportedCurrency": "USD",
        "cik": "0001052752",
        "fillingDate": "2009-11-09",
        "acceptedDate": "2009-11-09 16:59:41",
        "calendarYear": "2009",
        "period": "Q3",
        "revenue": 20210000,
        "costOfRevenue": 2070000,
        "grossProfit": 18140000,
        "grossProfitRatio": 0.8975754577,
        "researchAndDevelopmentExpenses": 0,
        "generalAndAdministrativeExpenses": 1748000,
        "sellingAndMarketingExpenses": 0,
        "sellingGeneralAndAdministrativeExpenses": 1748000,
        "otherExpenses": 2665000,
        "operatingExpenses": 4413000,
        "costAndExpenses": 6483000,
        "interestIncome": 0,
        "interestExpense": 1195000,
        "depreciationAndAmortization": 2665000,
        "ebitda": 14350000,
        "ebitdaratio": 0.7100445324,
        "operatingIncome": 11685000,
        "operatingIncomeRatio": 0.5781791192,
        "totalOtherIncomeExpensesNet": 171000,
        "incomeBeforeTax": 11856000,
        "incomeBeforeTaxRatio": 0.5866402771,
        "incomeTaxExpense": -1866000,
        "netIncome": 12185000,
        "netIncomeRatio": 0.6029193469,
        "eps": 0.49,
        "epsdiluted": 0.49,
        "weightedAverageShsOut": 24766000,
        "weightedAverageShsOutDil": 24767000,
        "link": "https://www.sec.gov/Archives/edgar/data/1052752/000115752309007890/0001157523-09-007890-index.htm",
        "finalLink": "https://www.sec.gov/Archives/edgar/data/1052752/000115752309007890/a6094746.htm"
    },
    {
        "date": "2009-06-30",
        "symbol": "GTY",
        "reportedCurrency": "USD",
        "cik": "0001052752",
        "fillingDate": "2009-08-10",
        "acceptedDate": "2009-08-10 17:10:18",
        "calendarYear": "2009",
        "period": "Q2",
        "revenue": 20254000,
        "costOfRevenue": 2178000,
        "grossProfit": 18076000,
        "grossProfitRatio": 0.8924656858,
        "researchAndDevelopmentExpenses": 0,
        "generalAndAdministrativeExpenses": 1516000,
        "sellingAndMarketingExpenses": 0,
        "sellingGeneralAndAdministrativeExpenses": 1516000,
        "otherExpenses": 2756000,
        "operatingExpenses": 4272000,
        "costAndExpenses": 6450000,
        "interestIncome": 0,
        "interestExpense": 1242000,
        "depreciationAndAmortization": 2760000,
        "ebitda": 15493000,
        "ebitdaratio": 0.7649353214,
        "operatingIncome": 11635000,
        "operatingIncomeRatio": 0.5744544288,
        "totalOtherIncomeExpensesNet": 1941000,
        "incomeBeforeTax": 13804000,
        "incomeBeforeTaxRatio": 0.6815443863,
        "incomeTaxExpense": 1010000,
        "netIncome": 13605000,
        "netIncomeRatio": 0.6717191666,
        "eps": 0.55,
        "epsdiluted": 0.55,
        "weightedAverageShsOut": 24766000,
        "weightedAverageShsOutDil": 24766000,
        "link": "https://www.sec.gov/Archives/edgar/data/1052752/000115752309005850/0001157523-09-005850-index.htm",
        "finalLink": "https://www.sec.gov/Archives/edgar/data/1052752/000115752309005850/a6025768.htm"
    },
    {
        "date": "2009-03-31",
        "symbol": "GTY",
        "reportedCurrency": "USD",
        "cik": "0001052752",
        "fillingDate": "2009-05-06",
        "acceptedDate": "2009-05-05 18:37:44",
        "calendarYear": "2009",
        "period": "Q1",
        "revenue": 19911000,
        "costOfRevenue": 2190000,
        "grossProfit": 17721000,
        "grossProfitRatio": 0.8900105469,
        "researchAndDevelopmentExpenses": 0,
        "generalAndAdministrativeExpenses": 1838000,
        "sellingAndMarketingExpenses": 0,
        "sellingGeneralAndAdministrativeExpenses": 1838000,
        "otherExpenses": 2593000,
        "operatingExpenses": 4431000,
        "costAndExpenses": 6621000,
        "interestIncome": 0,
        "interestExpense": 1195000,
        "depreciationAndAmortization": 2593000,
        "ebitda": 13346000,
        "ebitdaratio": 0.6702827583,
        "operatingIncome": 10753000,
        "operatingIncomeRatio": 0.5400532369,
        "totalOtherIncomeExpensesNet": -762000,
        "incomeBeforeTax": 13290000,
        "incomeBeforeTaxRatio": 0.6674702426,
        "incomeTaxExpense": 4572000,
        "netIncome": 9928000,
        "netIncomeRatio": 0.4986188539,
        "eps": 0.4,
        "epsdiluted": 0.4,
        "weightedAverageShsOut": 24766000,
        "weightedAverageShsOutDil": 24766000,
        "link": "https://www.sec.gov/Archives/edgar/data/1052752/000115752309003424/0001157523-09-003424-index.htm",
        "finalLink": "https://www.sec.gov/Archives/edgar/data/1052752/000115752309003424/a5956417.htm"
    },
    {
        "date": "2008-12-31",
        "symbol": "GTY",
        "reportedCurrency": "USD",
        "cik": "0001052752",
        "fillingDate": "2009-03-03",
        "acceptedDate": "2009-03-03 12:09:55",
        "calendarYear": "2008",
        "period": "Q4",
        "revenue": 20331000,
        "costOfRevenue": 2365000,
        "grossProfit": 17966000,
        "grossProfitRatio": 0.8836751758,
        "researchAndDevelopmentExpenses": 0,
        "generalAndAdministrativeExpenses": 1596000,
        "sellingAndMarketingExpenses": 0,
        "sellingGeneralAndAdministrativeExpenses": 1596000,
        "otherExpenses": 5536000,
        "operatingExpenses": 7132000,
        "costAndExpenses": 9497000,
        "interestIncome": 0,
        "interestExpense": 1685000,
        "depreciationAndAmortization": 3047000,
        "ebitda": 14447000,
        "ebitdaratio": 0.7105897398,
        "operatingIncome": 10834000,
        "operatingIncomeRatio": 0.5328808224,
        "totalOtherIncomeExpensesNet": -240000,
        "incomeBeforeTax": 10594000,
        "incomeBeforeTaxRatio": 0.5210761891,
        "incomeTaxExpense": 640000,
        "netIncome": 9315000,
        "netIncomeRatio": 0.4581673307,
        "eps": 0.38,
        "epsdiluted": 0.38,
        "weightedAverageShsOut": 24766000,
        "weightedAverageShsOutDil": 24766000,
        "link": "https://www.sec.gov/Archives/edgar/data/1052752/000117120009000025/0001171200-09-000025-index.htm",
        "finalLink": "https://www.sec.gov/Archives/edgar/data/1052752/000117120009000025/i00021_getty-10k.htm"
    },
    {
        "date": "2008-09-30",
        "symbol": "GTY",
        "reportedCurrency": "USD",
        "cik": "0001052752",
        "fillingDate": "2008-11-07",
        "acceptedDate": "2008-11-06 18:12:11",
        "calendarYear": "2008",
        "period": "Q3",
        "revenue": 20354000,
        "costOfRevenue": 2256000,
        "grossProfit": 18098000,
        "grossProfitRatio": 0.8891618355,
        "researchAndDevelopmentExpenses": 0,
        "generalAndAdministrativeExpenses": 1483000,
        "sellingAndMarketingExpenses": 0,
        "sellingGeneralAndAdministrativeExpenses": 1483000,
        "otherExpenses": 5111000,
        "operatingExpenses": 6594000,
        "costAndExpenses": 8850000,
        "interestIncome": 0,
        "interestExpense": 1703000,
        "depreciationAndAmortization": 2841000,
        "ebitda": 14345000,
        "ebitdaratio": 0.7047754741,
        "operatingIncome": 11504000,
        "operatingIncomeRatio": 0.5651960303,
        "totalOtherIncomeExpensesNet": -1015000,
        "incomeBeforeTax": 11728000,
        "incomeBeforeTaxRatio": 0.5762012381,
        "incomeTaxExpense": -748000,
        "netIncome": 10489000,
        "netIncomeRatio": 0.5153286823,
        "eps": 0.42,
        "epsdiluted": 0.42,
        "weightedAverageShsOut": 24766000,
        "weightedAverageShsOutDil": 24773000,
        "link": "https://www.sec.gov/Archives/edgar/data/1052752/000115752308009065/0001157523-08-009065-index.htm",
        "finalLink": "https://www.sec.gov/Archives/edgar/data/1052752/000115752308009065/a5823689.htm"
    },
    {
        "date": "2008-06-30",
        "symbol": "GTY",
        "reportedCurrency": "USD",
        "cik": "0001052752",
        "fillingDate": "2008-08-11",
        "acceptedDate": "2008-08-11 17:01:13",
        "calendarYear": "2008",
        "period": "Q2",
        "revenue": 20249000,
        "costOfRevenue": 2353000,
        "grossProfit": 17896000,
        "grossProfitRatio": 0.8837967307,
        "researchAndDevelopmentExpenses": 0,
        "generalAndAdministrativeExpenses": 2111000,
        "sellingAndMarketingExpenses": 0,
        "sellingGeneralAndAdministrativeExpenses": 2111000,
        "otherExpenses": 4915000,
        "operatingExpenses": 7026000,
        "costAndExpenses": 9379000,
        "interestIncome": 0,
        "interestExpense": 1657000,
        "depreciationAndAmortization": 2749000,
        "ebitda": 13630000,
        "ebitdaratio": 0.6731196602,
        "operatingIncome": 10870000,
        "operatingIncomeRatio": 0.5368166329,
        "totalOtherIncomeExpensesNet": 182000,
        "incomeBeforeTax": 11052000,
        "incomeBeforeTaxRatio": 0.5458047311,
        "incomeTaxExpense": -1412000,
        "netIncome": 10636000,
        "netIncomeRatio": 0.5252605067,
        "eps": 0.43,
        "epsdiluted": 0.43,
        "weightedAverageShsOut": 24766000,
        "weightedAverageShsOutDil": 24766000,
        "link": "https://www.sec.gov/Archives/edgar/data/1052752/000115752308006720/0001157523-08-006720-index.htm",
        "finalLink": "https://www.sec.gov/Archives/edgar/data/1052752/000115752308006720/a5750500.htm"
    },
    {
        "date": "2008-03-31",
        "symbol": "GTY",
        "reportedCurrency": "USD",
        "cik": "0001052752",
        "fillingDate": "2008-05-12",
        "acceptedDate": "2008-05-12 17:26:38",
        "calendarYear": "2008",
        "period": "Q1",
        "revenue": 20330000,
        "costOfRevenue": 2420000,
        "grossProfit": 17910000,
        "grossProfitRatio": 0.8809640925,
        "researchAndDevelopmentExpenses": 0,
        "generalAndAdministrativeExpenses": 1641000,
        "sellingAndMarketingExpenses": 0,
        "sellingGeneralAndAdministrativeExpenses": 1641000,
        "otherExpenses": 6012000,
        "operatingExpenses": 7653000,
        "costAndExpenses": 7653000,
        "interestIncome": 0,
        "interestExpense": 1989000,
        "depreciationAndAmortization": 2612000,
        "ebitda": 15235000,
        "ebitdaratio": 0.7493851451,
        "operatingIncome": 12677000,
        "operatingIncomeRatio": 0.6235612395,
        "totalOtherIncomeExpensesNet": -1306000,
        "incomeBeforeTax": 12924000,
        "incomeBeforeTaxRatio": 0.6357107723,
        "incomeTaxExpense": -737000,
        "netIncome": 11371000,
        "netIncomeRatio": 0.5593212002,
        "eps": 0.46,
        "epsdiluted": 0.46,
        "weightedAverageShsOut": 24765000,
        "weightedAverageShsOutDil": 24768000,
        "link": "https://www.sec.gov/Archives/edgar/data/1052752/000115752308004190/0001157523-08-004190-index.htm",
        "finalLink": "https://www.sec.gov/Archives/edgar/data/1052752/000115752308004190/a5682889.htm"
    },
    {
        "date": "2007-12-31",
        "symbol": "GTY",
        "reportedCurrency": "USD",
        "cik": "0001052752",
        "fillingDate": "2008-03-17",
        "acceptedDate": "2008-03-17 17:28:32",
        "calendarYear": "2007",
        "period": "Q4",
        "revenue": 19639000,
        "costOfRevenue": 0,
        "grossProfit": 19639000,
        "grossProfitRatio": 1,
        "researchAndDevelopmentExpenses": 0,
        "generalAndAdministrativeExpenses": 1911000,
        "sellingAndMarketingExpenses": 0,
        "sellingGeneralAndAdministrativeExpenses": 1911000,
        "otherExpenses": 16745000,
        "operatingExpenses": 18656000,
        "costAndExpenses": 18656000,
        "interestIncome": 0,
        "interestExpense": 2258000,
        "depreciationAndAmortization": 2608000,
        "ebitda": 3591000,
        "ebitdaratio": 0.1828504506,
        "operatingIncome": 983000,
        "operatingIncomeRatio": 0.050053465,
        "totalOtherIncomeExpensesNet": -2144000,
        "incomeBeforeTax": -1161000,
        "incomeBeforeTaxRatio": -0.059117063,
        "incomeTaxExpense": 0,
        "netIncome": 587000,
        "netIncomeRatio": 0.0298895056,
        "eps": 0.0329,
        "epsdiluted": 0.0329,
        "weightedAverageShsOut": 24765000,
        "weightedAverageShsOutDil": 24765000,
        "link": "https://www.sec.gov/Archives/edgar/data/1052752/000095013708003801/0000950137-08-003801-index.htm",
        "finalLink": "https://www.sec.gov/Archives/edgar/data/1052752/000095013708003801/c23886e10vk.htm"
    },
    {
        "date": "2007-09-30",
        "symbol": "GTY",
        "reportedCurrency": "USD",
        "cik": "0001052752",
        "fillingDate": "2007-11-09",
        "acceptedDate": "2007-11-09 16:13:03",
        "calendarYear": "2007",
        "period": "Q3",
        "revenue": 20255000,
        "costOfRevenue": 2295000,
        "grossProfit": 17960000,
        "grossProfitRatio": 0.8866946433,
        "researchAndDevelopmentExpenses": 0,
        "generalAndAdministrativeExpenses": 1525000,
        "sellingAndMarketingExpenses": 0,
        "sellingGeneralAndAdministrativeExpenses": 1525000,
        "otherExpenses": 7731000,
        "operatingExpenses": 9256000,
        "costAndExpenses": 9256000,
        "interestIncome": 0,
        "interestExpense": 2314000,
        "depreciationAndAmortization": 2614000,
        "ebitda": 13394000,
        "ebitdaratio": 0.6612688225,
        "operatingIncome": 10999000,
        "operatingIncomeRatio": 0.5430264132,
        "totalOtherIncomeExpensesNet": -702000,
        "incomeBeforeTax": 10104000,
        "incomeBeforeTaxRatio": 0.4988397926,
        "incomeTaxExpense": -5580000,
        "netIncome": 12846000,
        "netIncomeRatio": 0.6342137744,
        "eps": 0.52,
        "epsdiluted": 0.52,
        "weightedAverageShsOut": 24765000,
        "weightedAverageShsOutDil": 24792000,
        "link": "https://www.sec.gov/Archives/edgar/data/1052752/000115752307011108/0001157523-07-011108-index.htm",
        "finalLink": "https://www.sec.gov/Archives/edgar/data/1052752/000115752307011108/a5538384.htm"
    },
    {
        "date": "2007-06-30",
        "symbol": "GTY",
        "reportedCurrency": "USD",
        "cik": "0001052752",
        "fillingDate": "2007-08-10",
        "acceptedDate": "2007-08-10 06:31:01",
        "calendarYear": "2007",
        "period": "Q2",
        "revenue": 20727000,
        "costOfRevenue": 2366000,
        "grossProfit": 18361000,
        "grossProfitRatio": 0.8858493752,
        "researchAndDevelopmentExpenses": 0,
        "generalAndAdministrativeExpenses": 1780000,
        "sellingAndMarketingExpenses": 0,
        "sellingGeneralAndAdministrativeExpenses": 1780000,
        "otherExpenses": 8127000,
        "operatingExpenses": 9907000,
        "costAndExpenses": 9907000,
        "interestIncome": 0,
        "interestExpense": 2224000,
        "depreciationAndAmortization": 2707000,
        "ebitda": 13138000,
        "ebitdaratio": 0.6338592174,
        "operatingIncome": 10820000,
        "operatingIncomeRatio": 0.5220244126,
        "totalOtherIncomeExpensesNet": 276000,
        "incomeBeforeTax": 11096000,
        "incomeBeforeTaxRatio": 0.5353403773,
        "incomeTaxExpense": -1704000,
        "netIncome": 10024000,
        "netIncomeRatio": 0.4836203985,
        "eps": 0.4,
        "epsdiluted": 0.4,
        "weightedAverageShsOut": 24765000,
        "weightedAverageShsOutDil": 24787000,
        "link": "https://www.sec.gov/Archives/edgar/data/1052752/000115752307008203/0001157523-07-008203-index.htm",
        "finalLink": "https://www.sec.gov/Archives/edgar/data/1052752/000115752307008203/a5468243.htm"
    },
    {
        "date": "2007-03-31",
        "symbol": "GTY",
        "reportedCurrency": "USD",
        "cik": "0001052752",
        "fillingDate": "2007-05-10",
        "acceptedDate": "2007-05-10 13:38:44",
        "calendarYear": "2007",
        "period": "Q1",
        "revenue": 17993000,
        "costOfRevenue": 2420000,
        "grossProfit": 15573000,
        "grossProfitRatio": 0.8655032513,
        "researchAndDevelopmentExpenses": 0,
        "generalAndAdministrativeExpenses": 1453000,
        "sellingAndMarketingExpenses": 0,
        "sellingGeneralAndAdministrativeExpenses": 1453000,
        "otherExpenses": 5254000,
        "operatingExpenses": 6707000,
        "costAndExpenses": 6707000,
        "interestIncome": 0,
        "interestExpense": 0,
        "depreciationAndAmortization": 1865000,
        "ebitda": 13151000,
        "ebitdaratio": 0.7308953482,
        "operatingIncome": 11286000,
        "operatingIncomeRatio": 0.6272439282,
        "totalOtherIncomeExpensesNet": -694000,
        "incomeBeforeTax": 11401000,
        "incomeBeforeTaxRatio": 0.6336353026,
        "incomeTaxExpense": 734000,
        "netIncome": 10437000,
        "netIncomeRatio": 0.5800589118,
        "eps": 0.42,
        "epsdiluted": 0.42,
        "weightedAverageShsOut": 24765000,
        "weightedAverageShsOutDil": 24785000,
        "link": "https://www.sec.gov/Archives/edgar/data/1052752/000115752307004964/0001157523-07-004964-index.htm",
        "finalLink": "https://www.sec.gov/Archives/edgar/data/1052752/000115752307004964/a5399597.htm"
    },
    {
        "date": "2006-12-31",
        "symbol": "GTY",
        "reportedCurrency": "USD",
        "cik": "0001052752",
        "fillingDate": "2007-03-16",
        "acceptedDate": "2007-03-16 17:24:11",
        "calendarYear": "2006",
        "period": "Q4",
        "revenue": 18071000,
        "costOfRevenue": 0,
        "grossProfit": 18071000,
        "grossProfitRatio": 1,
        "researchAndDevelopmentExpenses": 0,
        "generalAndAdministrativeExpenses": 1484000,
        "sellingAndMarketingExpenses": 0,
        "sellingGeneralAndAdministrativeExpenses": 1484000,
        "otherExpenses": 6352000,
        "operatingExpenses": 7836000,
        "costAndExpenses": 7836000,
        "interestIncome": 0,
        "interestExpense": 920000,
        "depreciationAndAmortization": 2080000,
        "ebitda": 12315000,
        "ebitdaratio": 0.6814786121,
        "operatingIncome": 10235000,
        "operatingIncomeRatio": 0.5663770682,
        "totalOtherIncomeExpensesNet": -429000,
        "incomeBeforeTax": 9806000,
        "incomeBeforeTaxRatio": 0.5426373748,
        "incomeTaxExpense": 0,
        "netIncome": 9806000,
        "netIncomeRatio": 0.5426373748,
        "eps": 0.4,
        "epsdiluted": 0.4,
        "weightedAverageShsOut": 24759000,
        "weightedAverageShsOutDil": 24765000,
        "link": "https://www.sec.gov/Archives/edgar/data/1052752/000095013707003993/0000950137-07-003993-index.htm",
        "finalLink": "https://www.sec.gov/Archives/edgar/data/1052752/000095013707003993/c13235e10vk.txt"
    },
    {
        "date": "2006-09-30",
        "symbol": "GTY",
        "reportedCurrency": "USD",
        "cik": "0001052752",
        "fillingDate": "2006-11-02",
        "acceptedDate": "2006-11-02 17:01:36",
        "calendarYear": "2006",
        "period": "Q3",
        "revenue": 18087000,
        "costOfRevenue": 2425000,
        "grossProfit": 15662000,
        "grossProfitRatio": 0.8659258031,
        "researchAndDevelopmentExpenses": 0,
        "generalAndAdministrativeExpenses": 1383000,
        "sellingAndMarketingExpenses": 0,
        "sellingGeneralAndAdministrativeExpenses": 1383000,
        "otherExpenses": 5958000,
        "operatingExpenses": 7341000,
        "costAndExpenses": 7341000,
        "interestIncome": 0,
        "interestExpense": 979000,
        "depreciationAndAmortization": 1891000,
        "ebitda": 12574000,
        "ebitdaratio": 0.6951954442,
        "operatingIncome": 10746000,
        "operatingIncomeRatio": 0.5941283795,
        "totalOtherIncomeExpensesNet": -233000,
        "incomeBeforeTax": 10576000,
        "incomeBeforeTaxRatio": 0.5847293636,
        "incomeTaxExpense": -700000,
        "netIncome": 11276000,
        "netIncomeRatio": 0.6234311937,
        "eps": 0.46,
        "epsdiluted": 0.46,
        "weightedAverageShsOut": 24739000,
        "weightedAverageShsOutDil": 24764000,
        "link": "https://www.sec.gov/Archives/edgar/data/1052752/000115752306010792/0001157523-06-010792-index.htm",
        "finalLink": "https://www.sec.gov/Archives/edgar/data/1052752/000115752306010792/a5260719.htm"
    },
    {
        "date": "2006-06-30",
        "symbol": "GTY",
        "reportedCurrency": "USD",
        "cik": "0001052752",
        "fillingDate": "2006-08-04",
        "acceptedDate": "2006-08-04 15:28:51",
        "calendarYear": "2006",
        "period": "Q2",
        "revenue": 18180000,
        "costOfRevenue": 0,
        "grossProfit": 18180000,
        "grossProfitRatio": 1,
        "researchAndDevelopmentExpenses": 0,
        "generalAndAdministrativeExpenses": 1333000,
        "sellingAndMarketingExpenses": 0,
        "sellingGeneralAndAdministrativeExpenses": 1333000,
        "otherExpenses": 17288000,
        "operatingExpenses": 18621000,
        "costAndExpenses": 18621000,
        "interestIncome": 0,
        "interestExpense": 918000,
        "depreciationAndAmortization": 1925000,
        "ebitda": 13522000,
        "ebitdaratio": 0.7437843784,
        "operatingIncome": -441000,
        "operatingIncomeRatio": -0.0242574257,
        "totalOtherIncomeExpensesNet": -11896000,
        "incomeBeforeTax": -370000,
        "incomeBeforeTaxRatio": -0.0203520352,
        "incomeTaxExpense": -12877000,
        "netIncome": 11112000,
        "netIncomeRatio": 0.6112211221,
        "eps": 0.45,
        "epsdiluted": 0.45,
        "weightedAverageShsOut": 24725000,
        "weightedAverageShsOutDil": 24747000,
        "link": "https://www.sec.gov/Archives/edgar/data/1052752/000095013706008678/0000950137-06-008678-index.htm",
        "finalLink": "https://www.sec.gov/Archives/edgar/data/1052752/000095013706008678/c07230e10vq.txt"
    },
    {
        "date": "2006-03-31",
        "symbol": "GTY",
        "reportedCurrency": "USD",
        "cik": "0001052752",
        "fillingDate": "2006-05-10",
        "acceptedDate": "2006-05-10 16:36:08",
        "calendarYear": "2006",
        "period": "Q1",
        "revenue": 18067000,
        "costOfRevenue": 0,
        "grossProfit": 18067000,
        "grossProfitRatio": 1,
        "researchAndDevelopmentExpenses": 0,
        "generalAndAdministrativeExpenses": 1407000,
        "sellingAndMarketingExpenses": 0,
        "sellingGeneralAndAdministrativeExpenses": 1407000,
        "otherExpenses": 5572000,
        "operatingExpenses": 6979000,
        "costAndExpenses": 6979000,
        "interestIncome": 0,
        "interestExpense": 639000,
        "depreciationAndAmortization": 1987000,
        "ebitda": 13075000,
        "ebitdaratio": 0.7236951348,
        "operatingIncome": 11088000,
        "operatingIncomeRatio": 0.6137156141,
        "totalOtherIncomeExpensesNet": 11000,
        "incomeBeforeTax": 11170000,
        "incomeBeforeTaxRatio": 0.6182542758,
        "incomeTaxExpense": -164000,
        "netIncome": 10531000,
        "netIncomeRatio": 0.5828859246,
        "eps": 0.43,
        "epsdiluted": 0.43,
        "weightedAverageShsOut": 24717000,
        "weightedAverageShsOutDil": 24745000,
        "link": "https://www.sec.gov/Archives/edgar/data/1052752/000095013706005732/0000950137-06-005732-index.htm",
        "finalLink": "https://www.sec.gov/Archives/edgar/data/1052752/000095013706005732/c04796e10vq.txt"
    },
    {
        "date": "2005-12-31",
        "symbol": "GTY",
        "reportedCurrency": "USD",
        "cik": "0001052752",
        "fillingDate": "2006-03-14",
        "acceptedDate": "2006-03-14 15:37:15",
        "calendarYear": "2005",
        "period": "Q4",
        "revenue": 18341000,
        "costOfRevenue": 0,
        "grossProfit": 18341000,
        "grossProfitRatio": 1,
        "researchAndDevelopmentExpenses": 0,
        "generalAndAdministrativeExpenses": 1158000,
        "sellingAndMarketingExpenses": 0,
        "sellingGeneralAndAdministrativeExpenses": 1158000,
        "otherExpenses": 6832000,
        "operatingExpenses": 7990000,
        "costAndExpenses": 7990000,
        "interestIncome": 0,
        "interestExpense": 527000,
        "depreciationAndAmortization": 2155000,
        "ebitda": 12506000,
        "ebitdaratio": 0.681860313,
        "operatingIncome": 10351000,
        "operatingIncomeRatio": 0.5643639932,
        "totalOtherIncomeExpensesNet": 681000,
        "incomeBeforeTax": 11032000,
        "incomeBeforeTaxRatio": 0.6014939207,
        "incomeTaxExpense": 0,
        "netIncome": 11032000,
        "netIncomeRatio": 0.6014939207,
        "eps": 0.45,
        "epsdiluted": 0.45,
        "weightedAverageShsOut": 24714000,
        "weightedAverageShsOutDil": 24717000,
        "link": "https://www.sec.gov/Archives/edgar/data/1052752/000095013706002990/0000950137-06-002990-index.htm",
        "finalLink": "https://www.sec.gov/Archives/edgar/data/1052752/000095013706002990/c02135e10vk.txt"
    },
    {
        "date": "2005-09-30",
        "symbol": "GTY",
        "reportedCurrency": "USD",
        "cik": "0001052752",
        "fillingDate": "2005-11-08",
        "acceptedDate": "2005-11-07 17:43:52",
        "calendarYear": "2005",
        "period": "Q3",
        "revenue": 17768000,
        "costOfRevenue": 0,
        "grossProfit": 17768000,
        "grossProfitRatio": 1,
        "researchAndDevelopmentExpenses": 0,
        "generalAndAdministrativeExpenses": 1167000,
        "sellingAndMarketingExpenses": 0,
        "sellingGeneralAndAdministrativeExpenses": 1167000,
        "otherExpenses": 5012000,
        "operatingExpenses": 6179000,
        "costAndExpenses": 6179000,
        "interestIncome": 0,
        "interestExpense": 138000,
        "depreciationAndAmortization": 2086000,
        "ebitda": 13675000,
        "ebitdaratio": 0.7696420531,
        "operatingIncome": 11589000,
        "operatingIncomeRatio": 0.652239982,
        "totalOtherIncomeExpensesNet": -317000,
        "incomeBeforeTax": 11272000,
        "incomeBeforeTaxRatio": 0.6343989194,
        "incomeTaxExpense": -1494000,
        "netIncome": 12766000,
        "netIncomeRatio": 0.7184826655,
        "eps": 0.52,
        "epsdiluted": 0.52,
        "weightedAverageShsOut": 24715000,
        "weightedAverageShsOutDil": 24734000,
        "link": "https://www.sec.gov/Archives/edgar/data/1052752/000095013705013412/0000950137-05-013412-index.htm",
        "finalLink": "https://www.sec.gov/Archives/edgar/data/1052752/000095013705013412/c99540e10vq.txt"
    },
    {
        "date": "2005-06-30",
        "symbol": "GTY",
        "reportedCurrency": "USD",
        "cik": "0001052752",
        "fillingDate": "2005-08-09",
        "acceptedDate": "2005-08-09 17:29:20",
        "calendarYear": "2005",
        "period": "Q2",
        "revenue": 17872000,
        "costOfRevenue": 0,
        "grossProfit": 17872000,
        "grossProfitRatio": 1,
        "researchAndDevelopmentExpenses": 0,
        "generalAndAdministrativeExpenses": 1289000,
        "sellingAndMarketingExpenses": 0,
        "sellingGeneralAndAdministrativeExpenses": 1289000,
        "otherExpenses": 5973000,
        "operatingExpenses": 7262000,
        "costAndExpenses": 7262000,
        "interestIncome": 0,
        "interestExpense": 451000,
        "depreciationAndAmortization": 2065000,
        "ebitda": 1669000,
        "ebitdaratio": 0.0933863026,
        "operatingIncome": 10610000,
        "operatingIncomeRatio": 0.5936660698,
        "totalOtherIncomeExpensesNet": 55000,
        "incomeBeforeTax": 10665000,
        "incomeBeforeTaxRatio": 0.5967435094,
        "incomeTaxExpense": -110000,
        "netIncome": 10214000,
        "netIncomeRatio": 0.5715085049,
        "eps": 0.41,
        "epsdiluted": 0.41,
        "weightedAverageShsOut": 24714000,
        "weightedAverageShsOutDil": 24728000,
        "link": "https://www.sec.gov/Archives/edgar/data/1052752/000095013705009938/0000950137-05-009938-index.htm",
        "finalLink": "https://www.sec.gov/Archives/edgar/data/1052752/000095013705009938/c96879e10vq.txt"
    },
    {
        "date": "2005-03-31",
        "symbol": "GTY",
        "reportedCurrency": "USD",
        "cik": "0001052752",
        "fillingDate": "2005-05-10",
        "acceptedDate": "2005-05-10 16:48:56",
        "calendarYear": "2005",
        "period": "Q1",
        "revenue": 17396000,
        "costOfRevenue": 0,
        "grossProfit": 17396000,
        "grossProfitRatio": 1,
        "researchAndDevelopmentExpenses": 0,
        "generalAndAdministrativeExpenses": 1311000,
        "sellingAndMarketingExpenses": 0,
        "sellingGeneralAndAdministrativeExpenses": 1311000,
        "otherExpenses": 4636000,
        "operatingExpenses": 5947000,
        "costAndExpenses": 5947000,
        "interestIncome": 0,
        "interestExpense": 149000,
        "depreciationAndAmortization": 1949000,
        "ebitda": 13398000,
        "ebitdaratio": 0.7701770522,
        "operatingIncome": 11449000,
        "operatingIncomeRatio": 0.6581398023,
        "totalOtherIncomeExpensesNet": 136000,
        "incomeBeforeTax": 11585000,
        "incomeBeforeTaxRatio": 0.6659576914,
        "incomeTaxExpense": -272000,
        "netIncome": 11436000,
        "netIncomeRatio": 0.657392504,
        "eps": 0.46,
        "epsdiluted": 0.46,
        "weightedAverageShsOut": 24700000,
        "weightedAverageShsOutDil": 24714000,
        "link": "https://www.sec.gov/Archives/edgar/data/1052752/000095013705005667/0000950137-05-005667-index.htm",
        "finalLink": "https://www.sec.gov/Archives/edgar/data/1052752/000095013705005667/c95052e10vq.txt"
    },
    {
        "date": "2004-12-31",
        "symbol": "GTY",
        "reportedCurrency": "USD",
        "cik": "0001052752",
        "fillingDate": "2005-03-16",
        "acceptedDate": "2005-03-16 17:11:33",
        "calendarYear": "2004",
        "period": "Q4",
        "revenue": 16200000,
        "costOfRevenue": 0,
        "grossProfit": 16200000,
        "grossProfitRatio": 1,
        "researchAndDevelopmentExpenses": 0,
        "generalAndAdministrativeExpenses": 882000,
        "sellingAndMarketingExpenses": 0,
        "sellingGeneralAndAdministrativeExpenses": 882000,
        "otherExpenses": 5869000,
        "operatingExpenses": 6751000,
        "costAndExpenses": 6751000,
        "interestIncome": 0,
        "interestExpense": 75000,
        "depreciationAndAmortization": 2062000,
        "ebitda": 11511000,
        "ebitdaratio": 0.7105555556,
        "operatingIncome": 9449000,
        "operatingIncomeRatio": 0.5832716049,
        "totalOtherIncomeExpensesNet": 0,
        "incomeBeforeTax": 0,
        "incomeBeforeTaxRatio": 0,
        "incomeTaxExpense": -1485000,
        "netIncome": 10859000,
        "netIncomeRatio": 0.670308642,
        "eps": 0.44,
        "epsdiluted": 0.44,
        "weightedAverageShsOut": 24677000,
        "weightedAverageShsOutDil": 24700000,
        "link": "https://www.sec.gov/Archives/edgar/data/1052752/000095013705003144/0000950137-05-003144-index.htm",
        "finalLink": "https://www.sec.gov/Archives/edgar/data/1052752/000095013705003144/c93068e10vk.txt"
    },
    {
        "date": "2004-09-30",
        "symbol": "GTY",
        "reportedCurrency": "USD",
        "cik": "0001052752",
        "fillingDate": "2004-11-09",
        "acceptedDate": "2004-11-09 16:05:26",
        "calendarYear": "2004",
        "period": "Q3",
        "revenue": 16748000,
        "costOfRevenue": 0,
        "grossProfit": 16748000,
        "grossProfitRatio": 1,
        "researchAndDevelopmentExpenses": 0,
        "generalAndAdministrativeExpenses": 1492000,
        "sellingAndMarketingExpenses": 0,
        "sellingGeneralAndAdministrativeExpenses": 1492000,
        "otherExpenses": 5275000,
        "operatingExpenses": 6767000,
        "costAndExpenses": 6767000,
        "interestIncome": 0,
        "interestExpense": 0,
        "depreciationAndAmortization": 1764000,
        "ebitda": 11745000,
        "ebitdaratio": 0.7012777645,
        "operatingIncome": 9981000,
        "operatingIncomeRatio": 0.5959517554,
        "totalOtherIncomeExpensesNet": -12000,
        "incomeBeforeTax": 0,
        "incomeBeforeTaxRatio": 0,
        "incomeTaxExpense": 12000,
        "netIncome": 9969000,
        "netIncomeRatio": 0.595235252,
        "eps": 0.4,
        "epsdiluted": 0.4,
        "weightedAverageShsOut": 24680000,
        "weightedAverageShsOutDil": 24720000,
        "link": "https://www.sec.gov/Archives/edgar/data/1052752/000095013704009671/0000950137-04-009671-index.htm",
        "finalLink": "https://www.sec.gov/Archives/edgar/data/1052752/000095013704009671/c89393e10vq.txt"
    },
    {
        "date": "2004-06-30",
        "symbol": "GTY",
        "reportedCurrency": "USD",
        "cik": "0001052752",
        "fillingDate": "2004-08-03",
        "acceptedDate": "2004-08-03 11:18:12",
        "calendarYear": "2004",
        "period": "Q2",
        "revenue": 16739000,
        "costOfRevenue": 0,
        "grossProfit": 16739000,
        "grossProfitRatio": 1,
        "researchAndDevelopmentExpenses": 0,
        "generalAndAdministrativeExpenses": 1255000,
        "sellingAndMarketingExpenses": 0,
        "sellingGeneralAndAdministrativeExpenses": 1255000,
        "otherExpenses": 6098000,
        "operatingExpenses": 7353000,
        "costAndExpenses": 7353000,
        "interestIncome": 0,
        "interestExpense": 19000,
        "depreciationAndAmortization": 1828000,
        "ebitda": 11214000,
        "ebitdaratio": 0.669932493,
        "operatingIncome": 9386000,
        "operatingIncomeRatio": 0.5607264472,
        "totalOtherIncomeExpensesNet": 0,
        "incomeBeforeTax": 0,
        "incomeBeforeTaxRatio": 0,
        "incomeTaxExpense": 19000,
        "netIncome": 9367000,
        "netIncomeRatio": 0.5595913734,
        "eps": 0.38,
        "epsdiluted": 0.38,
        "weightedAverageShsOut": 24680000,
        "weightedAverageShsOutDil": 24713000,
        "link": "https://www.sec.gov/Archives/edgar/data/1052752/000095013704006104/0000950137-04-006104-index.htm",
        "finalLink": "https://www.sec.gov/Archives/edgar/data/1052752/000095013704006104/c87133e10vq.txt"
    },
    {
        "date": "2004-03-31",
        "symbol": "GTY",
        "reportedCurrency": "USD",
        "cik": "0001052752",
        "fillingDate": "2004-04-28",
        "acceptedDate": "2004-04-28 17:00:41",
        "calendarYear": "2004",
        "period": "Q1",
        "revenue": 16644000,
        "costOfRevenue": 0,
        "grossProfit": 16644000,
        "grossProfitRatio": 1,
        "researchAndDevelopmentExpenses": 0,
        "generalAndAdministrativeExpenses": 1377000,
        "sellingAndMarketingExpenses": 0,
        "sellingGeneralAndAdministrativeExpenses": 1377000,
        "otherExpenses": 6089000,
        "operatingExpenses": 7466000,
        "costAndExpenses": 7466000,
        "interestIncome": 0,
        "interestExpense": 21000,
        "depreciationAndAmortization": 1836000,
        "ebitda": 11014000,
        "ebitdaratio": 0.6617399664,
        "operatingIncome": 9178000,
        "operatingIncomeRatio": 0.5514299447,
        "totalOtherIncomeExpensesNet": 0,
        "incomeBeforeTax": 0,
        "incomeBeforeTaxRatio": 0,
        "incomeTaxExpense": 21000,
        "netIncome": 9157000,
        "netIncomeRatio": 0.5501682288,
        "eps": 0.37,
        "epsdiluted": 0.37,
        "weightedAverageShsOut": 24671000,
        "weightedAverageShsOutDil": 24717000,
        "link": "https://www.sec.gov/Archives/edgar/data/1052752/000095013704003284/0000950137-04-003284-index.htm",
        "finalLink": "https://www.sec.gov/Archives/edgar/data/1052752/000095013704003284/c84820e10vq.txt"
    },
    {
        "date": "2003-12-31",
        "symbol": "GTY",
        "reportedCurrency": "USD",
        "cik": "0001052752",
        "fillingDate": "2004-03-12",
        "acceptedDate": "2004-03-12 14:14:14",
        "calendarYear": "2003",
        "period": "Q4",
        "revenue": 17043000,
        "costOfRevenue": 0,
        "grossProfit": 17043000,
        "grossProfitRatio": 1,
        "researchAndDevelopmentExpenses": 0,
        "generalAndAdministrativeExpenses": 1046000,
        "sellingAndMarketingExpenses": 0,
        "sellingGeneralAndAdministrativeExpenses": 1046000,
        "otherExpenses": 6535000,
        "operatingExpenses": 7581000,
        "costAndExpenses": 7581000,
        "interestIncome": 0,
        "interestExpense": 30000,
        "depreciationAndAmortization": 2017000,
        "ebitda": 11479000,
        "ebitdaratio": 0.6735316552,
        "operatingIncome": 9462000,
        "operatingIncomeRatio": 0.5551839465,
        "totalOtherIncomeExpensesNet": 0,
        "incomeBeforeTax": 0,
        "incomeBeforeTaxRatio": 0,
        "incomeTaxExpense": 30000,
        "netIncome": 9432000,
        "netIncomeRatio": 0.553423693,
        "eps": 0.38,
        "epsdiluted": 0.38,
        "weightedAverageShsOut": 24671000,
        "weightedAverageShsOutDil": 24671000,
        "link": "https://www.sec.gov/Archives/edgar/data/1052752/000095013704001787/0000950137-04-001787-index.htm",
        "finalLink": "https://www.sec.gov/Archives/edgar/data/1052752/000095013704001787/c83511e10vk.txt"
    },
    {
        "date": "2003-09-30",
        "symbol": "GTY",
        "reportedCurrency": "USD",
        "cik": "0001052752",
        "fillingDate": "2003-11-06",
        "acceptedDate": "2003-11-06 15:38:59",
        "calendarYear": "2003",
        "period": "Q3",
        "revenue": 17151000,
        "costOfRevenue": 0,
        "grossProfit": 17151000,
        "grossProfitRatio": 1,
        "researchAndDevelopmentExpenses": 0,
        "generalAndAdministrativeExpenses": 1128000,
        "sellingAndMarketingExpenses": 0,
        "sellingGeneralAndAdministrativeExpenses": 1128000,
        "otherExpenses": 6524000,
        "operatingExpenses": 7652000,
        "costAndExpenses": 7652000,
        "interestIncome": 0,
        "interestExpense": 32000,
        "depreciationAndAmortization": 2083000,
        "ebitda": 11582000,
        "ebitdaratio": 0.6752959011,
        "operatingIncome": 9499000,
        "operatingIncomeRatio": 0.5538452568,
        "totalOtherIncomeExpensesNet": 0,
        "incomeBeforeTax": 0,
        "incomeBeforeTaxRatio": 0,
        "incomeTaxExpense": 32000,
        "netIncome": 9467000,
        "netIncomeRatio": 0.5519794764,
        "eps": 0.38,
        "epsdiluted": 0.38,
        "weightedAverageShsOut": 24703000,
        "weightedAverageShsOutDil": 24726000,
        "link": "https://www.sec.gov/Archives/edgar/data/1052752/000095013703005701/0000950137-03-005701-index.htm",
        "finalLink": "https://www.sec.gov/Archives/edgar/data/1052752/000095013703005701/c80467e10vq.txt"
    },
    {
        "date": "2003-06-30",
        "symbol": "GTY",
        "reportedCurrency": "USD",
        "cik": "0001052752",
        "fillingDate": "2003-08-13",
        "acceptedDate": "2003-08-12 18:11:17",
        "calendarYear": "2003",
        "period": "Q2",
        "revenue": 17081000,
        "costOfRevenue": 0,
        "grossProfit": 17081000,
        "grossProfitRatio": 1,
        "researchAndDevelopmentExpenses": 0,
        "generalAndAdministrativeExpenses": 607000,
        "sellingAndMarketingExpenses": 0,
        "sellingGeneralAndAdministrativeExpenses": 607000,
        "otherExpenses": 7010000,
        "operatingExpenses": 7617000,
        "costAndExpenses": 7617000,
        "interestIncome": 0,
        "interestExpense": 0,
        "depreciationAndAmortization": 2172000,
        "ebitda": 11636000,
        "ebitdaratio": 0.6812247526,
        "operatingIncome": 9464000,
        "operatingIncomeRatio": 0.5540659212,
        "totalOtherIncomeExpensesNet": 0,
        "incomeBeforeTax": 0,
        "incomeBeforeTaxRatio": 0,
        "incomeTaxExpense": 33000,
        "netIncome": 9431000,
        "netIncomeRatio": 0.55213395,
        "eps": 0.38,
        "epsdiluted": 0.38,
        "weightedAverageShsOut": 21498000,
        "weightedAverageShsOutDil": 21508000,
        "link": "https://www.sec.gov/Archives/edgar/data/1052752/000095013703004247/0000950137-03-004247-index.htm",
        "finalLink": "https://www.sec.gov/Archives/edgar/data/1052752/000095013703004247/c78829e10vq.txt"
    },
    {
        "date": "2003-03-31",
        "symbol": "GTY",
        "reportedCurrency": "USD",
        "cik": "0001052752",
        "fillingDate": "2003-05-14",
        "acceptedDate": "2003-05-14 12:18:10",
        "calendarYear": "2003",
        "period": "Q1",
        "revenue": 17031000,
        "costOfRevenue": 0,
        "grossProfit": 17031000,
        "grossProfitRatio": 1,
        "researchAndDevelopmentExpenses": 0,
        "generalAndAdministrativeExpenses": 1293000,
        "sellingAndMarketingExpenses": 0,
        "sellingGeneralAndAdministrativeExpenses": 1293000,
        "otherExpenses": 6598000,
        "operatingExpenses": 7891000,
        "costAndExpenses": 7891000,
        "interestIncome": 0,
        "interestExpense": 0,
        "depreciationAndAmortization": 2139000,
        "ebitda": 11279000,
        "ebitdaratio": 0.6622629323,
        "operatingIncome": 9140000,
        "operatingIncomeRatio": 0.5366684282,
        "totalOtherIncomeExpensesNet": 0,
        "incomeBeforeTax": 0,
        "incomeBeforeTaxRatio": 0,
        "incomeTaxExpense": 583000,
        "netIncome": 8557000,
        "netIncomeRatio": 0.502436733,
        "eps": 0.34,
        "epsdiluted": 0.34,
        "weightedAverageShsOut": 21442000,
        "weightedAverageShsOutDil": 21456000,
        "link": "https://www.sec.gov/Archives/edgar/data/1052752/000095013703002914/0000950137-03-002914-index.htm",
        "finalLink": "https://www.sec.gov/Archives/edgar/data/1052752/000095013703002914/c77054e10vq.txt"
    },
    {
        "date": "2002-12-31",
        "symbol": "GTY",
        "reportedCurrency": "USD",
        "cik": "0001052752",
        "fillingDate": "2003-03-27",
        "acceptedDate": "2003-03-27 11:55:45",
        "calendarYear": "2002",
        "period": "Q4",
        "revenue": 17231000,
        "costOfRevenue": 0,
        "grossProfit": 17231000,
        "grossProfitRatio": 1,
        "researchAndDevelopmentExpenses": 0,
        "generalAndAdministrativeExpenses": 0,
        "sellingAndMarketingExpenses": 0,
        "sellingGeneralAndAdministrativeExpenses": 9105000,
        "otherExpenses": -12507000,
        "operatingExpenses": -3402000,
        "costAndExpenses": 8573000,
        "interestIncome": 0,
        "interestExpense": 32000,
        "depreciationAndAmortization": 2201000,
        "ebitda": 10859000,
        "ebitdaratio": 0.6302013812,
        "operatingIncome": 8658000,
        "operatingIncomeRatio": 0.5024664848,
        "totalOtherIncomeExpensesNet": -32000,
        "incomeBeforeTax": 8626000,
        "incomeBeforeTaxRatio": 0.5006093668,
        "incomeTaxExpense": 32000,
        "netIncome": 8626000,
        "netIncomeRatio": 0.5006093668,
        "eps": 0.4,
        "epsdiluted": 0.4,
        "weightedAverageShsOut": 21433000,
        "weightedAverageShsOutDil": 21442000,
        "link": "https://www.sec.gov/Archives/edgar/data/1052752/000095013703001769/0000950137-03-001769-index.htm",
        "finalLink": "https://www.sec.gov/Archives/edgar/data/1052752/000095013703001769/c75634e10vk.txt"
    },
    {
        "date": "2002-09-30",
        "symbol": "GTY",
        "reportedCurrency": "USD",
        "cik": "0001052752",
        "fillingDate": "2002-11-13",
        "acceptedDate": "2002-11-13 16:14:30",
        "calendarYear": "2002",
        "period": "Q3",
        "revenue": 17383000,
        "costOfRevenue": 0,
        "grossProfit": 17383000,
        "grossProfitRatio": 1,
        "researchAndDevelopmentExpenses": 0,
        "generalAndAdministrativeExpenses": 965000,
        "sellingAndMarketingExpenses": 0,
        "sellingGeneralAndAdministrativeExpenses": 965000,
        "otherExpenses": 7410000,
        "operatingExpenses": 8375000,
        "costAndExpenses": 8375000,
        "interestIncome": 0,
        "interestExpense": 35000,
        "depreciationAndAmortization": 2174000,
        "ebitda": 11182000,
        "ebitdaratio": 0.6432721625,
        "operatingIncome": 9008000,
        "operatingIncomeRatio": 0.5182074441,
        "totalOtherIncomeExpensesNet": -35000,
        "incomeBeforeTax": 8973000,
        "incomeBeforeTaxRatio": 0.5161939826,
        "incomeTaxExpense": 35000,
        "netIncome": 8973000,
        "netIncomeRatio": 0.5161939826,
        "eps": 0.36,
        "epsdiluted": 0.36,
        "weightedAverageShsOut": 21441000,
        "weightedAverageShsOutDil": 21450000,
        "link": "https://www.sec.gov/Archives/edgar/data/1052752/000095013702006208/0000950137-02-006208-index.htm",
        "finalLink": "https://www.sec.gov/Archives/edgar/data/1052752/000095013702006208/c73041e10vq.txt"
    },
    {
        "date": "2002-06-30",
        "symbol": "GTY",
        "reportedCurrency": "USD",
        "cik": "0001052752",
        "fillingDate": "2002-08-13",
        "acceptedDate": "2002-08-13 10:25:54",
        "calendarYear": "2002",
        "period": "Q2",
        "revenue": 17594000,
        "costOfRevenue": 0,
        "grossProfit": 17594000,
        "grossProfitRatio": 1,
        "researchAndDevelopmentExpenses": 0,
        "generalAndAdministrativeExpenses": 1211000,
        "sellingAndMarketingExpenses": 0,
        "sellingGeneralAndAdministrativeExpenses": 1211000,
        "otherExpenses": 7045000,
        "operatingExpenses": 8256000,
        "costAndExpenses": 8256000,
        "interestIncome": 0,
        "interestExpense": 32000,
        "depreciationAndAmortization": 2327000,
        "ebitda": 11665000,
        "ebitdaratio": 0.6630101171,
        "operatingIncome": 9338000,
        "operatingIncomeRatio": 0.530749119,
        "totalOtherIncomeExpensesNet": -32000,
        "incomeBeforeTax": 9306000,
        "incomeBeforeTaxRatio": 0.5289303172,
        "incomeTaxExpense": 32000,
        "netIncome": 9306000,
        "netIncomeRatio": 0.5289303172,
        "eps": 0.37,
        "epsdiluted": 0.37,
        "weightedAverageShsOut": 21434000,
        "weightedAverageShsOutDil": 21443000,
        "link": "https://www.sec.gov/Archives/edgar/data/1052752/000095013702004360/0000950137-02-004360-index.htm",
        "finalLink": "https://www.sec.gov/Archives/edgar/data/1052752/000095013702004360/c71048e10vq.txt"
    },
    {
        "date": "2002-03-31",
        "symbol": "GTY",
        "reportedCurrency": "USD",
        "cik": "0001052752",
        "fillingDate": "2002-05-10",
        "acceptedDate": "2002-05-10 15:58:24",
        "calendarYear": "2002",
        "period": "Q1",
        "revenue": 17437000,
        "costOfRevenue": 0,
        "grossProfit": 17437000,
        "grossProfitRatio": 1,
        "researchAndDevelopmentExpenses": 0,
        "generalAndAdministrativeExpenses": 1078000,
        "sellingAndMarketingExpenses": 0,
        "sellingGeneralAndAdministrativeExpenses": 1078000,
        "otherExpenses": 7068000,
        "operatingExpenses": 8146000,
        "costAndExpenses": 8146000,
        "interestIncome": 0,
        "interestExpense": 33000,
        "depreciationAndAmortization": 2314000,
        "ebitda": 11605000,
        "ebitdaratio": 0.6655387968,
        "operatingIncome": 9291000,
        "operatingIncomeRatio": 0.5328324827,
        "totalOtherIncomeExpensesNet": -33000,
        "incomeBeforeTax": 9258000,
        "incomeBeforeTaxRatio": 0.5309399553,
        "incomeTaxExpense": 33000,
        "netIncome": 9258000,
        "netIncomeRatio": 0.5309399553,
        "eps": 0.37,
        "epsdiluted": 0.37,
        "weightedAverageShsOut": 21425000,
        "weightedAverageShsOutDil": 21435000,
        "link": "https://www.sec.gov/Archives/edgar/data/1052752/000095013702002863/0000950137-02-002863-index.htm",
        "finalLink": "https://www.sec.gov/Archives/edgar/data/1052752/000095013702002863/c69450e10-q.txt"
    },
    {
        "date": "2001-12-31",
        "symbol": "GTY",
        "reportedCurrency": "USD",
        "cik": "0001052752",
        "fillingDate": "2002-03-29",
        "acceptedDate": "2002-03-29 00:00:00",
        "calendarYear": "2001",
        "period": "Q4",
        "revenue": 17736000,
        "costOfRevenue": 0,
        "grossProfit": 17736000,
        "grossProfitRatio": 1,
        "researchAndDevelopmentExpenses": 0,
        "generalAndAdministrativeExpenses": 1048000,
        "sellingAndMarketingExpenses": 0,
        "sellingGeneralAndAdministrativeExpenses": 1048000,
        "otherExpenses": 26840000,
        "operatingExpenses": 27888000,
        "costAndExpenses": 27888000,
        "interestIncome": 0,
        "interestExpense": 41000,
        "depreciationAndAmortization": 2284000,
        "ebitda": -7868000,
        "ebitdaratio": -0.4436175011,
        "operatingIncome": -10152000,
        "operatingIncomeRatio": -0.5723951286,
        "totalOtherIncomeExpensesNet": 16818000,
        "incomeBeforeTax": 6666000,
        "incomeBeforeTaxRatio": 0.3758457375,
        "incomeTaxExpense": -16859000,
        "netIncome": 6666000,
        "netIncomeRatio": 0.3758457375,
        "eps": 1.1,
        "epsdiluted": 1.1,
        "weightedAverageShsOut": 21425000,
        "weightedAverageShsOutDil": 21425000,
        "link": "https://www.sec.gov/Archives/edgar/data/1052752/000095013702001834/0000950137-02-001834-index.htm",
        "finalLink": "https://www.sec.gov/Archives/edgar/data/1052752/000095013702001834/c68473e10-k405.txt"
    },
    {
        "date": "2001-09-30",
        "symbol": "GTY",
        "reportedCurrency": "USD",
        "cik": "0001052752",
        "fillingDate": "2001-11-13",
        "acceptedDate": "2001-11-13 00:00:00",
        "calendarYear": "2001",
        "period": "Q3",
        "revenue": 17594000,
        "costOfRevenue": 0,
        "grossProfit": 17594000,
        "grossProfitRatio": 1,
        "researchAndDevelopmentExpenses": 0,
        "generalAndAdministrativeExpenses": 1660000,
        "sellingAndMarketingExpenses": 0,
        "sellingGeneralAndAdministrativeExpenses": 1660000,
        "otherExpenses": 1221000,
        "operatingExpenses": 2881000,
        "costAndExpenses": 2881000,
        "interestIncome": 0,
        "interestExpense": 243000,
        "depreciationAndAmortization": 2264000,
        "ebitda": 16977000,
        "ebitdaratio": 0.9649312266,
        "operatingIncome": 14713000,
        "operatingIncomeRatio": 0.8362509947,
        "totalOtherIncomeExpensesNet": -6120000,
        "incomeBeforeTax": 8593000,
        "incomeBeforeTaxRatio": 0.4884051381,
        "incomeTaxExpense": -43679000,
        "netIncome": 52272000,
        "netIncomeRatio": 2.9710128453,
        "eps": 2.11,
        "epsdiluted": 2.11,
        "weightedAverageShsOut": 18430000,
        "weightedAverageShsOutDil": 18437000,
        "link": "https://www.sec.gov/Archives/edgar/data/1052752/000095013701504477/0000950137-01-504477-index.htm",
        "finalLink": "https://www.sec.gov/Archives/edgar/data/1052752/000095013701504477/c65902e10-q.txt"
    },
    {
        "date": "2001-06-30",
        "symbol": "GTY",
        "reportedCurrency": "USD",
        "cik": "0001052752",
        "fillingDate": "2001-08-14",
        "acceptedDate": "2001-08-14 00:00:00",
        "calendarYear": "2001",
        "period": "Q2",
        "revenue": 17767000,
        "costOfRevenue": 0,
        "grossProfit": 17767000,
        "grossProfitRatio": 1,
        "researchAndDevelopmentExpenses": 0,
        "generalAndAdministrativeExpenses": 1219000,
        "sellingAndMarketingExpenses": 0,
        "sellingGeneralAndAdministrativeExpenses": 1219000,
        "otherExpenses": 1682000,
        "operatingExpenses": 2901000,
        "costAndExpenses": 2901000,
        "interestIncome": 0,
        "interestExpense": 744000,
        "depreciationAndAmortization": 2364000,
        "ebitda": 17230000,
        "ebitdaratio": 0.9697754264,
        "operatingIncome": 14866000,
        "operatingIncomeRatio": 0.8367197614,
        "totalOtherIncomeExpensesNet": -5581000,
        "incomeBeforeTax": 9285000,
        "incomeBeforeTaxRatio": 0.5225980751,
        "incomeTaxExpense": 3824000,
        "netIncome": 5461000,
        "netIncomeRatio": 0.3073675916,
        "eps": 0.33,
        "epsdiluted": 0.33,
        "weightedAverageShsOut": 15736739,
        "weightedAverageShsOutDil": 15740239,
        "link": "https://www.sec.gov/Archives/edgar/data/1052752/000095013701503098/0000950137-01-503098-index.htm",
        "finalLink": "https://www.sec.gov/Archives/edgar/data/1052752/000095013701503098/c64495e10-q.txt"
    },
    {
        "date": "2001-03-31",
        "symbol": "GTY",
        "reportedCurrency": "USD",
        "cik": "0001052752",
        "fillingDate": "2001-05-15",
        "acceptedDate": "2001-05-15 00:00:00",
        "calendarYear": "2001",
        "period": "Q1",
        "revenue": 17378000,
        "costOfRevenue": 0,
        "grossProfit": 17378000,
        "grossProfitRatio": 1,
        "researchAndDevelopmentExpenses": 0,
        "generalAndAdministrativeExpenses": 1017000,
        "sellingAndMarketingExpenses": 0,
        "sellingGeneralAndAdministrativeExpenses": 1017000,
        "otherExpenses": 1779000,
        "operatingExpenses": 2796000,
        "costAndExpenses": 2796000,
        "interestIncome": 0,
        "interestExpense": 898000,
        "depreciationAndAmortization": 2369000,
        "ebitda": 16951000,
        "ebitdaratio": 0.975428703,
        "operatingIncome": 14582000,
        "operatingIncomeRatio": 0.8391069168,
        "totalOtherIncomeExpensesNet": -7043000,
        "incomeBeforeTax": 7539000,
        "incomeBeforeTaxRatio": 0.4338243756,
        "incomeTaxExpense": 3207000,
        "netIncome": 4332000,
        "netIncomeRatio": 0.2492806997,
        "eps": 0.24,
        "epsdiluted": 0.24,
        "weightedAverageShsOut": 15736739,
        "weightedAverageShsOutDil": 15740239,
        "link": "https://www.sec.gov/Archives/edgar/data/1052752/000095013701501554/0000950137-01-501554-index.htm",
        "finalLink": "https://www.sec.gov/Archives/edgar/data/1052752/000095013701501554/c62504e10-q.txt"
    },
    {
        "date": "2000-10-31",
        "symbol": "GTY",
        "reportedCurrency": "USD",
        "cik": "0001052752",
        "fillingDate": "2000-12-15",
        "acceptedDate": "2000-12-15 00:00:00",
        "calendarYear": "2000",
        "period": "Q3",
        "revenue": 14906000,
        "costOfRevenue": 0,
        "grossProfit": 14906000,
        "grossProfitRatio": 1,
        "researchAndDevelopmentExpenses": 0,
        "generalAndAdministrativeExpenses": 921000,
        "sellingAndMarketingExpenses": 0,
        "sellingGeneralAndAdministrativeExpenses": 921000,
        "otherExpenses": 1992000,
        "operatingExpenses": 2913000,
        "costAndExpenses": 2913000,
        "interestIncome": 0,
        "interestExpense": 978000,
        "depreciationAndAmortization": 2436000,
        "ebitda": 14429000,
        "ebitdaratio": 0.9679994633,
        "operatingIncome": 11993000,
        "operatingIncomeRatio": 0.8045753388,
        "totalOtherIncomeExpensesNet": -6596000,
        "incomeBeforeTax": 5397000,
        "incomeBeforeTaxRatio": 0.3620689655,
        "incomeTaxExpense": 2272000,
        "netIncome": 3125000,
        "netIncomeRatio": 0.209647122,
        "eps": 0.15,
        "epsdiluted": 0.15,
        "weightedAverageShsOut": 15736739,
        "weightedAverageShsOutDil": 15740239,
        "link": "https://www.sec.gov/Archives/edgar/data/1052752/000095013700005254/0000950137-00-005254-index.htm",
        "finalLink": "https://www.sec.gov/Archives/edgar/data/1052752/000095013700005254/c59084e10-q.txt"
    },
    {
        "date": "2000-07-31",
        "symbol": "GTY",
        "reportedCurrency": "USD",
        "cik": "0001052752",
        "fillingDate": "2000-09-13",
        "acceptedDate": "2000-09-13 00:00:00",
        "calendarYear": "2000",
        "period": "Q2",
        "revenue": 14885000,
        "costOfRevenue": 0,
        "grossProfit": 14885000,
        "grossProfitRatio": 1,
        "researchAndDevelopmentExpenses": 0,
        "generalAndAdministrativeExpenses": 1076000,
        "sellingAndMarketingExpenses": 0,
        "sellingGeneralAndAdministrativeExpenses": 1076000,
        "otherExpenses": 1988000,
        "operatingExpenses": 3064000,
        "costAndExpenses": 3064000,
        "interestIncome": 0,
        "interestExpense": 980000,
        "depreciationAndAmortization": 2503000,
        "ebitda": 14324000,
        "ebitdaratio": 0.9623110514,
        "operatingIncome": 11821000,
        "operatingIncomeRatio": 0.7941551898,
        "totalOtherIncomeExpensesNet": -6247000,
        "incomeBeforeTax": 5574000,
        "incomeBeforeTaxRatio": 0.3744709439,
        "incomeTaxExpense": 2317000,
        "netIncome": 3257000,
        "netIncomeRatio": 0.2188108834,
        "eps": 0.16,
        "epsdiluted": 0.16,
        "weightedAverageShsOut": 15736739,
        "weightedAverageShsOutDil": 15740239,
        "link": "https://www.sec.gov/Archives/edgar/data/1052752/000095012400005608/0000950124-00-005608-index.htm",
        "finalLink": "https://www.sec.gov/Archives/edgar/data/1052752/000095012400005608/c57422e10-q.txt"
    },
    {
        "date": "2000-04-30",
        "symbol": "GTY",
        "reportedCurrency": "USD",
        "cik": "0001052752",
        "fillingDate": "2000-06-12",
        "acceptedDate": "2000-06-12 00:00:00",
        "calendarYear": "2000",
        "period": "Q1",
        "revenue": 15393000,
        "costOfRevenue": 0,
        "grossProfit": 15393000,
        "grossProfitRatio": 1,
        "researchAndDevelopmentExpenses": 0,
        "generalAndAdministrativeExpenses": 549000,
        "sellingAndMarketingExpenses": 0,
        "sellingGeneralAndAdministrativeExpenses": 549000,
        "otherExpenses": 2514000,
        "operatingExpenses": 3063000,
        "costAndExpenses": 3063000,
        "interestIncome": 0,
        "interestExpense": 800000,
        "depreciationAndAmortization": 2503000,
        "ebitda": 14833000,
        "ebitdaratio": 0.9636198272,
        "operatingIncome": 12330000,
        "operatingIncomeRatio": 0.8010134477,
        "totalOtherIncomeExpensesNet": -6327000,
        "incomeBeforeTax": 6003000,
        "incomeBeforeTaxRatio": 0.3899824596,
        "incomeTaxExpense": 2548000,
        "netIncome": 3455000,
        "netIncomeRatio": 0.2244526733,
        "eps": 0.16,
        "epsdiluted": 0.16,
        "weightedAverageShsOut": 15736739,
        "weightedAverageShsOutDil": 15740239,
        "link": "https://www.sec.gov/Archives/edgar/data/1052752/000095013700002799/0000950137-00-002799-index.htm",
        "finalLink": "https://www.sec.gov/Archives/edgar/data/1052752/000095013700002799/0000950137-00-002799-0001.txt"
    },
    {
        "date": "2000-01-31",
        "symbol": "GTY",
        "reportedCurrency": "USD",
        "cik": "0001052752",
        "fillingDate": "2000-04-28",
        "acceptedDate": "2000-04-28 00:00:00",
        "calendarYear": "1999",
        "period": "Q4",
        "revenue": 14859000,
        "costOfRevenue": 0,
        "grossProfit": 14859000,
        "grossProfitRatio": 1,
        "researchAndDevelopmentExpenses": 0,
        "generalAndAdministrativeExpenses": 1242000,
        "sellingAndMarketingExpenses": 0,
        "sellingGeneralAndAdministrativeExpenses": 1242000,
        "otherExpenses": 33584000,
        "operatingExpenses": 34826000,
        "costAndExpenses": 34826000,
        "interestIncome": 0,
        "interestExpense": 748000,
        "depreciationAndAmortization": 2625000,
        "ebitda": -17342000,
        "ebitdaratio": -1.167104112,
        "operatingIncome": -19967000,
        "operatingIncomeRatio": -1.3437647217,
        "totalOtherIncomeExpensesNet": 26272000,
        "incomeBeforeTax": 6305000,
        "incomeBeforeTaxRatio": 0.4243219598,
        "incomeTaxExpense": 2791000,
        "netIncome": 3514000,
        "netIncomeRatio": 0.2364896696,
        "eps": 0.25,
        "epsdiluted": 0.25,
        "weightedAverageShsOut": 15736739,
        "weightedAverageShsOutDil": 15740239,
        "link": "https://www.sec.gov/Archives/edgar/data/1052752/000095012400002570/0000950124-00-002570-index.htm",
        "finalLink": "https://www.sec.gov/Archives/edgar/data/1052752/000095012400002570/0000950124-00-002570.txt"
    },
    {
        "date": "1999-10-31",
        "symbol": "GTY",
        "reportedCurrency": "USD",
        "cik": "0001052752",
        "fillingDate": "1999-12-14",
        "acceptedDate": "1999-12-14 00:00:00",
        "calendarYear": "1999",
        "period": "Q3",
        "revenue": 17200000,
        "costOfRevenue": 0,
        "grossProfit": 17200000,
        "grossProfitRatio": 1,
        "researchAndDevelopmentExpenses": 0,
        "generalAndAdministrativeExpenses": 1500000,
        "sellingAndMarketingExpenses": 0,
        "sellingGeneralAndAdministrativeExpenses": 1500000,
        "otherExpenses": -8700000,
        "operatingExpenses": -7200000,
        "costAndExpenses": -7200000,
        "interestIncome": 0,
        "interestExpense": 16600000,
        "depreciationAndAmortization": 2600000,
        "ebitda": 27000000,
        "ebitdaratio": 1.5697674419,
        "operatingIncome": 24400000,
        "operatingIncomeRatio": 1.4186046512,
        "totalOtherIncomeExpensesNet": -6462000,
        "incomeBeforeTax": 7800000,
        "incomeBeforeTaxRatio": 0.4534883721,
        "incomeTaxExpense": 3300000,
        "netIncome": 4500000,
        "netIncomeRatio": 0.261627907,
        "eps": 0.23,
        "epsdiluted": 0.23,
        "weightedAverageShsOut": 15736739,
        "weightedAverageShsOutDil": 15740239,
        "link": "https://www.sec.gov/Archives/edgar/data/1052752/000095013799004468/0000950137-99-004468-index.htm",
        "finalLink": "https://www.sec.gov/Archives/edgar/data/1052752/000095013799004468/"
    },
    {
        "date": "1999-07-31",
        "symbol": "GTY",
        "reportedCurrency": "USD",
        "cik": "0001052752",
        "fillingDate": "1999-09-10",
        "acceptedDate": "1999-09-10 00:00:00",
        "calendarYear": "1999",
        "period": "Q2",
        "revenue": 16400000,
        "costOfRevenue": 0,
        "grossProfit": 16400000,
        "grossProfitRatio": 1,
        "researchAndDevelopmentExpenses": 0,
        "generalAndAdministrativeExpenses": 1600000,
        "sellingAndMarketingExpenses": 0,
        "sellingGeneralAndAdministrativeExpenses": 1600000,
        "otherExpenses": -9400000,
        "operatingExpenses": -7800000,
        "costAndExpenses": -7800000,
        "interestIncome": 0,
        "interestExpense": 17800000,
        "depreciationAndAmortization": 2700000,
        "ebitda": 26900000,
        "ebitdaratio": 1.6402439024,
        "operatingIncome": 24200000,
        "operatingIncomeRatio": 1.4756097561,
        "totalOtherIncomeExpensesNet": -7016000,
        "incomeBeforeTax": 6400000,
        "incomeBeforeTaxRatio": 0.3902439024,
        "incomeTaxExpense": 2700000,
        "netIncome": 3700000,
        "netIncomeRatio": 0.2256097561,
        "eps": 0.18,
        "epsdiluted": 0.18,
        "weightedAverageShsOut": 15736739,
        "weightedAverageShsOutDil": 15740239,
        "link": "https://www.sec.gov/Archives/edgar/data/1052752/000095013799003367/0000950137-99-003367-index.htm",
        "finalLink": "https://www.sec.gov/Archives/edgar/data/1052752/000095013799003367/"
    },
    {
        "date": "1999-04-30",
        "symbol": "GTY",
        "reportedCurrency": "USD",
        "cik": "0001052752",
        "fillingDate": "1999-06-11",
        "acceptedDate": "1999-06-11 00:00:00",
        "calendarYear": "1999",
        "period": "Q1",
        "revenue": 15400000,
        "costOfRevenue": 0,
        "grossProfit": 15400000,
        "grossProfitRatio": 1,
        "researchAndDevelopmentExpenses": 0,
        "generalAndAdministrativeExpenses": 1300000,
        "sellingAndMarketingExpenses": 0,
        "sellingGeneralAndAdministrativeExpenses": 1300000,
        "otherExpenses": -9000000,
        "operatingExpenses": -7700000,
        "costAndExpenses": -7700000,
        "interestIncome": 0,
        "interestExpense": 600000,
        "depreciationAndAmortization": 2500000,
        "ebitda": 25600000,
        "ebitdaratio": 1.6623376623,
        "operatingIncome": 23100000,
        "operatingIncomeRatio": 1.5,
        "totalOtherIncomeExpensesNet": -6593000,
        "incomeBeforeTax": 5700000,
        "incomeBeforeTaxRatio": 0.3701298701,
        "incomeTaxExpense": 2400000,
        "netIncome": 3300000,
        "netIncomeRatio": 0.2142857143,
        "eps": 0.15,
        "epsdiluted": 0.15,
        "weightedAverageShsOut": 15736739,
        "weightedAverageShsOutDil": 15740239,
        "link": "https://www.sec.gov/Archives/edgar/data/1052752/000095013799002055/0000950137-99-002055-index.htm",
        "finalLink": "https://www.sec.gov/Archives/edgar/data/1052752/000095013799002055/"
    },
    {
        "date": "1999-01-31",
        "symbol": "GTY",
        "reportedCurrency": "USD",
        "cik": "0001052752",
        "fillingDate": "1999-05-03",
        "acceptedDate": "1999-05-03 00:00:00",
        "calendarYear": "1998",
        "period": "Q4",
        "revenue": 14941000,
        "costOfRevenue": 0,
        "grossProfit": 14941000,
        "grossProfitRatio": 1,
        "researchAndDevelopmentExpenses": 0,
        "generalAndAdministrativeExpenses": 1429000,
        "sellingAndMarketingExpenses": 0,
        "sellingGeneralAndAdministrativeExpenses": 1429000,
        "otherExpenses": 40281000,
        "operatingExpenses": 41710000,
        "costAndExpenses": 41710000,
        "interestIncome": 0,
        "interestExpense": 626000,
        "depreciationAndAmortization": 2618000,
        "ebitda": -24151000,
        "ebitdaratio": -1.6164246034,
        "operatingIncome": -26769000,
        "operatingIncomeRatio": -1.7916471454,
        "totalOtherIncomeExpensesNet": 28907000,
        "incomeBeforeTax": 2138000,
        "incomeBeforeTaxRatio": 0.1430961783,
        "incomeTaxExpense": 837000,
        "netIncome": 3956000,
        "netIncomeRatio": 0.2647747808,
        "eps": 0.25,
        "epsdiluted": 0.25,
        "weightedAverageShsOut": 15736739,
        "weightedAverageShsOutDil": 15740239,
        "link": "https://www.sec.gov/Archives/edgar/data/1052752/000095013799001345/0000950137-99-001345-index.htm",
        "finalLink": "https://www.sec.gov/Archives/edgar/data/1052752/0000950137-99-001345.txt"
    },
    {
        "date": "1998-10-31",
        "symbol": "GTY",
        "reportedCurrency": "USD",
        "cik": "0001052752",
        "fillingDate": "1998-12-14",
        "acceptedDate": "1998-12-14 00:00:00",
        "calendarYear": "1998",
        "period": "Q3",
        "revenue": 15400000,
        "costOfRevenue": 0,
        "grossProfit": 15400000,
        "grossProfitRatio": 1,
        "researchAndDevelopmentExpenses": 0,
        "generalAndAdministrativeExpenses": 1800000,
        "sellingAndMarketingExpenses": 0,
        "sellingGeneralAndAdministrativeExpenses": 1800000,
        "otherExpenses": -13200000,
        "operatingExpenses": -11400000,
        "costAndExpenses": -11400000,
        "interestIncome": 0,
        "interestExpense": 700000,
        "depreciationAndAmortization": 2100000,
        "ebitda": 3900000,
        "ebitdaratio": 0.2532467532,
        "operatingIncome": 26800000,
        "operatingIncomeRatio": 1.7402597403,
        "totalOtherIncomeExpensesNet": -100000,
        "incomeBeforeTax": 1500000,
        "incomeBeforeTaxRatio": 0.0974025974,
        "incomeTaxExpense": 600000,
        "netIncome": 800000,
        "netIncomeRatio": 0.0519480519,
        "eps": -0.04,
        "epsdiluted": -0.04,
        "weightedAverageShsOut": 15736739,
        "weightedAverageShsOutDil": 15740239,
        "link": "https://www.sec.gov/Archives/edgar/data/1052752/000092004998000052/0000920049-98-000052-index.htm",
        "finalLink": "https://www.sec.gov/Archives/edgar/data/1052752/"
    },
    {
        "date": "1998-07-31",
        "symbol": "GTY",
        "reportedCurrency": "USD",
        "cik": "0001052752",
        "fillingDate": "1998-09-11",
        "acceptedDate": "1998-09-11 00:00:00",
        "calendarYear": "1998",
        "period": "Q2",
        "revenue": 20500000,
        "costOfRevenue": 0,
        "grossProfit": 20500000,
        "grossProfitRatio": 1,
        "researchAndDevelopmentExpenses": 0,
        "generalAndAdministrativeExpenses": 1900000,
        "sellingAndMarketingExpenses": 0,
        "sellingGeneralAndAdministrativeExpenses": 1900000,
        "otherExpenses": -16600000,
        "operatingExpenses": -14700000,
        "costAndExpenses": -14700000,
        "interestIncome": 0,
        "interestExpense": 32000000,
        "depreciationAndAmortization": 2400000,
        "ebitda": 37600000,
        "ebitdaratio": 1.8341463415,
        "operatingIncome": 35200000,
        "operatingIncomeRatio": 1.7170731707,
        "totalOtherIncomeExpensesNet": -22900000,
        "incomeBeforeTax": 3200000,
        "incomeBeforeTaxRatio": 0.156097561,
        "incomeTaxExpense": 1300000,
        "netIncome": 1900000,
        "netIncomeRatio": 0.0926829268,
        "eps": 0.12,
        "epsdiluted": 0.12,
        "weightedAverageShsOut": 15736739,
        "weightedAverageShsOutDil": 15740239,
        "link": "https://www.sec.gov/Archives/edgar/data/1052752/000092004998000042/0000920049-98-000042-index.htm",
        "finalLink": "https://www.sec.gov/Archives/edgar/data/1052752/"
    },
    {
        "date": "1998-04-30",
        "symbol": "GTY",
        "reportedCurrency": "USD",
        "cik": "0001052752",
        "fillingDate": "1998-06-11",
        "acceptedDate": "1998-06-11 00:00:00",
        "calendarYear": "1998",
        "period": "Q1",
        "revenue": 21600000,
        "costOfRevenue": 0,
        "grossProfit": 21600000,
        "grossProfitRatio": 1,
        "researchAndDevelopmentExpenses": 0,
        "generalAndAdministrativeExpenses": 2000000,
        "sellingAndMarketingExpenses": 0,
        "sellingGeneralAndAdministrativeExpenses": 2000000,
        "otherExpenses": -14800000,
        "operatingExpenses": -12800000,
        "costAndExpenses": -12800000,
        "interestIncome": 0,
        "interestExpense": 700000,
        "depreciationAndAmortization": 2300000,
        "ebitda": 36700000,
        "ebitdaratio": 1.6990740741,
        "operatingIncome": 34400000,
        "operatingIncomeRatio": 1.5925925926,
        "totalOtherIncomeExpensesNet": -16500000,
        "incomeBeforeTax": 6100000,
        "incomeBeforeTaxRatio": 0.2824074074,
        "incomeTaxExpense": 2600000,
        "netIncome": 3500000,
        "netIncomeRatio": 0.162037037,
        "eps": 0.22,
        "epsdiluted": 0.22,
        "weightedAverageShsOut": 15736739,
        "weightedAverageShsOutDil": 15740239,
        "link": "https://www.sec.gov/Archives/edgar/data/1052752/0000920049-98-000030-index.html",
        "finalLink": "https://www.sec.gov/Archives/edgar/data/1052752/0000920049-98-000030.txt"
    },
    {
        "date": "1998-01-31",
        "symbol": "GTY",
        "reportedCurrency": "USD",
        "cik": "0001052752",
        "fillingDate": "1998-05-01",
        "acceptedDate": "1998-05-01 00:00:00",
        "calendarYear": "1997",
        "period": "Q4",
        "revenue": 20539000,
        "costOfRevenue": 0,
        "grossProfit": 20539000,
        "grossProfitRatio": 1,
        "researchAndDevelopmentExpenses": 0,
        "generalAndAdministrativeExpenses": 5511000,
        "sellingAndMarketingExpenses": 0,
        "sellingGeneralAndAdministrativeExpenses": 5511000,
        "otherExpenses": 85969000,
        "operatingExpenses": 91480000,
        "costAndExpenses": 115852000,
        "interestIncome": 0,
        "interestExpense": 1108000,
        "depreciationAndAmortization": 2764000,
        "ebitda": -92549000,
        "ebitdaratio": -4.506012951,
        "operatingIncome": -95313000,
        "operatingIncomeRatio": -4.6405862019,
        "totalOtherIncomeExpensesNet": 95123000,
        "incomeBeforeTax": -190000,
        "incomeBeforeTaxRatio": -0.0092506938,
        "incomeTaxExpense": 66000,
        "netIncome": -256000,
        "netIncomeRatio": -0.0124640927,
        "eps": -0.0196,
        "epsdiluted": -0.0196,
        "weightedAverageShsOut": 13043478,
        "weightedAverageShsOutDil": 13043478,
        "link": "https://www.sec.gov/Archives/edgar/data/1052752/000095013798001833/0000950137-98-001833-index.htm",
        "finalLink": "https://www.sec.gov/Archives/edgar/data/1052752/0000950137-98-001833.txt"
    },
    {
        "date": "1997-10-31",
        "symbol": "GTY",
        "reportedCurrency": "USD",
        "cik": "0001052752",
        "fillingDate": "1997-10-31",
        "acceptedDate": "1997-10-31 00:00:00",
        "calendarYear": "1997",
        "period": "Q3",
        "revenue": 20900000,
        "costOfRevenue": 0,
        "grossProfit": 20900000,
        "grossProfitRatio": 1,
        "researchAndDevelopmentExpenses": 0,
        "generalAndAdministrativeExpenses": 2500000,
        "sellingAndMarketingExpenses": 0,
        "sellingGeneralAndAdministrativeExpenses": 2500000,
        "otherExpenses": -14500000,
        "operatingExpenses": -12000000,
        "costAndExpenses": -12000000,
        "interestIncome": 0,
        "interestExpense": 1200000,
        "depreciationAndAmortization": 2500000,
        "ebitda": 35400000,
        "ebitdaratio": 1.6937799043,
        "operatingIncome": 32900000,
        "operatingIncomeRatio": 1.5741626794,
        "totalOtherIncomeExpensesNet": -27600000,
        "incomeBeforeTax": 5300000,
        "incomeBeforeTaxRatio": 0.2535885167,
        "incomeTaxExpense": 2300000,
        "netIncome": 3000000,
        "netIncomeRatio": 0.1435406699,
        "eps": 0.23,
        "epsdiluted": 0.22,
        "weightedAverageShsOut": 13043478,
        "weightedAverageShsOutDil": 13636364,
        "link": null,
        "finalLink": null
    },
    {
        "date": "1997-07-31",
        "symbol": "GTY",
        "reportedCurrency": "USD",
        "cik": "0001052752",
        "fillingDate": "1997-07-31",
        "acceptedDate": "1997-07-31 00:00:00",
        "calendarYear": "1997",
        "period": "Q2",
        "revenue": 21600000,
        "costOfRevenue": 0,
        "grossProfit": 21600000,
        "grossProfitRatio": 1,
        "researchAndDevelopmentExpenses": 0,
        "generalAndAdministrativeExpenses": 3900000,
        "sellingAndMarketingExpenses": 0,
        "sellingGeneralAndAdministrativeExpenses": 3900000,
        "otherExpenses": -17200000,
        "operatingExpenses": -13300000,
        "costAndExpenses": -13300000,
        "interestIncome": 0,
        "interestExpense": 1300000,
        "depreciationAndAmortization": 2400000,
        "ebitda": 37300000,
        "ebitdaratio": 1.7268518519,
        "operatingIncome": 34900000,
        "operatingIncomeRatio": 1.6157407407,
        "totalOtherIncomeExpensesNet": -31800000,
        "incomeBeforeTax": 3100000,
        "incomeBeforeTaxRatio": 0.1435185185,
        "incomeTaxExpense": 1100000,
        "netIncome": 2000000,
        "netIncomeRatio": 0.0925925926,
        "eps": 0.15,
        "epsdiluted": 0.15,
        "weightedAverageShsOut": 13333333,
        "weightedAverageShsOutDil": 13333333,
        "link": null,
        "finalLink": null
    },
    {
        "date": "1997-04-30",
        "symbol": "GTY",
        "reportedCurrency": "USD",
        "cik": "0001052752",
        "fillingDate": "1997-04-30",
        "acceptedDate": "1997-04-30 00:00:00",
        "calendarYear": "1997",
        "period": "Q1",
        "revenue": 26700000,
        "costOfRevenue": 0,
        "grossProfit": 26700000,
        "grossProfitRatio": 1,
        "researchAndDevelopmentExpenses": 0,
        "generalAndAdministrativeExpenses": 3300000,
        "sellingAndMarketingExpenses": 0,
        "sellingGeneralAndAdministrativeExpenses": 3300000,
        "otherExpenses": -19800000,
        "operatingExpenses": -16500000,
        "costAndExpenses": -16500000,
        "interestIncome": 0,
        "interestExpense": 1400000,
        "depreciationAndAmortization": 2400000,
        "ebitda": 45600000,
        "ebitdaratio": 1.7078651685,
        "operatingIncome": 43200000,
        "operatingIncomeRatio": 1.6179775281,
        "totalOtherIncomeExpensesNet": -37700000,
        "incomeBeforeTax": 5500000,
        "incomeBeforeTaxRatio": 0.2059925094,
        "incomeTaxExpense": 2300000,
        "netIncome": 3200000,
        "netIncomeRatio": 0.1198501873,
        "eps": 0.25,
        "epsdiluted": 0.25,
        "weightedAverageShsOut": 12800000,
        "weightedAverageShsOutDil": 12800000,
        "link": null,
        "finalLink": null
    },
    {
        "date": "1997-01-31",
        "symbol": "GTY",
        "reportedCurrency": "USD",
        "cik": "0001052752",
        "fillingDate": "1997-01-31",
        "acceptedDate": "1997-01-31 00:00:00",
        "calendarYear": "1996",
        "period": "Q4",
        "revenue": 222900000,
        "costOfRevenue": 265000000,
        "grossProfit": -42100000,
        "grossProfitRatio": -0.1888739345,
        "researchAndDevelopmentExpenses": 0,
        "generalAndAdministrativeExpenses": 0,
        "sellingAndMarketingExpenses": 0,
        "sellingGeneralAndAdministrativeExpenses": 6300000,
        "otherExpenses": 6200000,
        "operatingExpenses": 12500000,
        "costAndExpenses": 277500000,
        "interestIncome": 0,
        "interestExpense": 1500000,
        "depreciationAndAmortization": -6200000,
        "ebitda": -48400000,
        "ebitdaratio": -0.2171377299,
        "operatingIncome": -76400000,
        "operatingIncomeRatio": -0.3427545985,
        "totalOtherIncomeExpensesNet": 32600000,
        "incomeBeforeTax": -22000000,
        "incomeBeforeTaxRatio": -0.0986989681,
        "incomeTaxExpense": -8200000,
        "netIncome": -13800000,
        "netIncomeRatio": -0.0619111709,
        "eps": -1.08,
        "epsdiluted": -1.06,
        "weightedAverageShsOut": 12777778,
        "weightedAverageShsOutDil": 13000000,
        "link": null,
        "finalLink": null
    },
    {
        "date": "1996-10-31",
        "symbol": "GTY",
        "reportedCurrency": "USD",
        "cik": "0001052752",
        "fillingDate": "1996-10-31",
        "acceptedDate": "1996-10-31 00:00:00",
        "calendarYear": "1996",
        "period": "Q3",
        "revenue": 223800000,
        "costOfRevenue": 208600000,
        "grossProfit": 15200000,
        "grossProfitRatio": 0.0679177837,
        "researchAndDevelopmentExpenses": 0,
        "generalAndAdministrativeExpenses": 0,
        "sellingAndMarketingExpenses": 0,
        "sellingGeneralAndAdministrativeExpenses": 5900000,
        "otherExpenses": 5900000,
        "operatingExpenses": 11800000,
        "costAndExpenses": 220400000,
        "interestIncome": 0,
        "interestExpense": 1700000,
        "depreciationAndAmortization": -5900000,
        "ebitda": 6600000,
        "ebitdaratio": 0.0294906166,
        "operatingIncome": 12500000,
        "operatingIncomeRatio": 0.0558534406,
        "totalOtherIncomeExpensesNet": -8000000,
        "incomeBeforeTax": 4500000,
        "incomeBeforeTaxRatio": 0.0201072386,
        "incomeTaxExpense": 1900000,
        "netIncome": 2600000,
        "netIncomeRatio": 0.0116175156,
        "eps": 0.2,
        "epsdiluted": 0.2,
        "weightedAverageShsOut": 13000000,
        "weightedAverageShsOutDil": 13000000,
        "link": null,
        "finalLink": null
    },
    {
        "date": "1996-07-31",
        "symbol": "GTY",
        "reportedCurrency": "USD",
        "cik": "0001052752",
        "fillingDate": "1996-07-31",
        "acceptedDate": "1996-07-31 00:00:00",
        "calendarYear": "1996",
        "period": "Q2",
        "revenue": 228300000,
        "costOfRevenue": 204000000,
        "grossProfit": 24300000,
        "grossProfitRatio": 0.1064388962,
        "researchAndDevelopmentExpenses": 0,
        "generalAndAdministrativeExpenses": 0,
        "sellingAndMarketingExpenses": 0,
        "sellingGeneralAndAdministrativeExpenses": 6800000,
        "otherExpenses": 5700000,
        "operatingExpenses": 12500000,
        "costAndExpenses": 216500000,
        "interestIncome": 0,
        "interestExpense": 1800000,
        "depreciationAndAmortization": -5700000,
        "ebitda": 17500000,
        "ebitdaratio": 0.0766535261,
        "operatingIncome": 23200000,
        "operatingIncomeRatio": 0.1016206746,
        "totalOtherIncomeExpensesNet": -11400000,
        "incomeBeforeTax": 11800000,
        "incomeBeforeTaxRatio": 0.0516863776,
        "incomeTaxExpense": 4600000,
        "netIncome": 7200000,
        "netIncomeRatio": 0.0315374507,
        "eps": 0.57,
        "epsdiluted": 0.57,
        "weightedAverageShsOut": 12631579,
        "weightedAverageShsOutDil": 12631579,
        "link": null,
        "finalLink": null
    },
    {
        "date": "1996-04-30",
        "symbol": "GTY",
        "reportedCurrency": "USD",
        "cik": "0001052752",
        "fillingDate": "1996-04-30",
        "acceptedDate": "1996-04-30 00:00:00",
        "calendarYear": "1996",
        "period": "Q1",
        "revenue": 213300000,
        "costOfRevenue": 201000000,
        "grossProfit": 12300000,
        "grossProfitRatio": 0.0576652602,
        "researchAndDevelopmentExpenses": 0,
        "generalAndAdministrativeExpenses": 0,
        "sellingAndMarketingExpenses": 0,
        "sellingGeneralAndAdministrativeExpenses": 6300000,
        "otherExpenses": 5700000,
        "operatingExpenses": 12000000,
        "costAndExpenses": 213000000,
        "interestIncome": 0,
        "interestExpense": 1900000,
        "depreciationAndAmortization": -5700000,
        "ebitda": 6000000,
        "ebitdaratio": 0.0281293952,
        "operatingIncome": 18500000,
        "operatingIncomeRatio": 0.0867323019,
        "totalOtherIncomeExpensesNet": -8600000,
        "incomeBeforeTax": -8300000,
        "incomeBeforeTaxRatio": -0.0389123301,
        "incomeTaxExpense": -3100000,
        "netIncome": -5200000,
        "netIncomeRatio": -0.0243788092,
        "eps": -0.41,
        "epsdiluted": -0.41,
        "weightedAverageShsOut": 12682927,
        "weightedAverageShsOutDil": 12682927,
        "link": null,
        "finalLink": null
    },
    {
        "date": "1996-01-31",
        "symbol": "GTY",
        "reportedCurrency": "USD",
        "cik": "0001052752",
        "fillingDate": "1996-01-31",
        "acceptedDate": "1996-01-31 00:00:00",
        "calendarYear": "1995",
        "period": "Q4",
        "revenue": 198400000,
        "costOfRevenue": 182100000,
        "grossProfit": 16300000,
        "grossProfitRatio": 0.0821572581,
        "researchAndDevelopmentExpenses": 0,
        "generalAndAdministrativeExpenses": 0,
        "sellingAndMarketingExpenses": 0,
        "sellingGeneralAndAdministrativeExpenses": 6100000,
        "otherExpenses": 6400000,
        "operatingExpenses": 12500000,
        "costAndExpenses": 194600000,
        "interestIncome": 0,
        "interestExpense": 9300000,
        "depreciationAndAmortization": -6400000,
        "ebitda": 10200000,
        "ebitdaratio": 0.0514112903,
        "operatingIncome": 16600000,
        "operatingIncomeRatio": 0.0836693548,
        "totalOtherIncomeExpensesNet": -8500000,
        "incomeBeforeTax": 8100000,
        "incomeBeforeTaxRatio": 0.0408266129,
        "incomeTaxExpense": 2900000,
        "netIncome": 4400000,
        "netIncomeRatio": 0.0221774194,
        "eps": 0.35,
        "epsdiluted": 0.35,
        "weightedAverageShsOut": 12500000,
        "weightedAverageShsOutDil": 12500000,
        "link": null,
        "finalLink": null
    },
    {
        "date": "1995-10-31",
        "symbol": "GTY",
        "reportedCurrency": "USD",
        "cik": "0001052752",
        "fillingDate": "1995-10-31",
        "acceptedDate": "1995-10-31 00:00:00",
        "calendarYear": "1995",
        "period": "Q3",
        "revenue": 222300000,
        "costOfRevenue": 201200000,
        "grossProfit": 21100000,
        "grossProfitRatio": 0.0949167791,
        "researchAndDevelopmentExpenses": 0,
        "generalAndAdministrativeExpenses": 0,
        "sellingAndMarketingExpenses": 0,
        "sellingGeneralAndAdministrativeExpenses": 6500000,
        "otherExpenses": 5700000,
        "operatingExpenses": 12200000,
        "costAndExpenses": 213400000,
        "interestIncome": 0,
        "interestExpense": 2300000,
        "depreciationAndAmortization": -5700000,
        "ebitda": 14600000,
        "ebitdaratio": 0.065677013,
        "operatingIncome": 20300000,
        "operatingIncomeRatio": 0.0913180387,
        "totalOtherIncomeExpensesNet": -2400000,
        "incomeBeforeTax": 6500000,
        "incomeBeforeTaxRatio": 0.0292397661,
        "incomeTaxExpense": 2500000,
        "netIncome": 4000000,
        "netIncomeRatio": 0.0179937022,
        "eps": 0.32,
        "epsdiluted": 0.32,
        "weightedAverageShsOut": 12500000,
        "weightedAverageShsOutDil": 12500000,
        "link": null,
        "finalLink": null
    },
    {
        "date": "1995-07-31",
        "symbol": "GTY",
        "reportedCurrency": "USD",
        "cik": "0001052752",
        "fillingDate": "1995-07-31",
        "acceptedDate": "1995-07-31 00:00:00",
        "calendarYear": "1995",
        "period": "Q2",
        "revenue": 194800000,
        "costOfRevenue": 175800000,
        "grossProfit": 19000000,
        "grossProfitRatio": 0.0975359343,
        "researchAndDevelopmentExpenses": 0,
        "generalAndAdministrativeExpenses": 0,
        "sellingAndMarketingExpenses": 0,
        "sellingGeneralAndAdministrativeExpenses": 6800000,
        "otherExpenses": 5600000,
        "operatingExpenses": 12400000,
        "costAndExpenses": 188200000,
        "interestIncome": 0,
        "interestExpense": 2400000,
        "depreciationAndAmortization": -5600000,
        "ebitda": 12200000,
        "ebitdaratio": 0.0626283368,
        "operatingIncome": 17800000,
        "operatingIncomeRatio": 0.09137577,
        "totalOtherIncomeExpensesNet": -2500000,
        "incomeBeforeTax": 4100000,
        "incomeBeforeTaxRatio": 0.0210472279,
        "incomeTaxExpense": 1600000,
        "netIncome": 2500000,
        "netIncomeRatio": 0.0128336756,
        "eps": 0.2,
        "epsdiluted": 0.2,
        "weightedAverageShsOut": 12500000,
        "weightedAverageShsOutDil": 12500000,
        "link": null,
        "finalLink": null
    },
    {
        "date": "1995-04-30",
        "symbol": "GTY",
        "reportedCurrency": "USD",
        "cik": "0001052752",
        "fillingDate": "1995-04-30",
        "acceptedDate": "1995-04-30 00:00:00",
        "calendarYear": "1995",
        "period": "Q1",
        "revenue": 205100000,
        "costOfRevenue": 188200000,
        "grossProfit": 16900000,
        "grossProfitRatio": 0.0823988298,
        "researchAndDevelopmentExpenses": 0,
        "generalAndAdministrativeExpenses": 0,
        "sellingAndMarketingExpenses": 0,
        "sellingGeneralAndAdministrativeExpenses": 6100000,
        "otherExpenses": 5500000,
        "operatingExpenses": 11600000,
        "costAndExpenses": 199800000,
        "interestIncome": 0,
        "interestExpense": 2500000,
        "depreciationAndAmortization": -5500000,
        "ebitda": 10800000,
        "ebitdaratio": 0.0526572404,
        "operatingIncome": 16300000,
        "operatingIncomeRatio": 0.0794734276,
        "totalOtherIncomeExpensesNet": -2500000,
        "incomeBeforeTax": 2800000,
        "incomeBeforeTaxRatio": 0.0136518771,
        "incomeTaxExpense": 1100000,
        "netIncome": 1700000,
        "netIncomeRatio": 0.0082886397,
        "eps": 0.13,
        "epsdiluted": 0.13,
        "weightedAverageShsOut": 13076923,
        "weightedAverageShsOutDil": 13076923,
        "link": null,
        "finalLink": null
    },
    {
        "date": "1995-01-31",
        "symbol": "GTY",
        "reportedCurrency": "USD",
        "cik": "0001052752",
        "fillingDate": "1995-01-31",
        "acceptedDate": "1995-01-31 00:00:00",
        "calendarYear": "1994",
        "period": "Q4",
        "revenue": 235600000,
        "costOfRevenue": 188000000,
        "grossProfit": 47600000,
        "grossProfitRatio": 0.2020373514,
        "researchAndDevelopmentExpenses": 0,
        "generalAndAdministrativeExpenses": 0,
        "sellingAndMarketingExpenses": 0,
        "sellingGeneralAndAdministrativeExpenses": 6800000,
        "otherExpenses": 5700000,
        "operatingExpenses": 12500000,
        "costAndExpenses": 200500000,
        "interestIncome": 0,
        "interestExpense": 2700000,
        "depreciationAndAmortization": -5700000,
        "ebitda": 40800000,
        "ebitdaratio": 0.1731748727,
        "operatingIncome": 68700000,
        "operatingIncomeRatio": 0.2915959253,
        "totalOtherIncomeExpensesNet": -24800000,
        "incomeBeforeTax": 10300000,
        "incomeBeforeTaxRatio": 0.0437181664,
        "incomeTaxExpense": 4000000,
        "netIncome": 6300000,
        "netIncomeRatio": 0.0267402377,
        "eps": 0.5,
        "epsdiluted": 0.5,
        "weightedAverageShsOut": 12500000,
        "weightedAverageShsOutDil": 12500000,
        "link": null,
        "finalLink": null
    },
    {
        "date": "1994-10-31",
        "symbol": "GTY",
        "reportedCurrency": "USD",
        "cik": "0001052752",
        "fillingDate": "1994-10-31",
        "acceptedDate": "1994-10-31 00:00:00",
        "calendarYear": "1994",
        "period": "Q3",
        "revenue": 195300000,
        "costOfRevenue": 182700000,
        "grossProfit": 12600000,
        "grossProfitRatio": 0.064516129,
        "researchAndDevelopmentExpenses": 0,
        "generalAndAdministrativeExpenses": 0,
        "sellingAndMarketingExpenses": 0,
        "sellingGeneralAndAdministrativeExpenses": 7400000,
        "otherExpenses": 5400000,
        "operatingExpenses": 12800000,
        "costAndExpenses": 195500000,
        "interestIncome": 0,
        "interestExpense": 2700000,
        "depreciationAndAmortization": -5500000,
        "ebitda": -2400000,
        "ebitdaratio": -0.0122887865,
        "operatingIncome": 3100000,
        "operatingIncomeRatio": 0.0158730159,
        "totalOtherIncomeExpensesNet": 4900000,
        "incomeBeforeTax": 4700000,
        "incomeBeforeTaxRatio": 0.0240655402,
        "incomeTaxExpense": 1700000,
        "netIncome": 3000000,
        "netIncomeRatio": 0.0153609831,
        "eps": 0.24,
        "epsdiluted": 0.24,
        "weightedAverageShsOut": 12500000,
        "weightedAverageShsOutDil": 12500000,
        "link": null,
        "finalLink": null
    },
    {
        "date": "1994-07-31",
        "symbol": "GTY",
        "reportedCurrency": "USD",
        "cik": "0001052752",
        "fillingDate": "1994-07-31",
        "acceptedDate": "1994-07-31 00:00:00",
        "calendarYear": "1994",
        "period": "Q2",
        "revenue": 189400000,
        "costOfRevenue": 180100000,
        "grossProfit": 9300000,
        "grossProfitRatio": 0.0491024287,
        "researchAndDevelopmentExpenses": 0,
        "generalAndAdministrativeExpenses": 0,
        "sellingAndMarketingExpenses": 0,
        "sellingGeneralAndAdministrativeExpenses": 6500000,
        "otherExpenses": 5300000,
        "operatingExpenses": 11800000,
        "costAndExpenses": 191900000,
        "interestIncome": 0,
        "interestExpense": 14300000,
        "depreciationAndAmortization": -5300000,
        "ebitda": 2800000,
        "ebitdaratio": 0.0147835269,
        "operatingIncome": 8100000,
        "operatingIncomeRatio": 0.0427666315,
        "totalOtherIncomeExpensesNet": -2900000,
        "incomeBeforeTax": -5400000,
        "incomeBeforeTaxRatio": -0.0285110876,
        "incomeTaxExpense": -2000000,
        "netIncome": -4200000,
        "netIncomeRatio": -0.0221752904,
        "eps": -0.33,
        "epsdiluted": -0.33,
        "weightedAverageShsOut": 12727273,
        "weightedAverageShsOutDil": 12727273,
        "link": null,
        "finalLink": null
    },
    {
        "date": "1994-04-30",
        "symbol": "GTY",
        "reportedCurrency": "USD",
        "cik": "0001052752",
        "fillingDate": "1994-04-30",
        "acceptedDate": "1994-04-30 00:00:00",
        "calendarYear": "1994",
        "period": "Q1",
        "revenue": 170700000,
        "costOfRevenue": 162600000,
        "grossProfit": 8100000,
        "grossProfitRatio": 0.0474516696,
        "researchAndDevelopmentExpenses": 0,
        "generalAndAdministrativeExpenses": 0,
        "sellingAndMarketingExpenses": 0,
        "sellingGeneralAndAdministrativeExpenses": 6500000,
        "otherExpenses": 5300000,
        "operatingExpenses": 11800000,
        "costAndExpenses": 174400000,
        "interestIncome": 0,
        "interestExpense": 3300000,
        "depreciationAndAmortization": -5300000,
        "ebitda": -7200000,
        "ebitdaratio": -0.0421792619,
        "operatingIncome": -1900000,
        "operatingIncomeRatio": -0.0111306385,
        "totalOtherIncomeExpensesNet": 5400000,
        "incomeBeforeTax": 1700000,
        "incomeBeforeTaxRatio": 0.0099589924,
        "incomeTaxExpense": 700000,
        "netIncome": 1200000,
        "netIncomeRatio": 0.007029877,
        "eps": 0.09,
        "epsdiluted": 0.09,
        "weightedAverageShsOut": 13333333,
        "weightedAverageShsOutDil": 13333333,
        "link": null,
        "finalLink": null
    },
    {
        "date": "1994-01-31",
        "symbol": "GTY",
        "reportedCurrency": "USD",
        "cik": "0001052752",
        "fillingDate": "1994-01-31",
        "acceptedDate": "1994-01-31 00:00:00",
        "calendarYear": "1993",
        "period": "Q4",
        "revenue": 191100000,
        "costOfRevenue": 168000000,
        "grossProfit": 23100000,
        "grossProfitRatio": 0.1208791209,
        "researchAndDevelopmentExpenses": 0,
        "generalAndAdministrativeExpenses": 0,
        "sellingAndMarketingExpenses": 0,
        "sellingGeneralAndAdministrativeExpenses": 8000000,
        "otherExpenses": 5400000,
        "operatingExpenses": 13400000,
        "costAndExpenses": 181400000,
        "interestIncome": 0,
        "interestExpense": 3500000,
        "depreciationAndAmortization": -5400000,
        "ebitda": 15100000,
        "ebitdaratio": 0.0790162219,
        "operatingIncome": 20500000,
        "operatingIncomeRatio": 0.1072736787,
        "totalOtherIncomeExpensesNet": -10300000,
        "incomeBeforeTax": 10200000,
        "incomeBeforeTaxRatio": 0.0533751962,
        "incomeTaxExpense": 3300000,
        "netIncome": 6900000,
        "netIncomeRatio": 0.0361067504,
        "eps": 0.54,
        "epsdiluted": 0.54,
        "weightedAverageShsOut": 12293447,
        "weightedAverageShsOutDil": 12857143,
        "link": null,
        "finalLink": null
    },
    {
        "date": "1993-10-31",
        "symbol": "GTY",
        "reportedCurrency": "USD",
        "cik": "0001052752",
        "fillingDate": "1993-10-31",
        "acceptedDate": "1993-10-31 00:00:00",
        "calendarYear": "1993",
        "period": "Q3",
        "revenue": 191100000,
        "costOfRevenue": 172900000,
        "grossProfit": 18200000,
        "grossProfitRatio": 0.0952380952,
        "researchAndDevelopmentExpenses": 0,
        "generalAndAdministrativeExpenses": 0,
        "sellingAndMarketingExpenses": 0,
        "sellingGeneralAndAdministrativeExpenses": 7500000,
        "otherExpenses": 5500000,
        "operatingExpenses": 13000000,
        "costAndExpenses": 185900000,
        "interestIncome": 0,
        "interestExpense": 3600000,
        "depreciationAndAmortization": -5500000,
        "ebitda": 10700000,
        "ebitdaratio": 0.0559916274,
        "operatingIncome": 16200000,
        "operatingIncomeRatio": 0.0847723705,
        "totalOtherIncomeExpensesNet": -3600000,
        "incomeBeforeTax": 1600000,
        "incomeBeforeTaxRatio": 0.0083725798,
        "incomeTaxExpense": 700000,
        "netIncome": 900000,
        "netIncomeRatio": 0.0047095761,
        "eps": 0.07,
        "epsdiluted": 0.07,
        "weightedAverageShsOut": 12857143,
        "weightedAverageShsOutDil": 12857143,
        "link": null,
        "finalLink": null
    },
    {
        "date": "1993-07-31",
        "symbol": "GTY",
        "reportedCurrency": "USD",
        "cik": "0001052752",
        "fillingDate": "1993-07-31",
        "acceptedDate": "1993-07-31 00:00:00",
        "calendarYear": "1993",
        "period": "Q2",
        "revenue": 204300000,
        "costOfRevenue": 186600000,
        "grossProfit": 17700000,
        "grossProfitRatio": 0.0866372981,
        "researchAndDevelopmentExpenses": 0,
        "generalAndAdministrativeExpenses": 0,
        "sellingAndMarketingExpenses": 0,
        "sellingGeneralAndAdministrativeExpenses": 7500000,
        "otherExpenses": 5400000,
        "operatingExpenses": 12900000,
        "costAndExpenses": 199500000,
        "interestIncome": 0,
        "interestExpense": 3700000,
        "depreciationAndAmortization": -5400000,
        "ebitda": 10200000,
        "ebitdaratio": 0.0499265786,
        "operatingIncome": 15600000,
        "operatingIncomeRatio": 0.0763582966,
        "totalOtherIncomeExpensesNet": -3800000,
        "incomeBeforeTax": 1000000,
        "incomeBeforeTaxRatio": 0.0048947626,
        "incomeTaxExpense": 400000,
        "netIncome": 600000,
        "netIncomeRatio": 0.0029368576,
        "eps": 0.05,
        "epsdiluted": 0.05,
        "weightedAverageShsOut": 12000000,
        "weightedAverageShsOutDil": 12000000,
        "link": null,
        "finalLink": null
    },
    {
        "date": "1993-04-30",
        "symbol": "GTY",
        "reportedCurrency": "USD",
        "cik": "0001052752",
        "fillingDate": "1993-04-30",
        "acceptedDate": "1993-04-30 00:00:00",
        "calendarYear": "1993",
        "period": "Q1",
        "revenue": 216100000,
        "costOfRevenue": 199500000,
        "grossProfit": 16600000,
        "grossProfitRatio": 0.0768162888,
        "researchAndDevelopmentExpenses": 0,
        "generalAndAdministrativeExpenses": 0,
        "sellingAndMarketingExpenses": 0,
        "sellingGeneralAndAdministrativeExpenses": 5800000,
        "otherExpenses": 5500000,
        "operatingExpenses": 11300000,
        "costAndExpenses": 210800000,
        "interestIncome": 0,
        "interestExpense": 3800000,
        "depreciationAndAmortization": -5500000,
        "ebitda": 10800000,
        "ebitdaratio": 0.0499768626,
        "operatingIncome": 16300000,
        "operatingIncomeRatio": 0.0754280426,
        "totalOtherIncomeExpensesNet": -3700000,
        "incomeBeforeTax": 1600000,
        "incomeBeforeTaxRatio": 0.0074039796,
        "incomeTaxExpense": 700000,
        "netIncome": 1800000,
        "netIncomeRatio": 0.0083294771,
        "eps": 0.14,
        "epsdiluted": 0.14,
        "weightedAverageShsOut": 12857143,
        "weightedAverageShsOutDil": 12857143,
        "link": null,
        "finalLink": null
    },
    {
        "date": "1993-01-31",
        "symbol": "GTY",
        "reportedCurrency": "USD",
        "cik": "0001052752",
        "fillingDate": "1993-01-31",
        "acceptedDate": "1993-01-31 00:00:00",
        "calendarYear": "1992",
        "period": "Q4",
        "revenue": 189200000,
        "costOfRevenue": 195500000,
        "grossProfit": -6300000,
        "grossProfitRatio": -0.0332980973,
        "researchAndDevelopmentExpenses": 0,
        "generalAndAdministrativeExpenses": 0,
        "sellingAndMarketingExpenses": 0,
        "sellingGeneralAndAdministrativeExpenses": 7400000,
        "otherExpenses": 5600000,
        "operatingExpenses": 13000000,
        "costAndExpenses": 208500000,
        "interestIncome": 0,
        "interestExpense": 3900000,
        "depreciationAndAmortization": -5600000,
        "ebitda": -13700000,
        "ebitdaratio": -0.072410148,
        "operatingIncome": -8100000,
        "operatingIncomeRatio": -0.0428118393,
        "totalOtherIncomeExpensesNet": 29500000,
        "incomeBeforeTax": 10200000,
        "incomeBeforeTaxRatio": 0.0539112051,
        "incomeTaxExpense": 3400000,
        "netIncome": 6800000,
        "netIncomeRatio": 0.0359408034,
        "eps": 0.54,
        "epsdiluted": 0.54,
        "weightedAverageShsOut": 12580645,
        "weightedAverageShsOutDil": 12580645,
        "link": null,
        "finalLink": null
    },
    {
        "date": "1992-10-31",
        "symbol": "GTY",
        "reportedCurrency": "USD",
        "cik": "0001052752",
        "fillingDate": "1992-10-31",
        "acceptedDate": "1992-10-31 00:00:00",
        "calendarYear": "1992",
        "period": "Q3",
        "revenue": 215100000,
        "costOfRevenue": 203800000,
        "grossProfit": 11300000,
        "grossProfitRatio": 0.0525337053,
        "researchAndDevelopmentExpenses": 0,
        "generalAndAdministrativeExpenses": 0,
        "sellingAndMarketingExpenses": 0,
        "sellingGeneralAndAdministrativeExpenses": 7800000,
        "otherExpenses": 5400000,
        "operatingExpenses": 13200000,
        "costAndExpenses": 217000000,
        "interestIncome": 0,
        "interestExpense": 3900000,
        "depreciationAndAmortization": -5300000,
        "ebitda": 3500000,
        "ebitdaratio": 0.0162715016,
        "operatingIncome": 8800000,
        "operatingIncomeRatio": 0.0409112041,
        "totalOtherIncomeExpensesNet": -3900000,
        "incomeBeforeTax": -5800000,
        "incomeBeforeTaxRatio": -0.0269642027,
        "incomeTaxExpense": -1900000,
        "netIncome": -3900000,
        "netIncomeRatio": -0.0181311018,
        "eps": -0.31,
        "epsdiluted": -0.31,
        "weightedAverageShsOut": 12580645,
        "weightedAverageShsOutDil": 12580645,
        "link": null,
        "finalLink": null
    },
    {
        "date": "1992-07-31",
        "symbol": "GTY",
        "reportedCurrency": "USD",
        "cik": "0001052752",
        "fillingDate": "1992-07-31",
        "acceptedDate": "1992-07-31 00:00:00",
        "calendarYear": "1992",
        "period": "Q2",
        "revenue": 244400000,
        "costOfRevenue": 240100000,
        "grossProfit": 4300000,
        "grossProfitRatio": 0.017594108,
        "researchAndDevelopmentExpenses": 0,
        "generalAndAdministrativeExpenses": 0,
        "sellingAndMarketingExpenses": 0,
        "sellingGeneralAndAdministrativeExpenses": 8700000,
        "otherExpenses": 5500000,
        "operatingExpenses": 14200000,
        "costAndExpenses": 254300000,
        "interestIncome": 0,
        "interestExpense": 0,
        "depreciationAndAmortization": -5500000,
        "ebitda": -12900000,
        "ebitdaratio": -0.0527823241,
        "operatingIncome": -7400000,
        "operatingIncomeRatio": -0.0302782324,
        "totalOtherIncomeExpensesNet": 4100000,
        "incomeBeforeTax": -5800000,
        "incomeBeforeTaxRatio": -0.0237315876,
        "incomeTaxExpense": -2000000,
        "netIncome": -3800000,
        "netIncomeRatio": -0.0155482815,
        "eps": -0.3,
        "epsdiluted": -0.3,
        "weightedAverageShsOut": 12666667,
        "weightedAverageShsOutDil": 12666667,
        "link": null,
        "finalLink": null
    },
    {
        "date": "1992-04-30",
        "symbol": "GTY",
        "reportedCurrency": "USD",
        "cik": "0001052752",
        "fillingDate": "1992-04-30",
        "acceptedDate": "1992-04-30 00:00:00",
        "calendarYear": "1992",
        "period": "Q1",
        "revenue": 246600000,
        "costOfRevenue": 232900000,
        "grossProfit": 13700000,
        "grossProfitRatio": 0.0555555556,
        "researchAndDevelopmentExpenses": 0,
        "generalAndAdministrativeExpenses": 0,
        "sellingAndMarketingExpenses": 0,
        "sellingGeneralAndAdministrativeExpenses": 7700000,
        "otherExpenses": 5700000,
        "operatingExpenses": 13400000,
        "costAndExpenses": 246300000,
        "interestIncome": 0,
        "interestExpense": 4500000,
        "depreciationAndAmortization": -5700000,
        "ebitda": 6000000,
        "ebitdaratio": 0.0243309002,
        "operatingIncome": 11700000,
        "operatingIncomeRatio": 0.0474452555,
        "totalOtherIncomeExpensesNet": -4500000,
        "incomeBeforeTax": -4200000,
        "incomeBeforeTaxRatio": -0.0170316302,
        "incomeTaxExpense": -1400000,
        "netIncome": -2800000,
        "netIncomeRatio": -0.0113544201,
        "eps": -0.22,
        "epsdiluted": -0.22,
        "weightedAverageShsOut": 12727273,
        "weightedAverageShsOutDil": 12727273,
        "link": null,
        "finalLink": null
    },
    {
        "date": "1992-01-31",
        "symbol": "GTY",
        "reportedCurrency": "USD",
        "cik": "0001052752",
        "fillingDate": "1992-01-31",
        "acceptedDate": "1992-01-31 00:00:00",
        "calendarYear": "1991",
        "period": "Q4",
        "revenue": 254900000,
        "costOfRevenue": 268000000,
        "grossProfit": -13100000,
        "grossProfitRatio": -0.051392703,
        "researchAndDevelopmentExpenses": 0,
        "generalAndAdministrativeExpenses": 0,
        "sellingAndMarketingExpenses": 0,
        "sellingGeneralAndAdministrativeExpenses": 9000000,
        "otherExpenses": 5200000,
        "operatingExpenses": 14200000,
        "costAndExpenses": 282200000,
        "interestIncome": 0,
        "interestExpense": 4700000,
        "depreciationAndAmortization": -5200000,
        "ebitda": -22100000,
        "ebitdaratio": -0.0867006669,
        "operatingIncome": -16900000,
        "operatingIncomeRatio": -0.06630051,
        "totalOtherIncomeExpensesNet": 32200000,
        "incomeBeforeTax": 4900000,
        "incomeBeforeTaxRatio": 0.0192232248,
        "incomeTaxExpense": 1600000,
        "netIncome": 3300000,
        "netIncomeRatio": 0.0129462534,
        "eps": 0.25,
        "epsdiluted": 0.25,
        "weightedAverageShsOut": 13333333,
        "weightedAverageShsOutDil": 13333333,
        "link": null,
        "finalLink": null
    },
    {
        "date": "1991-10-31",
        "symbol": "GTY",
        "reportedCurrency": "USD",
        "cik": "0001052752",
        "fillingDate": "1991-10-31",
        "acceptedDate": "1991-10-31 00:00:00",
        "calendarYear": "1991",
        "period": "Q3",
        "revenue": 294200000,
        "costOfRevenue": 276100000,
        "grossProfit": 18100000,
        "grossProfitRatio": 0.0615227736,
        "researchAndDevelopmentExpenses": 0,
        "generalAndAdministrativeExpenses": 0,
        "sellingAndMarketingExpenses": 0,
        "sellingGeneralAndAdministrativeExpenses": 9300000,
        "otherExpenses": 5900000,
        "operatingExpenses": 15200000,
        "costAndExpenses": 291300000,
        "interestIncome": 0,
        "interestExpense": 4800000,
        "depreciationAndAmortization": -5900000,
        "ebitda": 8800000,
        "ebitdaratio": 0.0299116247,
        "operatingIncome": 14700000,
        "operatingIncomeRatio": 0.0499660095,
        "totalOtherIncomeExpensesNet": -4800000,
        "incomeBeforeTax": -1900000,
        "incomeBeforeTaxRatio": -0.0064581917,
        "incomeTaxExpense": -700000,
        "netIncome": -1200000,
        "netIncomeRatio": -0.0040788579,
        "eps": -0.09,
        "epsdiluted": -0.09,
        "weightedAverageShsOut": 13333333,
        "weightedAverageShsOutDil": 13333333,
        "link": null,
        "finalLink": null
    },
    {
        "date": "1991-07-31",
        "symbol": "GTY",
        "reportedCurrency": "USD",
        "cik": "0001052752",
        "fillingDate": "1991-07-31",
        "acceptedDate": "1991-07-31 00:00:00",
        "calendarYear": "1991",
        "period": "Q2",
        "revenue": 292000000,
        "costOfRevenue": 278100000,
        "grossProfit": 13900000,
        "grossProfitRatio": 0.0476027397,
        "researchAndDevelopmentExpenses": 0,
        "generalAndAdministrativeExpenses": 0,
        "sellingAndMarketingExpenses": 0,
        "sellingGeneralAndAdministrativeExpenses": 10400000,
        "otherExpenses": 6100000,
        "operatingExpenses": 16500000,
        "costAndExpenses": 294600000,
        "interestIncome": 0,
        "interestExpense": 4900000,
        "depreciationAndAmortization": -6000000,
        "ebitda": 3500000,
        "ebitdaratio": 0.0119863014,
        "operatingIncome": 9500000,
        "operatingIncomeRatio": 0.0325342466,
        "totalOtherIncomeExpensesNet": -4900000,
        "incomeBeforeTax": -7500000,
        "incomeBeforeTaxRatio": -0.0256849315,
        "incomeTaxExpense": -2600000,
        "netIncome": -4900000,
        "netIncomeRatio": -0.0167808219,
        "eps": -0.39,
        "epsdiluted": -0.39,
        "weightedAverageShsOut": 12564103,
        "weightedAverageShsOutDil": 12564103,
        "link": null,
        "finalLink": null
    },
    {
        "date": "1991-04-30",
        "symbol": "GTY",
        "reportedCurrency": "USD",
        "cik": "0001052752",
        "fillingDate": "1991-04-30",
        "acceptedDate": "1991-04-30 00:00:00",
        "calendarYear": "1991",
        "period": "Q1",
        "revenue": 276300000,
        "costOfRevenue": 268700000,
        "grossProfit": 7600000,
        "grossProfitRatio": 0.0275063337,
        "researchAndDevelopmentExpenses": 0,
        "generalAndAdministrativeExpenses": 0,
        "sellingAndMarketingExpenses": 0,
        "sellingGeneralAndAdministrativeExpenses": 11700000,
        "otherExpenses": 5900000,
        "operatingExpenses": 17600000,
        "costAndExpenses": 286300000,
        "interestIncome": 0,
        "interestExpense": 4600000,
        "depreciationAndAmortization": -5900000,
        "ebitda": -4100000,
        "ebitdaratio": -0.0148389432,
        "operatingIncome": 1800000,
        "operatingIncomeRatio": 0.006514658,
        "totalOtherIncomeExpensesNet": -4500000,
        "incomeBeforeTax": -14500000,
        "incomeBeforeTaxRatio": -0.0524791893,
        "incomeTaxExpense": -5000000,
        "netIncome": -9500000,
        "netIncomeRatio": -0.0343829171,
        "eps": -0.75,
        "epsdiluted": -0.75,
        "weightedAverageShsOut": 12666667,
        "weightedAverageShsOutDil": 12666667,
        "link": null,
        "finalLink": null
    },
    {
        "date": "1991-01-31",
        "symbol": "GTY",
        "reportedCurrency": "USD",
        "cik": "0001052752",
        "fillingDate": "1991-01-31",
        "acceptedDate": "1991-01-31 00:00:00",
        "calendarYear": "1990",
        "period": "Q4",
        "revenue": 372300000,
        "costOfRevenue": 335300000,
        "grossProfit": 37000000,
        "grossProfitRatio": 0.0993822186,
        "researchAndDevelopmentExpenses": 0,
        "generalAndAdministrativeExpenses": 0,
        "sellingAndMarketingExpenses": 0,
        "sellingGeneralAndAdministrativeExpenses": 11700000,
        "otherExpenses": 4800000,
        "operatingExpenses": 16500000,
        "costAndExpenses": 351800000,
        "interestIncome": 0,
        "interestExpense": 5000000,
        "depreciationAndAmortization": -4800000,
        "ebitda": 25300000,
        "ebitdaratio": 0.0679559495,
        "operatingIncome": 30100000,
        "operatingIncomeRatio": 0.0808487779,
        "totalOtherIncomeExpensesNet": -4900000,
        "incomeBeforeTax": 15600000,
        "incomeBeforeTaxRatio": 0.0419016922,
        "incomeTaxExpense": 6200000,
        "netIncome": 9400000,
        "netIncomeRatio": 0.0252484555,
        "eps": 0.74,
        "epsdiluted": 0.74,
        "weightedAverageShsOut": 12515735,
        "weightedAverageShsOutDil": 12740741,
        "link": null,
        "finalLink": null
    },
    {
        "date": "1990-10-31",
        "symbol": "GTY",
        "reportedCurrency": "USD",
        "cik": "0001052752",
        "fillingDate": "1990-10-31",
        "acceptedDate": "1990-10-31 00:00:00",
        "calendarYear": "1990",
        "period": "Q3",
        "revenue": 319400000,
        "costOfRevenue": 325800000,
        "grossProfit": -6400000,
        "grossProfitRatio": -0.0200375704,
        "researchAndDevelopmentExpenses": 0,
        "generalAndAdministrativeExpenses": 0,
        "sellingAndMarketingExpenses": 0,
        "sellingGeneralAndAdministrativeExpenses": 11500000,
        "otherExpenses": 5200000,
        "operatingExpenses": 16700000,
        "costAndExpenses": 342500000,
        "interestIncome": 0,
        "interestExpense": 4500000,
        "depreciationAndAmortization": -5200000,
        "ebitda": -17900000,
        "ebitdaratio": -0.0560425798,
        "operatingIncome": -12700000,
        "operatingIncomeRatio": -0.0397620539,
        "totalOtherIncomeExpensesNet": -4400000,
        "incomeBeforeTax": -27500000,
        "incomeBeforeTaxRatio": -0.0860989355,
        "incomeTaxExpense": -10300000,
        "netIncome": -17200000,
        "netIncomeRatio": -0.0538509706,
        "eps": -1.35,
        "epsdiluted": -1.35,
        "weightedAverageShsOut": 12740741,
        "weightedAverageShsOutDil": 12740741,
        "link": null,
        "finalLink": null
    },
    {
        "date": "1990-07-31",
        "symbol": "GTY",
        "reportedCurrency": "USD",
        "cik": "0001052752",
        "fillingDate": "1990-07-31",
        "acceptedDate": "1990-07-31 00:00:00",
        "calendarYear": "1990",
        "period": "Q2",
        "revenue": 320600000,
        "costOfRevenue": 303100000,
        "grossProfit": 17500000,
        "grossProfitRatio": 0.0545851528,
        "researchAndDevelopmentExpenses": 0,
        "generalAndAdministrativeExpenses": 0,
        "sellingAndMarketingExpenses": 0,
        "sellingGeneralAndAdministrativeExpenses": 10600000,
        "otherExpenses": 5100000,
        "operatingExpenses": 15700000,
        "costAndExpenses": 318800000,
        "interestIncome": 0,
        "interestExpense": 4800000,
        "depreciationAndAmortization": -5100000,
        "ebitda": 6900000,
        "ebitdaratio": 0.021522146,
        "operatingIncome": 12000000,
        "operatingIncomeRatio": 0.0374298191,
        "totalOtherIncomeExpensesNet": -4900000,
        "incomeBeforeTax": -3100000,
        "incomeBeforeTaxRatio": -0.0096693699,
        "incomeTaxExpense": -1200000,
        "netIncome": -1900000,
        "netIncomeRatio": -0.005926388,
        "eps": -0.14,
        "epsdiluted": -0.14,
        "weightedAverageShsOut": 13571429,
        "weightedAverageShsOutDil": 13571429,
        "link": null,
        "finalLink": null
    },
    {
        "date": "1990-04-30",
        "symbol": "GTY",
        "reportedCurrency": "USD",
        "cik": "0001052752",
        "fillingDate": "1990-04-30",
        "acceptedDate": "1990-04-30 00:00:00",
        "calendarYear": "1990",
        "period": "Q1",
        "revenue": 251000000,
        "costOfRevenue": 230900000,
        "grossProfit": 20100000,
        "grossProfitRatio": 0.0800796813,
        "researchAndDevelopmentExpenses": 0,
        "generalAndAdministrativeExpenses": 0,
        "sellingAndMarketingExpenses": 0,
        "sellingGeneralAndAdministrativeExpenses": 10800000,
        "otherExpenses": 5100000,
        "operatingExpenses": 15900000,
        "costAndExpenses": 246800000,
        "interestIncome": 0,
        "interestExpense": 4000000,
        "depreciationAndAmortization": -5100000,
        "ebitda": 9300000,
        "ebitdaratio": 0.0370517928,
        "operatingIncome": 14400000,
        "operatingIncomeRatio": 0.0573705179,
        "totalOtherIncomeExpensesNet": -3900000,
        "incomeBeforeTax": 300000,
        "incomeBeforeTaxRatio": 0.0011952191,
        "incomeTaxExpense": 100000,
        "netIncome": 200000,
        "netIncomeRatio": 0.0007968127,
        "eps": 0.02,
        "epsdiluted": 0.02,
        "weightedAverageShsOut": 10000000,
        "weightedAverageShsOutDil": 10000000,
        "link": null,
        "finalLink": null
    },
    {
        "date": "1990-01-31",
        "symbol": "GTY",
        "reportedCurrency": "USD",
        "cik": "0001052752",
        "fillingDate": "1990-01-31",
        "acceptedDate": "1990-01-31 00:00:00",
        "calendarYear": "1989",
        "period": "Q4",
        "revenue": 324500000,
        "costOfRevenue": 292200000,
        "grossProfit": 32300000,
        "grossProfitRatio": 0.0995377504,
        "researchAndDevelopmentExpenses": 0,
        "generalAndAdministrativeExpenses": 0,
        "sellingAndMarketingExpenses": 0,
        "sellingGeneralAndAdministrativeExpenses": 11000000,
        "otherExpenses": 4000000,
        "operatingExpenses": 15000000,
        "costAndExpenses": 307200000,
        "interestIncome": 0,
        "interestExpense": 4000000,
        "depreciationAndAmortization": -4000000,
        "ebitda": 21300000,
        "ebitdaratio": 0.0656394453,
        "operatingIncome": 27000000,
        "operatingIncomeRatio": 0.0832049307,
        "totalOtherIncomeExpensesNet": -5700000,
        "incomeBeforeTax": 11600000,
        "incomeBeforeTaxRatio": 0.0357473035,
        "incomeTaxExpense": 5400000,
        "netIncome": 6200000,
        "netIncomeRatio": 0.0191063174,
        "eps": 0.45,
        "epsdiluted": 0.45,
        "weightedAverageShsOut": 13745455,
        "weightedAverageShsOutDil": 13745455,
        "link": null,
        "finalLink": null
    },
    {
        "date": "1989-10-31",
        "symbol": "GTY",
        "reportedCurrency": "USD",
        "cik": "0001052752",
        "fillingDate": "1989-10-31",
        "acceptedDate": "1989-10-31 00:00:00",
        "calendarYear": "1989",
        "period": "Q3",
        "revenue": 290600000,
        "costOfRevenue": 261000000,
        "grossProfit": 29600000,
        "grossProfitRatio": 0.1018582244,
        "researchAndDevelopmentExpenses": 0,
        "generalAndAdministrativeExpenses": 0,
        "sellingAndMarketingExpenses": 0,
        "sellingGeneralAndAdministrativeExpenses": 9600000,
        "otherExpenses": 4200000,
        "operatingExpenses": 13800000,
        "costAndExpenses": 274800000,
        "interestIncome": 0,
        "interestExpense": 4000000,
        "depreciationAndAmortization": 4200000,
        "ebitda": 20100000,
        "ebitdaratio": 0.0691672402,
        "operatingIncome": 15900000,
        "operatingIncomeRatio": 0.054714384,
        "totalOtherIncomeExpensesNet": -4100000,
        "incomeBeforeTax": 11700000,
        "incomeBeforeTaxRatio": 0.0402615279,
        "incomeTaxExpense": 4500000,
        "netIncome": 7200000,
        "netIncomeRatio": 0.0247763248,
        "eps": 0.52,
        "epsdiluted": 0.52,
        "weightedAverageShsOut": 13745455,
        "weightedAverageShsOutDil": 13745455,
        "link": null,
        "finalLink": null
    },
    {
        "date": "1989-07-31",
        "symbol": "GTY",
        "reportedCurrency": "USD",
        "cik": "0001052752",
        "fillingDate": "1989-07-31",
        "acceptedDate": "1989-07-31 00:00:00",
        "calendarYear": "1989",
        "period": "Q2",
        "revenue": 295800000,
        "costOfRevenue": 0,
        "grossProfit": 295800000,
        "grossProfitRatio": 1,
        "researchAndDevelopmentExpenses": 0,
        "generalAndAdministrativeExpenses": 0,
        "sellingAndMarketingExpenses": 0,
        "sellingGeneralAndAdministrativeExpenses": 0,
        "otherExpenses": 0,
        "operatingExpenses": 0,
        "costAndExpenses": 0,
        "interestIncome": 0,
        "interestExpense": 0,
        "depreciationAndAmortization": 0,
        "ebitda": 295800000,
        "ebitdaratio": 1,
        "operatingIncome": 295800000,
        "operatingIncomeRatio": 1,
        "totalOtherIncomeExpensesNet": 0,
        "incomeBeforeTax": 0,
        "incomeBeforeTaxRatio": 0,
        "incomeTaxExpense": 293900000,
        "netIncome": 1900000,
        "netIncomeRatio": 0.006423259,
        "eps": 0.12,
        "epsdiluted": 0.12,
        "weightedAverageShsOut": 16113462,
        "weightedAverageShsOutDil": 16113462,
        "link": null,
        "finalLink": null
    },
    {
        "date": "1989-04-30",
        "symbol": "GTY",
        "reportedCurrency": "USD",
        "cik": "0001052752",
        "fillingDate": "1989-04-30",
        "acceptedDate": "1989-04-30 00:00:00",
        "calendarYear": "1989",
        "period": "Q1",
        "revenue": 272800000,
        "costOfRevenue": 0,
        "grossProfit": 272800000,
        "grossProfitRatio": 1,
        "researchAndDevelopmentExpenses": 0,
        "generalAndAdministrativeExpenses": 0,
        "sellingAndMarketingExpenses": 0,
        "sellingGeneralAndAdministrativeExpenses": 0,
        "otherExpenses": 0,
        "operatingExpenses": 0,
        "costAndExpenses": 0,
        "interestIncome": 0,
        "interestExpense": 0,
        "depreciationAndAmortization": 0,
        "ebitda": 272800000,
        "ebitdaratio": 1,
        "operatingIncome": 272800000,
        "operatingIncomeRatio": 1,
        "totalOtherIncomeExpensesNet": 0,
        "incomeBeforeTax": 0,
        "incomeBeforeTaxRatio": 0,
        "incomeTaxExpense": 265100000,
        "netIncome": 7700000,
        "netIncomeRatio": 0.0282258065,
        "eps": 0.53,
        "epsdiluted": 0.53,
        "weightedAverageShsOut": 14636638,
        "weightedAverageShsOutDil": 14636638,
        "link": null,
        "finalLink": null
    },
    {
        "date": "1989-01-31",
        "symbol": "GTY",
        "reportedCurrency": "USD",
        "cik": "0001052752",
        "fillingDate": "1989-01-31",
        "acceptedDate": "1989-01-31 00:00:00",
        "calendarYear": "1988",
        "period": "Q4",
        "revenue": 298400000,
        "costOfRevenue": 0,
        "grossProfit": 298400000,
        "grossProfitRatio": 1,
        "researchAndDevelopmentExpenses": 0,
        "generalAndAdministrativeExpenses": 0,
        "sellingAndMarketingExpenses": 0,
        "sellingGeneralAndAdministrativeExpenses": 0,
        "otherExpenses": -978800000,
        "operatingExpenses": -978800000,
        "costAndExpenses": -978800000,
        "interestIncome": 0,
        "interestExpense": 0,
        "depreciationAndAmortization": 0,
        "ebitda": -680400000,
        "ebitdaratio": -2.2801608579,
        "operatingIncome": -680400000,
        "operatingIncomeRatio": -2.2801608579,
        "totalOtherIncomeExpensesNet": 0,
        "incomeBeforeTax": 0,
        "incomeBeforeTaxRatio": 0,
        "incomeTaxExpense": -690100000,
        "netIncome": 9700000,
        "netIncomeRatio": 0.0325067024,
        "eps": 0.62,
        "epsdiluted": 0.62,
        "weightedAverageShsOut": 15352312,
        "weightedAverageShsOutDil": 15592500,
        "link": null,
        "finalLink": null
    },
    {
        "date": "1988-10-31",
        "symbol": "GTY",
        "reportedCurrency": "USD",
        "cik": "0001052752",
        "fillingDate": "1988-10-31",
        "acceptedDate": "1988-10-31 00:00:00",
        "calendarYear": "1988",
        "period": "Q3",
        "revenue": 228600000,
        "costOfRevenue": 0,
        "grossProfit": 228600000,
        "grossProfitRatio": 1,
        "researchAndDevelopmentExpenses": 0,
        "generalAndAdministrativeExpenses": 0,
        "sellingAndMarketingExpenses": 0,
        "sellingGeneralAndAdministrativeExpenses": 0,
        "otherExpenses": 0,
        "operatingExpenses": 0,
        "costAndExpenses": 0,
        "interestIncome": 0,
        "interestExpense": 0,
        "depreciationAndAmortization": 0,
        "ebitda": 228600000,
        "ebitdaratio": 1,
        "operatingIncome": 228600000,
        "operatingIncomeRatio": 1,
        "totalOtherIncomeExpensesNet": 0,
        "incomeBeforeTax": 0,
        "incomeBeforeTaxRatio": 0,
        "incomeTaxExpense": 222000000,
        "netIncome": 6600000,
        "netIncomeRatio": 0.0288713911,
        "eps": 0.42,
        "epsdiluted": 0.42,
        "weightedAverageShsOut": 15592500,
        "weightedAverageShsOutDil": 15592500,
        "link": null,
        "finalLink": null
    },
    {
        "date": "1988-07-31",
        "symbol": "GTY",
        "reportedCurrency": "USD",
        "cik": "0001052752",
        "fillingDate": "1988-07-31",
        "acceptedDate": "1988-07-31 00:00:00",
        "calendarYear": "1988",
        "period": "Q2",
        "revenue": 249400000,
        "costOfRevenue": 0,
        "grossProfit": 249400000,
        "grossProfitRatio": 1,
        "researchAndDevelopmentExpenses": 0,
        "generalAndAdministrativeExpenses": 0,
        "sellingAndMarketingExpenses": 0,
        "sellingGeneralAndAdministrativeExpenses": 0,
        "otherExpenses": 0,
        "operatingExpenses": 0,
        "costAndExpenses": 0,
        "interestIncome": 0,
        "interestExpense": 0,
        "depreciationAndAmortization": 0,
        "ebitda": 249400000,
        "ebitdaratio": 1,
        "operatingIncome": 249400000,
        "operatingIncomeRatio": 1,
        "totalOtherIncomeExpensesNet": 0,
        "incomeBeforeTax": 0,
        "incomeBeforeTaxRatio": 0,
        "incomeTaxExpense": 244500000,
        "netIncome": 4900000,
        "netIncomeRatio": 0.0196471532,
        "eps": 0.3,
        "epsdiluted": 0.3,
        "weightedAverageShsOut": 16097245,
        "weightedAverageShsOutDil": 16097245,
        "link": null,
        "finalLink": null
    },
    {
        "date": "1988-04-30",
        "symbol": "GTY",
        "reportedCurrency": "USD",
        "cik": "0001052752",
        "fillingDate": "1988-04-30",
        "acceptedDate": "1988-04-30 00:00:00",
        "calendarYear": "1988",
        "period": "Q1",
        "revenue": 264500000,
        "costOfRevenue": 0,
        "grossProfit": 264500000,
        "grossProfitRatio": 1,
        "researchAndDevelopmentExpenses": 0,
        "generalAndAdministrativeExpenses": 0,
        "sellingAndMarketingExpenses": 0,
        "sellingGeneralAndAdministrativeExpenses": 0,
        "otherExpenses": 0,
        "operatingExpenses": 0,
        "costAndExpenses": 0,
        "interestIncome": 0,
        "interestExpense": 0,
        "depreciationAndAmortization": 0,
        "ebitda": 264500000,
        "ebitdaratio": 1,
        "operatingIncome": 264500000,
        "operatingIncomeRatio": 1,
        "totalOtherIncomeExpensesNet": 0,
        "incomeBeforeTax": 0,
        "incomeBeforeTaxRatio": 0,
        "incomeTaxExpense": 257300000,
        "netIncome": 7200000,
        "netIncomeRatio": 0.027221172,
        "eps": 0.44,
        "epsdiluted": 0.44,
        "weightedAverageShsOut": 16206750,
        "weightedAverageShsOutDil": 16206750,
        "link": null,
        "finalLink": null
    },
    {
        "date": "1988-01-31",
        "symbol": "GTY",
        "reportedCurrency": "USD",
        "cik": "0001052752",
        "fillingDate": "1988-01-31",
        "acceptedDate": "1988-01-31 00:00:00",
        "calendarYear": "1987",
        "period": "Q4",
        "revenue": 366200000,
        "costOfRevenue": 0,
        "grossProfit": 366200000,
        "grossProfitRatio": 1,
        "researchAndDevelopmentExpenses": 0,
        "generalAndAdministrativeExpenses": 0,
        "sellingAndMarketingExpenses": 0,
        "sellingGeneralAndAdministrativeExpenses": 0,
        "otherExpenses": -1292700000,
        "operatingExpenses": -1292700000,
        "costAndExpenses": -1292700000,
        "interestIncome": 0,
        "interestExpense": 0,
        "depreciationAndAmortization": 0,
        "ebitda": -926500000,
        "ebitdaratio": -2.5300382305,
        "operatingIncome": -926500000,
        "operatingIncomeRatio": -2.5300382305,
        "totalOtherIncomeExpensesNet": 0,
        "incomeBeforeTax": 0,
        "incomeBeforeTaxRatio": 0,
        "incomeTaxExpense": -934400000,
        "netIncome": 7900000,
        "netIncomeRatio": 0.021572911,
        "eps": 0.47,
        "epsdiluted": 0.47,
        "weightedAverageShsOut": 15914035,
        "weightedAverageShsOutDil": 16669800,
        "link": null,
        "finalLink": null
    },
    {
        "date": "1987-10-31",
        "symbol": "GTY",
        "reportedCurrency": "USD",
        "cik": "0001052752",
        "fillingDate": "1987-10-31",
        "acceptedDate": "1987-10-31 00:00:00",
        "calendarYear": "1987",
        "period": "Q3",
        "revenue": 334700000,
        "costOfRevenue": 0,
        "grossProfit": 334700000,
        "grossProfitRatio": 1,
        "researchAndDevelopmentExpenses": 0,
        "generalAndAdministrativeExpenses": 0,
        "sellingAndMarketingExpenses": 0,
        "sellingGeneralAndAdministrativeExpenses": 0,
        "otherExpenses": 0,
        "operatingExpenses": 0,
        "costAndExpenses": 0,
        "interestIncome": 0,
        "interestExpense": 0,
        "depreciationAndAmortization": 0,
        "ebitda": 334700000,
        "ebitdaratio": 1,
        "operatingIncome": 334700000,
        "operatingIncomeRatio": 1,
        "totalOtherIncomeExpensesNet": 0,
        "incomeBeforeTax": 0,
        "incomeBeforeTaxRatio": 0,
        "incomeTaxExpense": 329900000,
        "netIncome": 4800000,
        "netIncomeRatio": 0.0143412011,
        "eps": 0.29,
        "epsdiluted": 0.29,
        "weightedAverageShsOut": 16669800,
        "weightedAverageShsOutDil": 16669800,
        "link": null,
        "finalLink": null
    },
    {
        "date": "1987-07-31",
        "symbol": "GTY",
        "reportedCurrency": "USD",
        "cik": "0001052752",
        "fillingDate": "1987-07-31",
        "acceptedDate": "1987-07-31 00:00:00",
        "calendarYear": "1987",
        "period": "Q2",
        "revenue": 321800000,
        "costOfRevenue": 0,
        "grossProfit": 321800000,
        "grossProfitRatio": 1,
        "researchAndDevelopmentExpenses": 0,
        "generalAndAdministrativeExpenses": 0,
        "sellingAndMarketingExpenses": 0,
        "sellingGeneralAndAdministrativeExpenses": 0,
        "otherExpenses": 0,
        "operatingExpenses": 0,
        "costAndExpenses": 0,
        "interestIncome": 0,
        "interestExpense": 0,
        "depreciationAndAmortization": 0,
        "ebitda": 321800000,
        "ebitdaratio": 1,
        "operatingIncome": 321800000,
        "operatingIncomeRatio": 1,
        "totalOtherIncomeExpensesNet": 0,
        "incomeBeforeTax": 0,
        "incomeBeforeTaxRatio": 0,
        "incomeTaxExpense": 320600000,
        "netIncome": 1200000,
        "netIncomeRatio": 0.0037290242,
        "eps": 0.0823,
        "epsdiluted": 0.0823,
        "weightedAverageShsOut": 14586075,
        "weightedAverageShsOutDil": 14586075,
        "link": null,
        "finalLink": null
    },
    {
        "date": "1987-04-30",
        "symbol": "GTY",
        "reportedCurrency": "USD",
        "cik": "0001052752",
        "fillingDate": "1987-04-30",
        "acceptedDate": "1987-04-30 00:00:00",
        "calendarYear": "1987",
        "period": "Q1",
        "revenue": 313100000,
        "costOfRevenue": 0,
        "grossProfit": 313100000,
        "grossProfitRatio": 1,
        "researchAndDevelopmentExpenses": 0,
        "generalAndAdministrativeExpenses": 0,
        "sellingAndMarketingExpenses": 0,
        "sellingGeneralAndAdministrativeExpenses": 0,
        "otherExpenses": 0,
        "operatingExpenses": 0,
        "costAndExpenses": 0,
        "interestIncome": 0,
        "interestExpense": 0,
        "depreciationAndAmortization": 0,
        "ebitda": 313100000,
        "ebitdaratio": 1,
        "operatingIncome": 313100000,
        "operatingIncomeRatio": 1,
        "totalOtherIncomeExpensesNet": 0,
        "incomeBeforeTax": 0,
        "incomeBeforeTaxRatio": 0,
        "incomeTaxExpense": 312000000,
        "netIncome": 1100000,
        "netIncomeRatio": 0.0035132546,
        "eps": 0.0823,
        "epsdiluted": 0.0823,
        "weightedAverageShsOut": 13370569,
        "weightedAverageShsOutDil": 13370569,
        "link": null,
        "finalLink": null
    },
    {
        "date": "1987-01-31",
        "symbol": "GTY",
        "reportedCurrency": "USD",
        "cik": "0001052752",
        "fillingDate": "1987-01-31",
        "acceptedDate": "1987-01-31 00:00:00",
        "calendarYear": "1986",
        "period": "Q4",
        "revenue": 279800000,
        "costOfRevenue": 0,
        "grossProfit": 279800000,
        "grossProfitRatio": 1,
        "researchAndDevelopmentExpenses": 0,
        "generalAndAdministrativeExpenses": 0,
        "sellingAndMarketingExpenses": 0,
        "sellingGeneralAndAdministrativeExpenses": 0,
        "otherExpenses": -900700000,
        "operatingExpenses": -900700000,
        "costAndExpenses": -900700000,
        "interestIncome": 0,
        "interestExpense": 0,
        "depreciationAndAmortization": 0,
        "ebitda": -620900000,
        "ebitdaratio": -2.2190850608,
        "operatingIncome": -620900000,
        "operatingIncomeRatio": -2.2190850608,
        "totalOtherIncomeExpensesNet": 0,
        "incomeBeforeTax": 0,
        "incomeBeforeTaxRatio": 0,
        "incomeTaxExpense": -623300000,
        "netIncome": 2400000,
        "netIncomeRatio": 0.0085775554,
        "eps": 0.15,
        "epsdiluted": 0.15,
        "weightedAverageShsOut": 16409334,
        "weightedAverageShsOutDil": 16409334,
        "link": null,
        "finalLink": null
    },
    {
        "date": "1986-10-31",
        "symbol": "GTY",
        "reportedCurrency": "USD",
        "cik": "0001052752",
        "fillingDate": "1986-10-31",
        "acceptedDate": "1986-10-31 00:00:00",
        "calendarYear": "1986",
        "period": "Q3",
        "revenue": 205100000,
        "costOfRevenue": 0,
        "grossProfit": 205100000,
        "grossProfitRatio": 1,
        "researchAndDevelopmentExpenses": 0,
        "generalAndAdministrativeExpenses": 0,
        "sellingAndMarketingExpenses": 0,
        "sellingGeneralAndAdministrativeExpenses": 0,
        "otherExpenses": 0,
        "operatingExpenses": 0,
        "costAndExpenses": 0,
        "interestIncome": 0,
        "interestExpense": 0,
        "depreciationAndAmortization": 0,
        "ebitda": 205100000,
        "ebitdaratio": 1,
        "operatingIncome": 205100000,
        "operatingIncomeRatio": 1,
        "totalOtherIncomeExpensesNet": 0,
        "incomeBeforeTax": 0,
        "incomeBeforeTaxRatio": 0,
        "incomeTaxExpense": 201500000,
        "netIncome": 3600000,
        "netIncomeRatio": 0.0175524135,
        "eps": 0.22,
        "epsdiluted": 0.22,
        "weightedAverageShsOut": 16409334,
        "weightedAverageShsOutDil": 16409334,
        "link": null,
        "finalLink": null
    },
    {
        "date": "1986-07-31",
        "symbol": "GTY",
        "reportedCurrency": "USD",
        "cik": "0001052752",
        "fillingDate": "1986-07-31",
        "acceptedDate": "1986-07-31 00:00:00",
        "calendarYear": "1986",
        "period": "Q2",
        "revenue": 187100000,
        "costOfRevenue": 0,
        "grossProfit": 187100000,
        "grossProfitRatio": 1,
        "researchAndDevelopmentExpenses": 0,
        "generalAndAdministrativeExpenses": 0,
        "sellingAndMarketingExpenses": 0,
        "sellingGeneralAndAdministrativeExpenses": 0,
        "otherExpenses": 0,
        "operatingExpenses": 0,
        "costAndExpenses": 0,
        "interestIncome": 0,
        "interestExpense": 0,
        "depreciationAndAmortization": 0,
        "ebitda": 187100000,
        "ebitdaratio": 1,
        "operatingIncome": 187100000,
        "operatingIncomeRatio": 1,
        "totalOtherIncomeExpensesNet": 0,
        "incomeBeforeTax": 0,
        "incomeBeforeTaxRatio": 0,
        "incomeTaxExpense": 185400000,
        "netIncome": 1700000,
        "netIncomeRatio": 0.0090860502,
        "eps": 0.0746,
        "epsdiluted": 0.0746,
        "weightedAverageShsOut": 13494000,
        "weightedAverageShsOutDil": 13494000,
        "link": null,
        "finalLink": null
    },
    {
        "date": "1986-04-30",
        "symbol": "GTY",
        "reportedCurrency": "USD",
        "cik": "0001052752",
        "fillingDate": "1986-04-30",
        "acceptedDate": "1986-04-30 00:00:00",
        "calendarYear": "1986",
        "period": "Q1",
        "revenue": 260000000,
        "costOfRevenue": 0,
        "grossProfit": 260000000,
        "grossProfitRatio": 1,
        "researchAndDevelopmentExpenses": 0,
        "generalAndAdministrativeExpenses": 0,
        "sellingAndMarketingExpenses": 0,
        "sellingGeneralAndAdministrativeExpenses": 0,
        "otherExpenses": 0,
        "operatingExpenses": 0,
        "costAndExpenses": 0,
        "interestIncome": 0,
        "interestExpense": 0,
        "depreciationAndAmortization": 0,
        "ebitda": 260000000,
        "ebitdaratio": 1,
        "operatingIncome": 260000000,
        "operatingIncomeRatio": 1,
        "totalOtherIncomeExpensesNet": 0,
        "incomeBeforeTax": 0,
        "incomeBeforeTaxRatio": 0,
        "incomeTaxExpense": 250600000,
        "netIncome": 9400000,
        "netIncomeRatio": 0.0361538462,
        "eps": 0.51,
        "epsdiluted": 0.51,
        "weightedAverageShsOut": 13490000,
        "weightedAverageShsOutDil": 13490000,
        "link": null,
        "finalLink": null
    },
    {
        "date": "1986-01-31",
        "symbol": "GTY",
        "reportedCurrency": "USD",
        "cik": "0001052752",
        "fillingDate": "1986-01-31",
        "acceptedDate": "1986-01-31 00:00:00",
        "calendarYear": "1985",
        "period": "Q4",
        "revenue": 407300000,
        "costOfRevenue": 0,
        "grossProfit": 407300000,
        "grossProfitRatio": 1,
        "researchAndDevelopmentExpenses": 0,
        "generalAndAdministrativeExpenses": 0,
        "sellingAndMarketingExpenses": 0,
        "sellingGeneralAndAdministrativeExpenses": 0,
        "otherExpenses": -1298600000,
        "operatingExpenses": -1298600000,
        "costAndExpenses": -1298600000,
        "interestIncome": 0,
        "interestExpense": 0,
        "depreciationAndAmortization": 0,
        "ebitda": -891300000,
        "ebitdaratio": -2.1883132826,
        "operatingIncome": -891300000,
        "operatingIncomeRatio": -2.1883132826,
        "totalOtherIncomeExpensesNet": 0,
        "incomeBeforeTax": 0,
        "incomeBeforeTaxRatio": 0,
        "incomeTaxExpense": -895800000,
        "netIncome": 4500000,
        "netIncomeRatio": 0.0110483673,
        "eps": 0.33,
        "epsdiluted": 0.33,
        "weightedAverageShsOut": 13490000,
        "weightedAverageShsOutDil": 13492000,
        "link": null,
        "finalLink": null
    },
    {
        "date": "1985-10-31",
        "symbol": "GTY",
        "reportedCurrency": "USD",
        "cik": "0001052752",
        "fillingDate": "1985-10-31",
        "acceptedDate": "1985-10-31 00:00:00",
        "calendarYear": "1985",
        "period": "Q3",
        "revenue": 318400000,
        "costOfRevenue": 0,
        "grossProfit": 318400000,
        "grossProfitRatio": 1,
        "researchAndDevelopmentExpenses": 0,
        "generalAndAdministrativeExpenses": 0,
        "sellingAndMarketingExpenses": 0,
        "sellingGeneralAndAdministrativeExpenses": 0,
        "otherExpenses": 0,
        "operatingExpenses": 0,
        "costAndExpenses": 0,
        "interestIncome": 0,
        "interestExpense": 0,
        "depreciationAndAmortization": 0,
        "ebitda": 318400000,
        "ebitdaratio": 1,
        "operatingIncome": 318400000,
        "operatingIncomeRatio": 1,
        "totalOtherIncomeExpensesNet": 0,
        "incomeBeforeTax": 0,
        "incomeBeforeTaxRatio": 0,
        "incomeTaxExpense": 314700000,
        "netIncome": 3700000,
        "netIncomeRatio": 0.011620603,
        "eps": 0.16,
        "epsdiluted": 0.16,
        "weightedAverageShsOut": 13492000,
        "weightedAverageShsOutDil": 13492000,
        "link": null,
        "finalLink": null
    }
]