[
    {
        "date": "2025-06-30",
        "symbol": "HOG",
        "reportedCurrency": "USD",
        "cik": "0000793952",
        "fillingDate": "2025-08-06",
        "acceptedDate": "2025-08-06 15:18:46",
        "calendarYear": "2025",
        "period": "Q2",
        "revenue": 1307098000,
        "costOfRevenue": 938458000,
        "grossProfit": 368640000,
        "grossProfitRatio": 0.2820293505,
        "researchAndDevelopmentExpenses": 0,
        "generalAndAdministrativeExpenses": 0,
        "sellingAndMarketingExpenses": 0,
        "sellingGeneralAndAdministrativeExpenses": 256204000,
        "otherExpenses": 0,
        "operatingExpenses": 256204000,
        "costAndExpenses": 1194662000,
        "interestIncome": 10950000,
        "interestExpense": 7696000,
        "depreciationAndAmortization": 40425000,
        "ebitda": 178288000,
        "ebitdaratio": 0.1363998721,
        "operatingIncome": 112436000,
        "operatingIncomeRatio": 0.086019564,
        "totalOtherIncomeExpensesNet": 17731000,
        "incomeBeforeTax": 130167000,
        "incomeBeforeTaxRatio": 0.0995847289,
        "incomeTaxExpense": 24422000,
        "netIncome": 107569000,
        "netIncomeRatio": 0.0822960482,
        "eps": 0.89,
        "epsdiluted": 0.88,
        "weightedAverageShsOut": 122727000,
        "weightedAverageShsOutDil": 123457000,
        "link": "https://www.sec.gov/Archives/edgar/data/793952/000079395225000170/0000793952-25-000170-index.htm",
        "finalLink": "https://www.sec.gov/Archives/edgar/data/793952/000079395225000170/hog-20250630.htm"
    },
    {
        "date": "2025-03-31",
        "symbol": "HOG",
        "reportedCurrency": "USD",
        "cik": "0000793952",
        "fillingDate": "2025-05-06",
        "acceptedDate": "2025-05-06 12:00:39",
        "calendarYear": "2025",
        "period": "Q1",
        "revenue": 1329209000,
        "costOfRevenue": 859719000,
        "grossProfit": 469490000,
        "grossProfitRatio": 0.353210067,
        "researchAndDevelopmentExpenses": 0,
        "generalAndAdministrativeExpenses": 0,
        "sellingAndMarketingExpenses": 0,
        "sellingGeneralAndAdministrativeExpenses": 255657000,
        "otherExpenses": 53334000,
        "operatingExpenses": 308991000,
        "costAndExpenses": 1168710000,
        "interestIncome": 0,
        "interestExpense": 7686000,
        "depreciationAndAmortization": 41704000,
        "ebitda": 227417000,
        "ebitdaratio": 0.1710919803,
        "operatingIncome": 160499000,
        "operatingIncomeRatio": 0.120747753,
        "totalOtherIncomeExpensesNet": 17528000,
        "incomeBeforeTax": 178027000,
        "incomeBeforeTaxRatio": 0.133934543,
        "incomeTaxExpense": 47230000,
        "netIncome": 133104000,
        "netIncomeRatio": 0.1001377511,
        "eps": 1.07,
        "epsdiluted": 1.07,
        "weightedAverageShsOut": 123947000,
        "weightedAverageShsOutDil": 124724000,
        "link": "https://www.sec.gov/Archives/edgar/data/793952/000079395225000111/0000793952-25-000111-index.htm",
        "finalLink": "https://www.sec.gov/Archives/edgar/data/793952/000079395225000111/hog-20250331.htm"
    },
    {
        "date": "2024-12-31",
        "symbol": "HOG",
        "reportedCurrency": "USD",
        "cik": "0000793952",
        "fillingDate": "2025-02-26",
        "acceptedDate": "2025-02-26 15:26:07",
        "calendarYear": "2024",
        "period": "Q4",
        "revenue": 687609000,
        "costOfRevenue": 534491000,
        "grossProfit": 153118000,
        "grossProfitRatio": 0.2226817857,
        "researchAndDevelopmentExpenses": 0,
        "generalAndAdministrativeExpenses": 0,
        "sellingAndMarketingExpenses": 0,
        "sellingGeneralAndAdministrativeExpenses": 274259000,
        "otherExpenses": 72208000,
        "operatingExpenses": 346467000,
        "costAndExpenses": 880958000,
        "interestIncome": 0,
        "interestExpense": 7682000,
        "depreciationAndAmortization": 41105000,
        "ebitda": -121501000,
        "ebitdaratio": -0.1767007122,
        "operatingIncome": -193349000,
        "operatingIncomeRatio": -0.2811903276,
        "totalOtherIncomeExpensesNet": 23061000,
        "incomeBeforeTax": -170288000,
        "incomeBeforeTaxRatio": -0.2476523722,
        "incomeTaxExpense": -51858000,
        "netIncome": -116892000,
        "netIncomeRatio": -0.1699977749,
        "eps": -0.93,
        "epsdiluted": -0.93,
        "weightedAverageShsOut": 126264000,
        "weightedAverageShsOutDil": 126264000,
        "link": "https://www.sec.gov/Archives/edgar/data/793952/000079395225000063/0000793952-25-000063-index.htm",
        "finalLink": "https://www.sec.gov/Archives/edgar/data/793952/000079395225000063/hog-20241231.htm"
    },
    {
        "date": "2024-09-30",
        "symbol": "HOG",
        "reportedCurrency": "USD",
        "cik": "0000793952",
        "fillingDate": "2024-11-06",
        "acceptedDate": "2024-11-06 15:46:22",
        "calendarYear": "2024",
        "period": "Q3",
        "revenue": 1150695000,
        "costOfRevenue": 713043000,
        "grossProfit": 437652000,
        "grossProfitRatio": 0.3803371006,
        "researchAndDevelopmentExpenses": 0,
        "generalAndAdministrativeExpenses": 0,
        "sellingAndMarketingExpenses": 0,
        "sellingGeneralAndAdministrativeExpenses": 273879000,
        "otherExpenses": 57977000,
        "operatingExpenses": 331856000,
        "costAndExpenses": 1044899000,
        "interestIncome": 0,
        "interestExpense": 7707000,
        "depreciationAndAmortization": 39192000,
        "ebitda": 179846000,
        "ebitdaratio": 0.1562933705,
        "operatingIncome": 105796000,
        "operatingIncomeRatio": 0.0919409574,
        "totalOtherIncomeExpensesNet": 27151000,
        "incomeBeforeTax": 132947000,
        "incomeBeforeTaxRatio": 0.1155362629,
        "incomeTaxExpense": 16980000,
        "netIncome": 119040000,
        "netIncomeRatio": 0.1034505234,
        "eps": 0.92,
        "epsdiluted": 0.91,
        "weightedAverageShsOut": 130078000,
        "weightedAverageShsOutDil": 130962000,
        "link": "https://www.sec.gov/Archives/edgar/data/793952/000079395224000165/0000793952-24-000165-index.htm",
        "finalLink": "https://www.sec.gov/Archives/edgar/data/793952/000079395224000165/hog-20240930.htm"
    },
    {
        "date": "2024-06-30",
        "symbol": "HOG",
        "reportedCurrency": "USD",
        "cik": "0000793952",
        "fillingDate": "2024-08-07",
        "acceptedDate": "2024-08-07 12:54:33",
        "calendarYear": "2024",
        "period": "Q2",
        "revenue": 1618893000,
        "costOfRevenue": 1017753000,
        "grossProfit": 601140000,
        "grossProfitRatio": 0.3713278147,
        "researchAndDevelopmentExpenses": 0,
        "generalAndAdministrativeExpenses": 0,
        "sellingAndMarketingExpenses": 0,
        "sellingGeneralAndAdministrativeExpenses": 304008000,
        "otherExpenses": 56030000,
        "operatingExpenses": 360038000,
        "costAndExpenses": 1377791000,
        "interestIncome": 0,
        "interestExpense": 7680000,
        "depreciationAndAmortization": 38872000,
        "ebitda": 310664000,
        "ebitdaratio": 0.1918990322,
        "operatingIncome": 241102000,
        "operatingIncomeRatio": 0.148930164,
        "totalOtherIncomeExpensesNet": 23010000,
        "incomeBeforeTax": 264112000,
        "incomeBeforeTaxRatio": 0.1631435802,
        "incomeTaxExpense": 48706000,
        "netIncome": 218269000,
        "netIncomeRatio": 0.1348260818,
        "eps": 1.64,
        "epsdiluted": 1.63,
        "weightedAverageShsOut": 133412000,
        "weightedAverageShsOutDil": 134109000,
        "link": "https://www.sec.gov/Archives/edgar/data/793952/000079395224000150/0000793952-24-000150-index.htm",
        "finalLink": "https://www.sec.gov/Archives/edgar/data/793952/000079395224000150/hog-20240630.htm"
    },
    {
        "date": "2024-03-31",
        "symbol": "HOG",
        "reportedCurrency": "USD",
        "cik": "0000793952",
        "fillingDate": "2024-05-06",
        "acceptedDate": "2024-05-06 14:56:34",
        "calendarYear": "2024",
        "period": "Q1",
        "revenue": 1729607000,
        "costOfRevenue": 1112420000,
        "grossProfit": 617187000,
        "grossProfitRatio": 0.356836553,
        "researchAndDevelopmentExpenses": 0,
        "generalAndAdministrativeExpenses": 0,
        "sellingAndMarketingExpenses": 0,
        "sellingGeneralAndAdministrativeExpenses": 293098000,
        "otherExpenses": 61010000,
        "operatingExpenses": 354108000,
        "costAndExpenses": 1466528000,
        "interestIncome": 0,
        "interestExpense": 7679000,
        "depreciationAndAmortization": 41504000,
        "ebitda": 339551000,
        "ebitdaratio": 0.1963168512,
        "operatingIncome": 263079000,
        "operatingIncomeRatio": 0.1521033391,
        "totalOtherIncomeExpensesNet": 27289000,
        "incomeBeforeTax": 290368000,
        "incomeBeforeTaxRatio": 0.1678809117,
        "incomeTaxExpense": 58135000,
        "netIncome": 234941000,
        "netIncomeRatio": 0.1358349035,
        "eps": 1.73,
        "epsdiluted": 1.72,
        "weightedAverageShsOut": 136109000,
        "weightedAverageShsOutDil": 136921000,
        "link": "https://www.sec.gov/Archives/edgar/data/793952/000079395224000103/0000793952-24-000103-index.htm",
        "finalLink": "https://www.sec.gov/Archives/edgar/data/793952/000079395224000103/hog-20240331.htm"
    },
    {
        "date": "2023-12-31",
        "symbol": "HOG",
        "reportedCurrency": "USD",
        "cik": "0000793952",
        "fillingDate": "2024-02-23",
        "acceptedDate": "2024-02-23 16:35:37",
        "calendarYear": "2023",
        "period": "Q4",
        "revenue": 1053210000,
        "costOfRevenue": 719737000,
        "grossProfit": 333473000,
        "grossProfitRatio": 0.3166253644,
        "researchAndDevelopmentExpenses": 0,
        "generalAndAdministrativeExpenses": 0,
        "sellingAndMarketingExpenses": 0,
        "sellingGeneralAndAdministrativeExpenses": 297959000,
        "otherExpenses": 56662000,
        "operatingExpenses": 354621000,
        "costAndExpenses": 1074358000,
        "interestIncome": 0,
        "interestExpense": 7683000,
        "depreciationAndAmortization": 45520000,
        "ebitda": 57771000,
        "ebitdaratio": 0.0548523087,
        "operatingIncome": -21148000,
        "operatingIncomeRatio": -0.0200795663,
        "totalOtherIncomeExpensesNet": 25716000,
        "incomeBeforeTax": 4568000,
        "incomeBeforeTaxRatio": 0.0043372167,
        "incomeTaxExpense": -18716000,
        "netIncome": 25808000,
        "netIncomeRatio": 0.024504135,
        "eps": 0.19,
        "epsdiluted": 0.18,
        "weightedAverageShsOut": 138520000,
        "weightedAverageShsOutDil": 141464000,
        "link": "https://www.sec.gov/Archives/edgar/data/793952/000079395224000076/0000793952-24-000076-index.htm",
        "finalLink": "https://www.sec.gov/Archives/edgar/data/793952/000079395224000076/hog-20231231.htm"
    },
    {
        "date": "2023-09-30",
        "symbol": "HOG",
        "reportedCurrency": "USD",
        "cik": "0000793952",
        "fillingDate": "2023-11-08",
        "acceptedDate": "2023-11-08 15:39:58",
        "calendarYear": "2023",
        "period": "Q3",
        "revenue": 1549059000,
        "costOfRevenue": 977466000,
        "grossProfit": 571593000,
        "grossProfitRatio": 0.3689936923,
        "researchAndDevelopmentExpenses": 0,
        "generalAndAdministrativeExpenses": 0,
        "sellingAndMarketingExpenses": 0,
        "sellingGeneralAndAdministrativeExpenses": 301454000,
        "otherExpenses": 60854000,
        "operatingExpenses": 362308000,
        "costAndExpenses": 1339774000,
        "interestIncome": 0,
        "interestExpense": 7688000,
        "depreciationAndAmortization": 40367000,
        "ebitda": 286334000,
        "ebitdaratio": 0.184843831,
        "operatingIncome": 209285000,
        "operatingIncomeRatio": 0.1351046022,
        "totalOtherIncomeExpensesNet": 28994000,
        "incomeBeforeTax": 238279000,
        "incomeBeforeTaxRatio": 0.1538217718,
        "incomeTaxExpense": 42176000,
        "netIncome": 198649000,
        "netIncomeRatio": 0.1282384983,
        "eps": 1.4,
        "epsdiluted": 1.38,
        "weightedAverageShsOut": 141622000,
        "weightedAverageShsOutDil": 144321000,
        "link": "https://www.sec.gov/Archives/edgar/data/793952/000079395223000180/0000793952-23-000180-index.htm",
        "finalLink": "https://www.sec.gov/Archives/edgar/data/793952/000079395223000180/hog-20230930.htm"
    },
    {
        "date": "2023-06-30",
        "symbol": "HOG",
        "reportedCurrency": "USD",
        "cik": "0000793952",
        "fillingDate": "2023-08-09",
        "acceptedDate": "2023-08-09 12:16:27",
        "calendarYear": "2023",
        "period": "Q2",
        "revenue": 1445523000,
        "costOfRevenue": 876633000,
        "grossProfit": 568890000,
        "grossProfitRatio": 0.39355306,
        "researchAndDevelopmentExpenses": 0,
        "generalAndAdministrativeExpenses": 0,
        "sellingAndMarketingExpenses": 0,
        "sellingGeneralAndAdministrativeExpenses": 290274000,
        "otherExpenses": 57278000,
        "operatingExpenses": 347552000,
        "costAndExpenses": 1224185000,
        "interestIncome": 0,
        "interestExpense": 7696000,
        "depreciationAndAmortization": 37873000,
        "ebitda": 277588000,
        "ebitdaratio": 0.1920329182,
        "operatingIncome": 221338000,
        "operatingIncomeRatio": 0.1531196667,
        "totalOtherIncomeExpensesNet": 10681000,
        "incomeBeforeTax": 232019000,
        "incomeBeforeTaxRatio": 0.1605086879,
        "incomeTaxExpense": 58189000,
        "netIncome": 178039000,
        "netIncomeRatio": 0.1231658023,
        "eps": 1.24,
        "epsdiluted": 1.22,
        "weightedAverageShsOut": 143414000,
        "weightedAverageShsOutDil": 145787000,
        "link": "https://www.sec.gov/Archives/edgar/data/793952/000079395223000147/0000793952-23-000147-index.htm",
        "finalLink": "https://www.sec.gov/Archives/edgar/data/793952/000079395223000147/hog-20230630.htm"
    },
    {
        "date": "2023-03-31",
        "symbol": "HOG",
        "reportedCurrency": "USD",
        "cik": "0000793952",
        "fillingDate": "2023-05-10",
        "acceptedDate": "2023-05-10 12:48:58",
        "calendarYear": "2023",
        "period": "Q1",
        "revenue": 1788686000,
        "costOfRevenue": 1080850000,
        "grossProfit": 707836000,
        "grossProfitRatio": 0.3957296026,
        "researchAndDevelopmentExpenses": 0,
        "generalAndAdministrativeExpenses": 0,
        "sellingAndMarketingExpenses": 0,
        "sellingGeneralAndAdministrativeExpenses": 285863000,
        "otherExpenses": 52364000,
        "operatingExpenses": 338227000,
        "costAndExpenses": 1419077000,
        "interestIncome": 0,
        "interestExpense": 7720000,
        "depreciationAndAmortization": 34352000,
        "ebitda": 434082000,
        "ebitdaratio": 0.2426820582,
        "operatingIncome": 369609000,
        "operatingIncomeRatio": 0.2066371627,
        "totalOtherIncomeExpensesNet": 22401000,
        "incomeBeforeTax": 392010000,
        "incomeBeforeTaxRatio": 0.2191608812,
        "incomeTaxExpense": 90181000,
        "netIncome": 304090000,
        "netIncomeRatio": 0.1700074804,
        "eps": 2.08,
        "epsdiluted": 2.04,
        "weightedAverageShsOut": 146048000,
        "weightedAverageShsOutDil": 148931000,
        "link": "https://www.sec.gov/Archives/edgar/data/793952/000079395223000082/0000793952-23-000082-index.htm",
        "finalLink": "https://www.sec.gov/Archives/edgar/data/793952/000079395223000082/hog-20230331.htm"
    },
    {
        "date": "2022-12-31",
        "symbol": "HOG",
        "reportedCurrency": "USD",
        "cik": "0000793952",
        "fillingDate": "2023-02-24",
        "acceptedDate": "2023-02-24 10:00:51",
        "calendarYear": "2022",
        "period": "Q4",
        "revenue": 1142282000,
        "costOfRevenue": 748980000,
        "grossProfit": 393302000,
        "grossProfitRatio": 0.3443125253,
        "researchAndDevelopmentExpenses": 0,
        "generalAndAdministrativeExpenses": 0,
        "sellingAndMarketingExpenses": 0,
        "sellingGeneralAndAdministrativeExpenses": 339183000,
        "otherExpenses": 50406000,
        "operatingExpenses": 389589000,
        "costAndExpenses": 1138569000,
        "interestIncome": 0,
        "interestExpense": 7680000,
        "depreciationAndAmortization": 37075000,
        "ebitda": 67321000,
        "ebitdaratio": 0.0589355343,
        "operatingIncome": 3713000,
        "operatingIncomeRatio": 0.0032505108,
        "totalOtherIncomeExpensesNet": 18853000,
        "incomeBeforeTax": 22566000,
        "incomeBeforeTaxRatio": 0.0197551918,
        "incomeTaxExpense": -17111000,
        "netIncome": 41871000,
        "netIncomeRatio": 0.0366555719,
        "eps": 0.29,
        "epsdiluted": 0.28,
        "weightedAverageShsOut": 146187000,
        "weightedAverageShsOutDil": 148956000,
        "link": "https://www.sec.gov/Archives/edgar/data/793952/000079395223000046/0000793952-23-000046-index.htm",
        "finalLink": "https://www.sec.gov/Archives/edgar/data/793952/000079395223000046/hog-20221231.htm"
    },
    {
        "date": "2022-09-25",
        "symbol": "HOG",
        "reportedCurrency": "USD",
        "cik": "0000793952",
        "fillingDate": "2022-11-03",
        "acceptedDate": "2022-11-03 12:40:48",
        "calendarYear": "2022",
        "period": "Q3",
        "revenue": 1648575000,
        "costOfRevenue": 1007396000,
        "grossProfit": 641179000,
        "grossProfitRatio": 0.3889292268,
        "researchAndDevelopmentExpenses": 0,
        "generalAndAdministrativeExpenses": 0,
        "sellingAndMarketingExpenses": 0,
        "sellingGeneralAndAdministrativeExpenses": 265841000,
        "otherExpenses": 36620000,
        "operatingExpenses": 302461000,
        "costAndExpenses": 1309857000,
        "interestIncome": 0,
        "interestExpense": 8124000,
        "depreciationAndAmortization": 37478000,
        "ebitda": 387277000,
        "ebitdaratio": 0.2349162155,
        "operatingIncome": 338718000,
        "operatingIncomeRatio": 0.20546108,
        "totalOtherIncomeExpensesNet": 2957000,
        "incomeBeforeTax": 341675000,
        "incomeBeforeTaxRatio": 0.2072547503,
        "incomeTaxExpense": 80489000,
        "netIncome": 261186000,
        "netIncomeRatio": 0.1584313725,
        "eps": 1.79,
        "epsdiluted": 1.78,
        "weightedAverageShsOut": 146217000,
        "weightedAverageShsOutDil": 147073000,
        "link": "https://www.sec.gov/Archives/edgar/data/793952/000079395222000086/0000793952-22-000086-index.htm",
        "finalLink": "https://www.sec.gov/Archives/edgar/data/793952/000079395222000086/hog-20220925.htm"
    },
    {
        "date": "2022-06-26",
        "symbol": "HOG",
        "reportedCurrency": "USD",
        "cik": "0000793952",
        "fillingDate": "2022-08-04",
        "acceptedDate": "2022-08-04 11:02:27",
        "calendarYear": "2022",
        "period": "Q2",
        "revenue": 1469087000,
        "costOfRevenue": 927370000,
        "grossProfit": 541717000,
        "grossProfitRatio": 0.3687439886,
        "researchAndDevelopmentExpenses": 0,
        "generalAndAdministrativeExpenses": 0,
        "sellingAndMarketingExpenses": 0,
        "sellingGeneralAndAdministrativeExpenses": 235233000,
        "otherExpenses": 28869000,
        "operatingExpenses": 264102000,
        "costAndExpenses": 1191472000,
        "interestIncome": 0,
        "interestExpense": 7720000,
        "depreciationAndAmortization": 38131000,
        "ebitda": 322271000,
        "ebitdaratio": 0.2193682199,
        "operatingIncome": 277615000,
        "operatingIncomeRatio": 0.1889711093,
        "totalOtherIncomeExpensesNet": -1195000,
        "incomeBeforeTax": 276420000,
        "incomeBeforeTaxRatio": 0.1881576789,
        "incomeTaxExpense": 60571000,
        "netIncome": 215849000,
        "netIncomeRatio": 0.1469273093,
        "eps": 1.47,
        "epsdiluted": 1.46,
        "weightedAverageShsOut": 147211000,
        "weightedAverageShsOutDil": 147835000,
        "link": "https://www.sec.gov/Archives/edgar/data/793952/000079395222000063/0000793952-22-000063-index.htm",
        "finalLink": "https://www.sec.gov/Archives/edgar/data/793952/000079395222000063/hog-20220626.htm"
    },
    {
        "date": "2022-03-27",
        "symbol": "HOG",
        "reportedCurrency": "USD",
        "cik": "0000793952",
        "fillingDate": "2022-05-05",
        "acceptedDate": "2022-05-05 11:42:43",
        "calendarYear": "2022",
        "period": "Q1",
        "revenue": 1495186000,
        "costOfRevenue": 937635000,
        "grossProfit": 557551000,
        "grossProfitRatio": 0.3728974188,
        "researchAndDevelopmentExpenses": 0,
        "generalAndAdministrativeExpenses": 0,
        "sellingAndMarketingExpenses": 0,
        "sellingGeneralAndAdministrativeExpenses": 239625000,
        "otherExpenses": 28694000,
        "operatingExpenses": 268319000,
        "costAndExpenses": 1205954000,
        "interestIncome": 0,
        "interestExpense": 7711000,
        "depreciationAndAmortization": 39258000,
        "ebitda": 337541000,
        "ebitdaratio": 0.2257518463,
        "operatingIncome": 289232000,
        "operatingIncomeRatio": 0.1934421537,
        "totalOtherIncomeExpensesNet": 1340000,
        "incomeBeforeTax": 290572000,
        "incomeBeforeTaxRatio": 0.1943383633,
        "incomeTaxExpense": 68070000,
        "netIncome": 222502000,
        "netIncomeRatio": 0.1488122548,
        "eps": 1.46,
        "epsdiluted": 1.45,
        "weightedAverageShsOut": 152819000,
        "weightedAverageShsOutDil": 153924000,
        "link": "https://www.sec.gov/Archives/edgar/data/793952/000079395222000036/0000793952-22-000036-index.htm",
        "finalLink": "https://www.sec.gov/Archives/edgar/data/793952/000079395222000036/hog-20220327.htm"
    },
    {
        "date": "2021-12-31",
        "symbol": "HOG",
        "reportedCurrency": "USD",
        "cik": "0000793952",
        "fillingDate": "2022-02-25",
        "acceptedDate": "2022-02-25 14:17:07",
        "calendarYear": "2021",
        "period": "Q4",
        "revenue": 1016433000,
        "costOfRevenue": 700869000,
        "grossProfit": 315564000,
        "grossProfitRatio": 0.3104621751,
        "researchAndDevelopmentExpenses": 0,
        "generalAndAdministrativeExpenses": 0,
        "sellingAndMarketingExpenses": 0,
        "sellingGeneralAndAdministrativeExpenses": 300509000,
        "otherExpenses": 22362000,
        "operatingExpenses": 322871000,
        "costAndExpenses": 1023740000,
        "interestIncome": 0,
        "interestExpense": 7763000,
        "depreciationAndAmortization": 42702000,
        "ebitda": 56009000,
        "ebitdaratio": 0.0551034844,
        "operatingIncome": -7307000,
        "operatingIncomeRatio": -0.0071888654,
        "totalOtherIncomeExpensesNet": 12851000,
        "incomeBeforeTax": 5544000,
        "incomeBeforeTaxRatio": 0.0054543684,
        "incomeTaxExpense": -16023000,
        "netIncome": 21567000,
        "netIncomeRatio": 0.0212183194,
        "eps": 0.14,
        "epsdiluted": 0.14,
        "weightedAverageShsOut": 153879000,
        "weightedAverageShsOutDil": 155200000,
        "link": "https://www.sec.gov/Archives/edgar/data/793952/000079395222000014/0000793952-22-000014-index.htm",
        "finalLink": "https://www.sec.gov/Archives/edgar/data/793952/000079395222000014/hog-20211231.htm"
    },
    {
        "date": "2021-09-26",
        "symbol": "HOG",
        "reportedCurrency": "USD",
        "cik": "0000793952",
        "fillingDate": "2021-11-04",
        "acceptedDate": "2021-11-04 15:31:48",
        "calendarYear": "2021",
        "period": "Q3",
        "revenue": 1365310000,
        "costOfRevenue": 894963000,
        "grossProfit": 470347000,
        "grossProfitRatio": 0.3444983191,
        "researchAndDevelopmentExpenses": 0,
        "generalAndAdministrativeExpenses": 0,
        "sellingAndMarketingExpenses": 0,
        "sellingGeneralAndAdministrativeExpenses": 254312000,
        "otherExpenses": 11823000,
        "operatingExpenses": 266135000,
        "costAndExpenses": 1161098000,
        "interestIncome": 0,
        "interestExpense": 7779000,
        "depreciationAndAmortization": 41160000,
        "ebitda": 246428000,
        "ebitdaratio": 0.1804923424,
        "operatingIncome": 204212000,
        "operatingIncomeRatio": 0.1495718921,
        "totalOtherIncomeExpensesNet": -6723000,
        "incomeBeforeTax": 197489000,
        "incomeBeforeTaxRatio": 0.1446477357,
        "incomeTaxExpense": 34516000,
        "netIncome": 162973000,
        "netIncomeRatio": 0.1193670302,
        "eps": 1.06,
        "epsdiluted": 1.05,
        "weightedAverageShsOut": 153863000,
        "weightedAverageShsOutDil": 155117000,
        "link": "https://www.sec.gov/Archives/edgar/data/793952/000079395221000058/0000793952-21-000058-index.htm",
        "finalLink": "https://www.sec.gov/Archives/edgar/data/793952/000079395221000058/hog-20210926.htm"
    },
    {
        "date": "2021-06-27",
        "symbol": "HOG",
        "reportedCurrency": "USD",
        "cik": "0000793952",
        "fillingDate": "2021-08-05",
        "acceptedDate": "2021-08-05 16:07:17",
        "calendarYear": "2021",
        "period": "Q2",
        "revenue": 1532058000,
        "costOfRevenue": 973070000,
        "grossProfit": 558988000,
        "grossProfitRatio": 0.3648608604,
        "researchAndDevelopmentExpenses": 0,
        "generalAndAdministrativeExpenses": 0,
        "sellingAndMarketingExpenses": 0,
        "sellingGeneralAndAdministrativeExpenses": 261509000,
        "otherExpenses": 17119000,
        "operatingExpenses": 278628000,
        "costAndExpenses": 1251698000,
        "interestIncome": 0,
        "interestExpense": 7722000,
        "depreciationAndAmortization": 41102000,
        "ebitda": 324883000,
        "ebitdaratio": 0.2120565932,
        "operatingIncome": 280360000,
        "operatingIncomeRatio": 0.1829956829,
        "totalOtherIncomeExpensesNet": -4301000,
        "incomeBeforeTax": 276059000,
        "incomeBeforeTaxRatio": 0.180188348,
        "incomeTaxExpense": 69719000,
        "netIncome": 206340000,
        "netIncomeRatio": 0.1346815852,
        "eps": 1.34,
        "epsdiluted": 1.33,
        "weightedAverageShsOut": 153748000,
        "weightedAverageShsOutDil": 155093000,
        "link": "https://www.sec.gov/Archives/edgar/data/793952/000079395221000050/0000793952-21-000050-index.htm",
        "finalLink": "https://www.sec.gov/Archives/edgar/data/793952/000079395221000050/hog-20210627.htm"
    },
    {
        "date": "2021-03-28",
        "symbol": "HOG",
        "reportedCurrency": "USD",
        "cik": "0000793952",
        "fillingDate": "2021-05-06",
        "acceptedDate": "2021-05-06 11:49:36",
        "calendarYear": "2021",
        "period": "Q1",
        "revenue": 1422507000,
        "costOfRevenue": 867329000,
        "grossProfit": 555178000,
        "grossProfitRatio": 0.3902813835,
        "researchAndDevelopmentExpenses": 0,
        "generalAndAdministrativeExpenses": 0,
        "sellingAndMarketingExpenses": 0,
        "sellingGeneralAndAdministrativeExpenses": 231844000,
        "otherExpenses": -22840000,
        "operatingExpenses": 209004000,
        "costAndExpenses": 1076333000,
        "interestIncome": 0,
        "interestExpense": 7708000,
        "depreciationAndAmortization": 40221000,
        "ebitda": 388074000,
        "ebitdaratio": 0.2728099053,
        "operatingIncome": 346174000,
        "operatingIncomeRatio": 0.2433548657,
        "totalOtherIncomeExpensesNet": -6029000,
        "incomeBeforeTax": 340145000,
        "incomeBeforeTaxRatio": 0.2391165738,
        "incomeTaxExpense": 81001000,
        "netIncome": 259144000,
        "netIncomeRatio": 0.1821741475,
        "eps": 1.69,
        "epsdiluted": 1.68,
        "weightedAverageShsOut": 153478000,
        "weightedAverageShsOutDil": 154490000,
        "link": "https://www.sec.gov/Archives/edgar/data/793952/000079395221000027/0000793952-21-000027-index.htm",
        "finalLink": "https://www.sec.gov/Archives/edgar/data/793952/000079395221000027/hog-20210328.htm"
    },
    {
        "date": "2020-12-31",
        "symbol": "HOG",
        "reportedCurrency": "USD",
        "cik": "0000793952",
        "fillingDate": "2021-02-23",
        "acceptedDate": "2021-02-23 14:10:35",
        "calendarYear": "2020",
        "period": "Q4",
        "revenue": 725222000,
        "costOfRevenue": 480689000,
        "grossProfit": 244533000,
        "grossProfitRatio": 0.3371836486,
        "researchAndDevelopmentExpenses": 0,
        "generalAndAdministrativeExpenses": 0,
        "sellingAndMarketingExpenses": 0,
        "sellingGeneralAndAdministrativeExpenses": 316570000,
        "otherExpenses": 47582000,
        "operatingExpenses": 364152000,
        "costAndExpenses": 844841000,
        "interestIncome": 0,
        "interestExpense": 7814000,
        "depreciationAndAmortization": 45658000,
        "ebitda": -71797000,
        "ebitdaratio": -0.0990000303,
        "operatingIncome": -119619000,
        "operatingIncomeRatio": -0.164941218,
        "totalOtherIncomeExpensesNet": -5650000,
        "incomeBeforeTax": -125269000,
        "incomeBeforeTaxRatio": -0.1727319359,
        "incomeTaxExpense": -28871000,
        "netIncome": -96398000,
        "netIncomeRatio": -0.132922057,
        "eps": -0.63,
        "epsdiluted": -0.63,
        "weightedAverageShsOut": 152508210,
        "weightedAverageShsOutDil": 153281000,
        "link": "https://www.sec.gov/Archives/edgar/data/793952/000079395221000010/0000793952-21-000010-index.htm",
        "finalLink": "https://www.sec.gov/Archives/edgar/data/793952/000079395221000010/hog-20201231.htm"
    },
    {
        "date": "2020-09-27",
        "symbol": "HOG",
        "reportedCurrency": "USD",
        "cik": "0000793952",
        "fillingDate": "2020-11-05",
        "acceptedDate": "2020-11-05 13:32:27",
        "calendarYear": "2020",
        "period": "Q3",
        "revenue": 1165684000,
        "costOfRevenue": 744329000,
        "grossProfit": 421355000,
        "grossProfitRatio": 0.3614658861,
        "researchAndDevelopmentExpenses": 0,
        "generalAndAdministrativeExpenses": 0,
        "sellingAndMarketingExpenses": 0,
        "sellingGeneralAndAdministrativeExpenses": 231721000,
        "otherExpenses": 51750000,
        "operatingExpenses": 283471000,
        "costAndExpenses": 1027800000,
        "interestIncome": 0,
        "interestExpense": 7783000,
        "depreciationAndAmortization": 44603000,
        "ebitda": 185314000,
        "ebitdaratio": 0.1589744734,
        "operatingIncome": 137884000,
        "operatingIncomeRatio": 0.1182859163,
        "totalOtherIncomeExpensesNet": -4956000,
        "incomeBeforeTax": 132928000,
        "incomeBeforeTaxRatio": 0.1140343352,
        "incomeTaxExpense": 12710000,
        "netIncome": 120218000,
        "netIncomeRatio": 0.1031308657,
        "eps": 0.78,
        "epsdiluted": 0.78,
        "weightedAverageShsOut": 153252000,
        "weightedAverageShsOutDil": 153915000,
        "link": "https://www.sec.gov/Archives/edgar/data/793952/000079395220000104/0000793952-20-000104-index.htm",
        "finalLink": "https://www.sec.gov/Archives/edgar/data/793952/000079395220000104/hog-20200927.htm"
    },
    {
        "date": "2020-06-28",
        "symbol": "HOG",
        "reportedCurrency": "USD",
        "cik": "0000793952",
        "fillingDate": "2020-08-06",
        "acceptedDate": "2020-08-06 11:55:03",
        "calendarYear": "2020",
        "period": "Q2",
        "revenue": 865227000,
        "costOfRevenue": 623833000,
        "grossProfit": 241394000,
        "grossProfitRatio": 0.2789949921,
        "researchAndDevelopmentExpenses": 0,
        "generalAndAdministrativeExpenses": 0,
        "sellingAndMarketingExpenses": 0,
        "sellingGeneralAndAdministrativeExpenses": 224365000,
        "otherExpenses": 133128000,
        "operatingExpenses": 357493000,
        "costAndExpenses": 981326000,
        "interestIncome": 0,
        "interestExpense": 7769000,
        "depreciationAndAmortization": 48027000,
        "ebitda": -62159000,
        "ebitdaratio": -0.0718412625,
        "operatingIncome": -116099000,
        "operatingIncomeRatio": -0.1341832837,
        "totalOtherIncomeExpensesNet": -1856000,
        "incomeBeforeTax": -117955000,
        "incomeBeforeTaxRatio": -0.1363283855,
        "incomeTaxExpense": -25738000,
        "netIncome": -92217000,
        "netIncomeRatio": -0.1065812787,
        "eps": -0.6,
        "epsdiluted": -0.6,
        "weightedAverageShsOut": 153199000,
        "weightedAverageShsOutDil": 153199000,
        "link": "https://www.sec.gov/Archives/edgar/data/793952/000079395220000093/0000793952-20-000093-index.htm",
        "finalLink": "https://www.sec.gov/Archives/edgar/data/793952/000079395220000093/hog-20200628.htm"
    },
    {
        "date": "2020-03-29",
        "symbol": "HOG",
        "reportedCurrency": "USD",
        "cik": "0000793952",
        "fillingDate": "2020-05-07",
        "acceptedDate": "2020-05-07 15:38:42",
        "calendarYear": "2020",
        "period": "Q1",
        "revenue": 1298244000,
        "costOfRevenue": 833341000,
        "grossProfit": 464903000,
        "grossProfitRatio": 0.3581014047,
        "researchAndDevelopmentExpenses": 0,
        "generalAndAdministrativeExpenses": 0,
        "sellingAndMarketingExpenses": 0,
        "sellingGeneralAndAdministrativeExpenses": 277971000,
        "otherExpenses": 79419000,
        "operatingExpenses": 357390000,
        "costAndExpenses": 1190731000,
        "interestIncome": 0,
        "interestExpense": 7755000,
        "depreciationAndAmortization": 47427000,
        "ebitda": 149748000,
        "ebitdaratio": 0.1153465758,
        "operatingIncome": 107513000,
        "operatingIncomeRatio": 0.0828141705,
        "totalOtherIncomeExpensesNet": -12947000,
        "incomeBeforeTax": 94566000,
        "incomeBeforeTaxRatio": 0.0728414689,
        "incomeTaxExpense": 24871000,
        "netIncome": 69695000,
        "netIncomeRatio": 0.0536840532,
        "eps": 0.46,
        "epsdiluted": 0.45,
        "weightedAverageShsOut": 153004000,
        "weightedAverageShsOutDil": 153744000,
        "link": "https://www.sec.gov/Archives/edgar/data/793952/000079395220000055/0000793952-20-000055-index.htm",
        "finalLink": "https://www.sec.gov/Archives/edgar/data/793952/000079395220000055/hog-20200329.htm"
    },
    {
        "date": "2019-12-31",
        "symbol": "HOG",
        "reportedCurrency": "USD",
        "cik": "0000793952",
        "fillingDate": "2020-02-19",
        "acceptedDate": "2020-02-19 13:09:29",
        "calendarYear": "2019",
        "period": "Q4",
        "revenue": 1072271000,
        "costOfRevenue": 705507000,
        "grossProfit": 366764000,
        "grossProfitRatio": 0.3420441288,
        "researchAndDevelopmentExpenses": 0,
        "generalAndAdministrativeExpenses": 0,
        "sellingAndMarketingExpenses": 0,
        "sellingGeneralAndAdministrativeExpenses": 313783000,
        "otherExpenses": 40586000,
        "operatingExpenses": 354369000,
        "costAndExpenses": 1059876000,
        "interestIncome": 0,
        "interestExpense": 7774000,
        "depreciationAndAmortization": 57928000,
        "ebitda": 79381000,
        "ebitdaratio": 0.0740307254,
        "operatingIncome": 12395000,
        "operatingIncomeRatio": 0.0115595778,
        "totalOtherIncomeExpensesNet": 1284000,
        "incomeBeforeTax": 13679000,
        "incomeBeforeTaxRatio": 0.0127570362,
        "incomeTaxExpense": 183000,
        "netIncome": 13496000,
        "netIncomeRatio": 0.0125863704,
        "eps": 0.09,
        "epsdiluted": 0.09,
        "weightedAverageShsOut": 153947000,
        "weightedAverageShsOutDil": 154913000,
        "link": "https://www.sec.gov/Archives/edgar/data/793952/000079395220000008/0000793952-20-000008-index.htm",
        "finalLink": "https://www.sec.gov/Archives/edgar/data/793952/000079395220000008/hog10-k12x31x2019.htm"
    },
    {
        "date": "2019-09-29",
        "symbol": "HOG",
        "reportedCurrency": "USD",
        "cik": "0000793952",
        "fillingDate": "2019-11-07",
        "acceptedDate": "2019-11-07 11:41:30",
        "calendarYear": "2019",
        "period": "Q3",
        "revenue": 1272519000,
        "costOfRevenue": 802268000,
        "grossProfit": 470251000,
        "grossProfitRatio": 0.3695434017,
        "researchAndDevelopmentExpenses": 0,
        "generalAndAdministrativeExpenses": 0,
        "sellingAndMarketingExpenses": 0,
        "sellingGeneralAndAdministrativeExpenses": 309031000,
        "otherExpenses": 41376000,
        "operatingExpenses": 350407000,
        "costAndExpenses": 1152675000,
        "interestIncome": 0,
        "interestExpense": 7789000,
        "depreciationAndAmortization": 49223000,
        "ebitda": 174268000,
        "ebitdaratio": 0.1369472676,
        "operatingIncome": 119844000,
        "operatingIncomeRatio": 0.0941785545,
        "totalOtherIncomeExpensesNet": -2588000,
        "incomeBeforeTax": 117256000,
        "incomeBeforeTaxRatio": 0.0921447931,
        "incomeTaxExpense": 30693000,
        "netIncome": 86563000,
        "netIncomeRatio": 0.0680249175,
        "eps": 0.55,
        "epsdiluted": 0.55,
        "weightedAverageShsOut": 156239000,
        "weightedAverageShsOutDil": 156944000,
        "link": "https://www.sec.gov/Archives/edgar/data/793952/000079395219000050/0000793952-19-000050-index.htm",
        "finalLink": "https://www.sec.gov/Archives/edgar/data/793952/000079395219000050/hog-09292019x10q.htm"
    },
    {
        "date": "2019-06-30",
        "symbol": "HOG",
        "reportedCurrency": "USD",
        "cik": "0000793952",
        "fillingDate": "2019-08-08",
        "acceptedDate": "2019-08-08 10:49:15",
        "calendarYear": "2019",
        "period": "Q2",
        "revenue": 1632619000,
        "costOfRevenue": 1031939000,
        "grossProfit": 600680000,
        "grossProfitRatio": 0.3679241758,
        "researchAndDevelopmentExpenses": 0,
        "generalAndAdministrativeExpenses": 0,
        "sellingAndMarketingExpenses": 0,
        "sellingGeneralAndAdministrativeExpenses": 307617000,
        "otherExpenses": 36806000,
        "operatingExpenses": 344423000,
        "costAndExpenses": 1376362000,
        "interestIncome": 0,
        "interestExpense": 7784000,
        "depreciationAndAmortization": 61014000,
        "ebitda": 324879000,
        "ebitdaratio": 0.198992539,
        "operatingIncome": 256257000,
        "operatingIncomeRatio": 0.1569606871,
        "totalOtherIncomeExpensesNet": -176000,
        "incomeBeforeTax": 256081000,
        "incomeBeforeTaxRatio": 0.1568528848,
        "incomeTaxExpense": 60450000,
        "netIncome": 195631000,
        "netIncomeRatio": 0.1198264874,
        "eps": 1.23,
        "epsdiluted": 1.23,
        "weightedAverageShsOut": 158813000,
        "weightedAverageShsOutDil": 159425000,
        "link": "https://www.sec.gov/Archives/edgar/data/793952/000079395219000042/0000793952-19-000042-index.htm",
        "finalLink": "https://www.sec.gov/Archives/edgar/data/793952/000079395219000042/hog-06302019x10q.htm"
    },
    {
        "date": "2019-03-31",
        "symbol": "HOG",
        "reportedCurrency": "USD",
        "cik": "0000793952",
        "fillingDate": "2019-05-09",
        "acceptedDate": "2019-05-09 10:51:23",
        "calendarYear": "2019",
        "period": "Q1",
        "revenue": 1384380000,
        "costOfRevenue": 900522000,
        "grossProfit": 483858000,
        "grossProfitRatio": 0.3495124171,
        "researchAndDevelopmentExpenses": 0,
        "generalAndAdministrativeExpenses": 0,
        "sellingAndMarketingExpenses": 0,
        "sellingGeneralAndAdministrativeExpenses": 268625000,
        "otherExpenses": 48121000,
        "operatingExpenses": 316746000,
        "costAndExpenses": 1217268000,
        "interestIncome": 0,
        "interestExpense": 7731000,
        "depreciationAndAmortization": 64372000,
        "ebitda": 242502000,
        "ebitdaratio": 0.1751701123,
        "operatingIncome": 167112000,
        "operatingIncomeRatio": 0.1207125211,
        "totalOtherIncomeExpensesNet": 3287000,
        "incomeBeforeTax": 170399000,
        "incomeBeforeTaxRatio": 0.1230868692,
        "incomeTaxExpense": 42454000,
        "netIncome": 127945000,
        "netIncomeRatio": 0.0924204337,
        "eps": 0.8,
        "epsdiluted": 0.8,
        "weightedAverageShsOut": 159311000,
        "weightedAverageShsOutDil": 160026000,
        "link": "https://www.sec.gov/Archives/edgar/data/793952/000079395219000021/0000793952-19-000021-index.htm",
        "finalLink": "https://www.sec.gov/Archives/edgar/data/793952/000079395219000021/hog-03312019x10q.htm"
    },
    {
        "date": "2018-12-31",
        "symbol": "HOG",
        "reportedCurrency": "USD",
        "cik": "0000793952",
        "fillingDate": "2019-02-28",
        "acceptedDate": "2019-02-28 09:17:31",
        "calendarYear": "2018",
        "period": "Q4",
        "revenue": 1145862000,
        "costOfRevenue": 740154000,
        "grossProfit": 405708000,
        "grossProfitRatio": 0.3540635783,
        "researchAndDevelopmentExpenses": 0,
        "generalAndAdministrativeExpenses": 0,
        "sellingAndMarketingExpenses": 0,
        "sellingGeneralAndAdministrativeExpenses": 348200000,
        "otherExpenses": 53765000,
        "operatingExpenses": 401965000,
        "costAndExpenses": 1142119000,
        "interestIncome": 0,
        "interestExpense": 7704000,
        "depreciationAndAmortization": 68402000,
        "ebitda": 71996000,
        "ebitdaratio": 0.0628313008,
        "operatingIncome": 3743000,
        "operatingIncomeRatio": 0.0032665365,
        "totalOtherIncomeExpensesNet": -7853000,
        "incomeBeforeTax": -4110000,
        "incomeBeforeTaxRatio": -0.0035868194,
        "incomeTaxExpense": -4605000,
        "netIncome": 495000,
        "netIncomeRatio": 0.0004319892,
        "eps": 0.0031,
        "epsdiluted": 0.003,
        "weightedAverageShsOut": 162073000,
        "weightedAverageShsOutDil": 163014000,
        "link": "https://www.sec.gov/Archives/edgar/data/793952/000079395219000008/0000793952-19-000008-index.htm",
        "finalLink": "https://www.sec.gov/Archives/edgar/data/793952/000079395219000008/hog12-31x201810xk.htm"
    },
    {
        "date": "2018-09-30",
        "symbol": "HOG",
        "reportedCurrency": "USD",
        "cik": "0000793952",
        "fillingDate": "2018-11-08",
        "acceptedDate": "2018-11-08 11:58:06",
        "calendarYear": "2018",
        "period": "Q3",
        "revenue": 1315669000,
        "costOfRevenue": 821226000,
        "grossProfit": 494443000,
        "grossProfitRatio": 0.3758110893,
        "researchAndDevelopmentExpenses": 0,
        "generalAndAdministrativeExpenses": 0,
        "sellingAndMarketingExpenses": 0,
        "sellingGeneralAndAdministrativeExpenses": 306665000,
        "otherExpenses": 38362000,
        "operatingExpenses": 345027000,
        "costAndExpenses": 1166253000,
        "interestIncome": 0,
        "interestExpense": 7762000,
        "depreciationAndAmortization": 66400000,
        "ebitda": 215354000,
        "ebitdaratio": 0.1636840269,
        "operatingIncome": 149416000,
        "operatingIncomeRatio": 0.1135665582,
        "totalOtherIncomeExpensesNet": -8224000,
        "incomeBeforeTax": 141192000,
        "incomeBeforeTaxRatio": 0.1073157458,
        "incomeTaxExpense": 27337000,
        "netIncome": 113855000,
        "netIncomeRatio": 0.0865377234,
        "eps": 0.69,
        "epsdiluted": 0.68,
        "weightedAverageShsOut": 165927000,
        "weightedAverageShsOutDil": 166664000,
        "link": "https://www.sec.gov/Archives/edgar/data/793952/000079395218000057/0000793952-18-000057-index.htm",
        "finalLink": "https://www.sec.gov/Archives/edgar/data/793952/000079395218000057/hog-09302018x10q.htm"
    },
    {
        "date": "2018-07-01",
        "symbol": "HOG",
        "reportedCurrency": "USD",
        "cik": "0000793952",
        "fillingDate": "2018-08-09",
        "acceptedDate": "2018-08-09 14:07:11",
        "calendarYear": "2018",
        "period": "Q2",
        "revenue": 1713223000,
        "costOfRevenue": 1044979000,
        "grossProfit": 668244000,
        "grossProfitRatio": 0.390050799,
        "researchAndDevelopmentExpenses": 0,
        "generalAndAdministrativeExpenses": 0,
        "sellingAndMarketingExpenses": 0,
        "sellingGeneralAndAdministrativeExpenses": 313047000,
        "otherExpenses": 31250000,
        "operatingExpenses": 344297000,
        "costAndExpenses": 1389276000,
        "interestIncome": 0,
        "interestExpense": 7728000,
        "depreciationAndAmortization": 67588000,
        "ebitda": 394713000,
        "ebitdaratio": 0.2303920739,
        "operatingIncome": 323947000,
        "operatingIncomeRatio": 0.1890863011,
        "totalOtherIncomeExpensesNet": -4550000,
        "incomeBeforeTax": 319397000,
        "incomeBeforeTaxRatio": 0.186430488,
        "incomeTaxExpense": 77059000,
        "netIncome": 242338000,
        "netIncomeRatio": 0.1414515215,
        "eps": 1.45,
        "epsdiluted": 1.45,
        "weightedAverageShsOut": 166589000,
        "weightedAverageShsOutDil": 167204000,
        "link": "https://www.sec.gov/Archives/edgar/data/793952/000079395218000050/0000793952-18-000050-index.htm",
        "finalLink": "https://www.sec.gov/Archives/edgar/data/793952/000079395218000050/hog-07012018x10q.htm"
    },
    {
        "date": "2018-04-01",
        "symbol": "HOG",
        "reportedCurrency": "USD",
        "cik": "0000793952",
        "fillingDate": "2018-05-10",
        "acceptedDate": "2018-05-10 15:54:15",
        "calendarYear": "2018",
        "period": "Q1",
        "revenue": 1542121000,
        "costOfRevenue": 938624000,
        "grossProfit": 603497000,
        "grossProfitRatio": 0.3913421839,
        "researchAndDevelopmentExpenses": 0,
        "generalAndAdministrativeExpenses": 0,
        "sellingAndMarketingExpenses": 0,
        "sellingGeneralAndAdministrativeExpenses": 290186000,
        "otherExpenses": 76894000,
        "operatingExpenses": 367080000,
        "costAndExpenses": 1305704000,
        "interestIncome": 0,
        "interestExpense": 7690000,
        "depreciationAndAmortization": 62473000,
        "ebitda": 300313000,
        "ebitdaratio": 0.1947402311,
        "operatingIncome": 236417000,
        "operatingIncomeRatio": 0.1533063878,
        "totalOtherIncomeExpensesNet": -6267000,
        "incomeBeforeTax": 230150000,
        "incomeBeforeTaxRatio": 0.1492425043,
        "incomeTaxExpense": 55387000,
        "netIncome": 174763000,
        "netIncomeRatio": 0.1133263862,
        "eps": 1.04,
        "epsdiluted": 1.03,
        "weightedAverageShsOut": 168139000,
        "weightedAverageShsOutDil": 169174000,
        "link": "https://www.sec.gov/Archives/edgar/data/793952/000079395218000024/0000793952-18-000024-index.htm",
        "finalLink": "https://www.sec.gov/Archives/edgar/data/793952/000079395218000024/hog-04012018x10q.htm"
    },
    {
        "date": "2017-12-31",
        "symbol": "HOG",
        "reportedCurrency": "USD",
        "cik": "0000793952",
        "fillingDate": "2018-02-21",
        "acceptedDate": "2018-02-21 16:29:55",
        "calendarYear": "2017",
        "period": "Q4",
        "revenue": 1228928000,
        "costOfRevenue": 770111000,
        "grossProfit": 458817000,
        "grossProfitRatio": 0.3733473401,
        "researchAndDevelopmentExpenses": 0,
        "generalAndAdministrativeExpenses": 0,
        "sellingAndMarketingExpenses": 0,
        "sellingGeneralAndAdministrativeExpenses": 323937000,
        "otherExpenses": 33385000,
        "operatingExpenses": 357322000,
        "costAndExpenses": 1127433000,
        "interestIncome": 0,
        "interestExpense": 7709000,
        "depreciationAndAmortization": 58214000,
        "ebitda": 160750000,
        "ebitdaratio": 0.1308050594,
        "operatingIncome": 101495000,
        "operatingIncomeRatio": 0.0825882395,
        "totalOtherIncomeExpensesNet": -6668000,
        "incomeBeforeTax": 94827000,
        "incomeBeforeTaxRatio": 0.0771623724,
        "incomeTaxExpense": 86513000,
        "netIncome": 8314000,
        "netIncomeRatio": 0.0067652458,
        "eps": 0.05,
        "epsdiluted": 0.05,
        "weightedAverageShsOut": 168271000,
        "weightedAverageShsOutDil": 169195000,
        "link": "https://www.sec.gov/Archives/edgar/data/793952/000079395218000012/0000793952-18-000012-index.htm",
        "finalLink": "https://www.sec.gov/Archives/edgar/data/793952/000079395218000012/hog12-31x201710xk.htm"
    },
    {
        "date": "2017-09-24",
        "symbol": "HOG",
        "reportedCurrency": "USD",
        "cik": "0000793952",
        "fillingDate": "2017-11-02",
        "acceptedDate": "2017-11-02 15:02:08",
        "calendarYear": "2017",
        "period": "Q3",
        "revenue": 1151195000,
        "costOfRevenue": 733992000,
        "grossProfit": 417203000,
        "grossProfitRatio": 0.3624086276,
        "researchAndDevelopmentExpenses": 0,
        "generalAndAdministrativeExpenses": 0,
        "sellingAndMarketingExpenses": 0,
        "sellingGeneralAndAdministrativeExpenses": 293538000,
        "otherExpenses": 29253000,
        "operatingExpenses": 322791000,
        "costAndExpenses": 1056783000,
        "interestIncome": 0,
        "interestExpense": 7896000,
        "depreciationAndAmortization": 56396000,
        "ebitda": 154187000,
        "ebitdaratio": 0.1339364747,
        "operatingIncome": 94412000,
        "operatingIncomeRatio": 0.08201217,
        "totalOtherIncomeExpensesNet": -4517000,
        "incomeBeforeTax": 89895000,
        "incomeBeforeTaxRatio": 0.0780884212,
        "incomeTaxExpense": 21686000,
        "netIncome": 68209000,
        "netIncomeRatio": 0.0592506048,
        "eps": 0.4,
        "epsdiluted": 0.4,
        "weightedAverageShsOut": 169850000,
        "weightedAverageShsOutDil": 170688000,
        "link": "https://www.sec.gov/Archives/edgar/data/793952/000079395217000056/0000793952-17-000056-index.htm",
        "finalLink": "https://www.sec.gov/Archives/edgar/data/793952/000079395217000056/hog-09242017x10q.htm"
    },
    {
        "date": "2017-06-25",
        "symbol": "HOG",
        "reportedCurrency": "USD",
        "cik": "0000793952",
        "fillingDate": "2017-08-03",
        "acceptedDate": "2017-08-03 14:01:13",
        "calendarYear": "2017",
        "period": "Q2",
        "revenue": 1765169000,
        "costOfRevenue": 1048581000,
        "grossProfit": 716588000,
        "grossProfitRatio": 0.4059599959,
        "researchAndDevelopmentExpenses": 0,
        "generalAndAdministrativeExpenses": 0,
        "sellingAndMarketingExpenses": 0,
        "sellingGeneralAndAdministrativeExpenses": 291084000,
        "otherExpenses": 26217000,
        "operatingExpenses": 317301000,
        "costAndExpenses": 1365882000,
        "interestIncome": 0,
        "interestExpense": 7726000,
        "depreciationAndAmortization": 52678000,
        "ebitda": 454837000,
        "ebitdaratio": 0.2576733446,
        "operatingIncome": 399287000,
        "operatingIncomeRatio": 0.2262032701,
        "totalOtherIncomeExpensesNet": -4854000,
        "incomeBeforeTax": 394433000,
        "incomeBeforeTaxRatio": 0.2234533917,
        "incomeTaxExpense": 135566000,
        "netIncome": 258867000,
        "netIncomeRatio": 0.1466528134,
        "eps": 1.48,
        "epsdiluted": 1.48,
        "weightedAverageShsOut": 174409000,
        "weightedAverageShsOutDil": 175324000,
        "link": "https://www.sec.gov/Archives/edgar/data/793952/000079395217000040/0000793952-17-000040-index.htm",
        "finalLink": "https://www.sec.gov/Archives/edgar/data/793952/000079395217000040/hog-06252017x10q.htm"
    },
    {
        "date": "2017-03-26",
        "symbol": "HOG",
        "reportedCurrency": "USD",
        "cik": "0000793952",
        "fillingDate": "2017-05-04",
        "acceptedDate": "2017-05-04 11:39:09",
        "calendarYear": "2017",
        "period": "Q1",
        "revenue": 1501932000,
        "costOfRevenue": 897177000,
        "grossProfit": 604755000,
        "grossProfitRatio": 0.402651385,
        "researchAndDevelopmentExpenses": 0,
        "generalAndAdministrativeExpenses": 0,
        "sellingAndMarketingExpenses": 0,
        "sellingGeneralAndAdministrativeExpenses": 271984000,
        "otherExpenses": 43589000,
        "operatingExpenses": 315573000,
        "costAndExpenses": 1212750000,
        "interestIncome": 0,
        "interestExpense": 7673000,
        "depreciationAndAmortization": 54900000,
        "ebitda": 347257000,
        "ebitdaratio": 0.2312068722,
        "operatingIncome": 289182000,
        "operatingIncomeRatio": 0.1925400085,
        "totalOtherIncomeExpensesNet": -4498000,
        "incomeBeforeTax": 284684000,
        "incomeBeforeTaxRatio": 0.1895451991,
        "incomeTaxExpense": 98315000,
        "netIncome": 186369000,
        "netIncomeRatio": 0.124086177,
        "eps": 1.06,
        "epsdiluted": 1.05,
        "weightedAverageShsOut": 176001000,
        "weightedAverageShsOutDil": 177070000,
        "link": "https://www.sec.gov/Archives/edgar/data/793952/000079395217000018/0000793952-17-000018-index.htm",
        "finalLink": "https://www.sec.gov/Archives/edgar/data/793952/000079395217000018/hog-03262017x10q.htm"
    },
    {
        "date": "2016-12-31",
        "symbol": "HOG",
        "reportedCurrency": "USD",
        "cik": "0000793952",
        "fillingDate": "2017-02-21",
        "acceptedDate": "2017-02-21 16:01:23",
        "calendarYear": "2016",
        "period": "Q4",
        "revenue": 1110600000,
        "costOfRevenue": 688583000,
        "grossProfit": 422017000,
        "grossProfitRatio": 0.3799900954,
        "researchAndDevelopmentExpenses": 0,
        "generalAndAdministrativeExpenses": 0,
        "sellingAndMarketingExpenses": 0,
        "sellingGeneralAndAdministrativeExpenses": 313117000,
        "otherExpenses": 39490000,
        "operatingExpenses": 352607000,
        "costAndExpenses": 1041190000,
        "interestIncome": 0,
        "interestExpense": 7702000,
        "depreciationAndAmortization": 54990000,
        "ebitda": 125291000,
        "ebitdaratio": 0.1128137943,
        "operatingIncome": 69410000,
        "operatingIncomeRatio": 0.062497749,
        "totalOtherIncomeExpensesNet": -6811000,
        "incomeBeforeTax": 62599000,
        "incomeBeforeTaxRatio": 0.0563650279,
        "incomeTaxExpense": 15420000,
        "netIncome": 47179000,
        "netIncomeRatio": 0.0424806411,
        "eps": 0.27,
        "epsdiluted": 0.27,
        "weightedAverageShsOut": 176616000,
        "weightedAverageShsOutDil": 177642000,
        "link": "https://www.sec.gov/Archives/edgar/data/793952/000079395217000007/0000793952-17-000007-index.htm",
        "finalLink": "https://www.sec.gov/Archives/edgar/data/793952/000079395217000007/hog12-31x201610xk.htm"
    },
    {
        "date": "2016-09-25",
        "symbol": "HOG",
        "reportedCurrency": "USD",
        "cik": "0000793952",
        "fillingDate": "2016-11-03",
        "acceptedDate": "2016-11-03 16:02:57",
        "calendarYear": "2016",
        "period": "Q3",
        "revenue": 1274813000,
        "costOfRevenue": 767184000,
        "grossProfit": 507629000,
        "grossProfitRatio": 0.3981987946,
        "researchAndDevelopmentExpenses": 0,
        "generalAndAdministrativeExpenses": 0,
        "sellingAndMarketingExpenses": 0,
        "sellingGeneralAndAdministrativeExpenses": 292710000,
        "otherExpenses": 36543000,
        "operatingExpenses": 329253000,
        "costAndExpenses": 1096437000,
        "interestIncome": 0,
        "interestExpense": 7706000,
        "depreciationAndAmortization": 53609000,
        "ebitda": 234285000,
        "ebitdaratio": 0.1837798956,
        "operatingIncome": 178376000,
        "operatingIncomeRatio": 0.1399232672,
        "totalOtherIncomeExpensesNet": -5406000,
        "incomeBeforeTax": 172970000,
        "incomeBeforeTaxRatio": 0.1356826452,
        "incomeTaxExpense": 58905000,
        "netIncome": 114065000,
        "netIncomeRatio": 0.0894758682,
        "eps": 0.64,
        "epsdiluted": 0.64,
        "weightedAverageShsOut": 178438000,
        "weightedAverageShsOutDil": 179320000,
        "link": "https://www.sec.gov/Archives/edgar/data/793952/000079395216000104/0000793952-16-000104-index.htm",
        "finalLink": "https://www.sec.gov/Archives/edgar/data/793952/000079395216000104/hog-09252016x10q.htm"
    },
    {
        "date": "2016-06-26",
        "symbol": "HOG",
        "reportedCurrency": "USD",
        "cik": "0000793952",
        "fillingDate": "2016-08-04",
        "acceptedDate": "2016-08-04 13:22:30",
        "calendarYear": "2016",
        "period": "Q2",
        "revenue": 1861077000,
        "costOfRevenue": 1105450000,
        "grossProfit": 755627000,
        "grossProfitRatio": 0.4060159789,
        "researchAndDevelopmentExpenses": 0,
        "generalAndAdministrativeExpenses": 0,
        "sellingAndMarketingExpenses": 0,
        "sellingGeneralAndAdministrativeExpenses": 319844000,
        "otherExpenses": 23461000,
        "operatingExpenses": 343305000,
        "costAndExpenses": 1448755000,
        "interestIncome": 0,
        "interestExpense": 7094000,
        "depreciationAndAmortization": 50929000,
        "ebitda": 463939000,
        "ebitdaratio": 0.2492852257,
        "operatingIncome": 412322000,
        "operatingIncomeRatio": 0.2215502099,
        "totalOtherIncomeExpensesNet": -6406000,
        "incomeBeforeTax": 405916000,
        "incomeBeforeTaxRatio": 0.218108117,
        "incomeTaxExpense": 125485000,
        "netIncome": 280431000,
        "netIncomeRatio": 0.150682105,
        "eps": 1.55,
        "epsdiluted": 1.55,
        "weightedAverageShsOut": 180587000,
        "weightedAverageShsOutDil": 181339000,
        "link": "https://www.sec.gov/Archives/edgar/data/793952/000079395216000087/0000793952-16-000087-index.htm",
        "finalLink": "https://www.sec.gov/Archives/edgar/data/793952/000079395216000087/hog-06262016x10q.htm"
    },
    {
        "date": "2016-03-27",
        "symbol": "HOG",
        "reportedCurrency": "USD",
        "cik": "0000793952",
        "fillingDate": "2016-05-05",
        "acceptedDate": "2016-05-05 11:26:00",
        "calendarYear": "2016",
        "period": "Q1",
        "revenue": 1749968000,
        "costOfRevenue": 1032249000,
        "grossProfit": 717719000,
        "grossProfitRatio": 0.4101326424,
        "researchAndDevelopmentExpenses": 0,
        "generalAndAdministrativeExpenses": 0,
        "sellingAndMarketingExpenses": 0,
        "sellingGeneralAndAdministrativeExpenses": 291768000,
        "otherExpenses": 37123000,
        "operatingExpenses": 328891000,
        "costAndExpenses": 1361140000,
        "interestIncome": 0,
        "interestExpense": 7168000,
        "depreciationAndAmortization": 50027000,
        "ebitda": 439621000,
        "ebitdaratio": 0.2512165937,
        "operatingIncome": 388828000,
        "operatingIncomeRatio": 0.2221914915,
        "totalOtherIncomeExpensesNet": -6402000,
        "incomeBeforeTax": 382426000,
        "incomeBeforeTaxRatio": 0.2185331389,
        "incomeTaxExpense": 131937000,
        "netIncome": 250489000,
        "netIncomeRatio": 0.1431391888,
        "eps": 1.37,
        "epsdiluted": 1.36,
        "weightedAverageShsOut": 183429000,
        "weightedAverageShsOutDil": 184204000,
        "link": "https://www.sec.gov/Archives/edgar/data/793952/000079395216000061/0000793952-16-000061-index.htm",
        "finalLink": "https://www.sec.gov/Archives/edgar/data/793952/000079395216000061/hog-03272016x10q.htm"
    },
    {
        "date": "2015-12-31",
        "symbol": "HOG",
        "reportedCurrency": "USD",
        "cik": "0000793952",
        "fillingDate": "2016-02-18",
        "acceptedDate": "2016-02-18 16:44:45",
        "calendarYear": "2015",
        "period": "Q4",
        "revenue": 1180635000,
        "costOfRevenue": 727183000,
        "grossProfit": 453452000,
        "grossProfitRatio": 0.3840746717,
        "researchAndDevelopmentExpenses": 0,
        "generalAndAdministrativeExpenses": 0,
        "sellingAndMarketingExpenses": 0,
        "sellingGeneralAndAdministrativeExpenses": 353537000,
        "otherExpenses": 32690000,
        "operatingExpenses": 386227000,
        "costAndExpenses": 1113410000,
        "interestIncome": 0,
        "interestExpense": 7220000,
        "depreciationAndAmortization": 56050000,
        "ebitda": 123877000,
        "ebitdaratio": 0.1049240451,
        "operatingIncome": 67225000,
        "operatingIncomeRatio": 0.0569396977,
        "totalOtherIncomeExpensesNet": -6618000,
        "incomeBeforeTax": 60607000,
        "incomeBeforeTaxRatio": 0.0513342396,
        "incomeTaxExpense": 18411000,
        "netIncome": 42196000,
        "netIncomeRatio": 0.035740089,
        "eps": 0.22,
        "epsdiluted": 0.22,
        "weightedAverageShsOut": 189681000,
        "weightedAverageShsOutDil": 190621000,
        "link": "https://www.sec.gov/Archives/edgar/data/793952/000079395216000047/0000793952-16-000047-index.htm",
        "finalLink": "https://www.sec.gov/Archives/edgar/data/793952/000079395216000047/hog12-31x201510xk.htm"
    },
    {
        "date": "2015-09-27",
        "symbol": "HOG",
        "reportedCurrency": "USD",
        "cik": "0000793952",
        "fillingDate": "2015-11-05",
        "acceptedDate": "2015-11-05 12:51:13",
        "calendarYear": "2015",
        "period": "Q3",
        "revenue": 1317430000,
        "costOfRevenue": 787496000,
        "grossProfit": 529934000,
        "grossProfitRatio": 0.4022483168,
        "researchAndDevelopmentExpenses": 0,
        "generalAndAdministrativeExpenses": 0,
        "sellingAndMarketingExpenses": 0,
        "sellingGeneralAndAdministrativeExpenses": 286865000,
        "otherExpenses": 27233000,
        "operatingExpenses": 314098000,
        "costAndExpenses": 1101594000,
        "interestIncome": 0,
        "interestExpense": 4879000,
        "depreciationAndAmortization": 48384000,
        "ebitda": 267431000,
        "ebitdaratio": 0.2029944665,
        "operatingIncome": 215836000,
        "operatingIncomeRatio": 0.1638310954,
        "totalOtherIncomeExpensesNet": -1668000,
        "incomeBeforeTax": 214168000,
        "incomeBeforeTaxRatio": 0.162564994,
        "incomeTaxExpense": 73821000,
        "netIncome": 140347000,
        "netIncomeRatio": 0.1065308973,
        "eps": 0.69,
        "epsdiluted": 0.69,
        "weightedAverageShsOut": 203598000,
        "weightedAverageShsOutDil": 204580000,
        "link": "https://www.sec.gov/Archives/edgar/data/793952/000079395215000041/0000793952-15-000041-index.htm",
        "finalLink": "https://www.sec.gov/Archives/edgar/data/793952/000079395215000041/hog-09272015x10q.htm"
    },
    {
        "date": "2015-06-28",
        "symbol": "HOG",
        "reportedCurrency": "USD",
        "cik": "0000793952",
        "fillingDate": "2015-08-06",
        "acceptedDate": "2015-08-06 10:59:13",
        "calendarYear": "2015",
        "period": "Q2",
        "revenue": 1824392000,
        "costOfRevenue": 1044757000,
        "grossProfit": 779635000,
        "grossProfitRatio": 0.4273396288,
        "researchAndDevelopmentExpenses": 0,
        "generalAndAdministrativeExpenses": 0,
        "sellingAndMarketingExpenses": 0,
        "sellingGeneralAndAdministrativeExpenses": 301944000,
        "otherExpenses": 15175000,
        "operatingExpenses": 317119000,
        "costAndExpenses": 1361876000,
        "interestIncome": 0,
        "interestExpense": 9000,
        "depreciationAndAmortization": 47612000,
        "ebitda": 511578000,
        "ebitdaratio": 0.2804101312,
        "operatingIncome": 462516000,
        "operatingIncomeRatio": 0.2535178843,
        "totalOtherIncomeExpensesNet": 1441000,
        "incomeBeforeTax": 463957000,
        "incomeBeforeTaxRatio": 0.2543077365,
        "incomeTaxExpense": 164147000,
        "netIncome": 299810000,
        "netIncomeRatio": 0.1643342001,
        "eps": 1.44,
        "epsdiluted": 1.44,
        "weightedAverageShsOut": 207650000,
        "weightedAverageShsOutDil": 208590000,
        "link": "https://www.sec.gov/Archives/edgar/data/793952/000079395215000034/0000793952-15-000034-index.htm",
        "finalLink": "https://www.sec.gov/Archives/edgar/data/793952/000079395215000034/hog-06282015x10q.htm"
    },
    {
        "date": "2015-03-29",
        "symbol": "HOG",
        "reportedCurrency": "USD",
        "cik": "0000793952",
        "fillingDate": "2015-05-07",
        "acceptedDate": "2015-05-07 11:42:15",
        "calendarYear": "2015",
        "period": "Q1",
        "revenue": 1672945000,
        "costOfRevenue": 958831000,
        "grossProfit": 714114000,
        "grossProfitRatio": 0.4268604168,
        "researchAndDevelopmentExpenses": 0,
        "generalAndAdministrativeExpenses": 0,
        "sellingAndMarketingExpenses": 0,
        "sellingGeneralAndAdministrativeExpenses": 277749000,
        "otherExpenses": 26247000,
        "operatingExpenses": 303996000,
        "costAndExpenses": 1262827000,
        "interestIncome": 0,
        "interestExpense": 9000,
        "depreciationAndAmortization": 46028000,
        "ebitda": 457468000,
        "ebitdaratio": 0.2734507112,
        "operatingIncome": 410118000,
        "operatingIncomeRatio": 0.24514733,
        "totalOtherIncomeExpensesNet": 1313000,
        "incomeBeforeTax": 411431000,
        "incomeBeforeTaxRatio": 0.2459321735,
        "incomeTaxExpense": 141577000,
        "netIncome": 269854000,
        "netIncomeRatio": 0.161304765,
        "eps": 1.28,
        "epsdiluted": 1.27,
        "weightedAverageShsOut": 210629000,
        "weightedAverageShsOutDil": 211788000,
        "link": "https://www.sec.gov/Archives/edgar/data/793952/000079395215000023/0000793952-15-000023-index.htm",
        "finalLink": "https://www.sec.gov/Archives/edgar/data/793952/000079395215000023/hog-03292015x10q.htm"
    },
    {
        "date": "2014-12-31",
        "symbol": "HOG",
        "reportedCurrency": "USD",
        "cik": "0000793952",
        "fillingDate": "2015-02-19",
        "acceptedDate": "2015-02-19 11:57:16",
        "calendarYear": "2014",
        "period": "Q4",
        "revenue": 1200157000,
        "costOfRevenue": 761677000,
        "grossProfit": 438480000,
        "grossProfitRatio": 0.3653521998,
        "researchAndDevelopmentExpenses": 0,
        "generalAndAdministrativeExpenses": 0,
        "sellingAndMarketingExpenses": 0,
        "sellingGeneralAndAdministrativeExpenses": 316990000,
        "otherExpenses": 23157000,
        "operatingExpenses": 340147000,
        "costAndExpenses": 1101824000,
        "interestIncome": 0,
        "interestExpense": 15000,
        "depreciationAndAmortization": 48612000,
        "ebitda": 148504000,
        "ebitdaratio": 0.1237371444,
        "operatingIncome": 98333000,
        "operatingIncomeRatio": 0.081933447,
        "totalOtherIncomeExpensesNet": 1544000,
        "incomeBeforeTax": 99877000,
        "incomeBeforeTaxRatio": 0.0832199454,
        "incomeTaxExpense": 25402000,
        "netIncome": 74475000,
        "netIncomeRatio": 0.0620543812,
        "eps": 0.35,
        "epsdiluted": 0.35,
        "weightedAverageShsOut": 213064000,
        "weightedAverageShsOutDil": 214439000,
        "link": "https://www.sec.gov/Archives/edgar/data/793952/000079395215000009/0000793952-15-000009-index.htm",
        "finalLink": "https://www.sec.gov/Archives/edgar/data/793952/000079395215000009/hog12-31x201410xk.htm"
    },
    {
        "date": "2014-09-28",
        "symbol": "HOG",
        "reportedCurrency": "USD",
        "cik": "0000793952",
        "fillingDate": "2014-11-06",
        "acceptedDate": "2014-11-06 10:48:04",
        "calendarYear": "2014",
        "period": "Q3",
        "revenue": 1301604000,
        "costOfRevenue": 776099000,
        "grossProfit": 525505000,
        "grossProfitRatio": 0.4037364667,
        "researchAndDevelopmentExpenses": 0,
        "generalAndAdministrativeExpenses": 0,
        "sellingAndMarketingExpenses": 0,
        "sellingGeneralAndAdministrativeExpenses": 279935000,
        "otherExpenses": 21497000,
        "operatingExpenses": 301432000,
        "costAndExpenses": 1077531000,
        "interestIncome": 0,
        "interestExpense": 77000,
        "depreciationAndAmortization": 43565000,
        "ebitda": 269147000,
        "ebitdaratio": 0.2067810179,
        "operatingIncome": 224073000,
        "operatingIncomeRatio": 0.1721514378,
        "totalOtherIncomeExpensesNet": 1432000,
        "incomeBeforeTax": 225505000,
        "incomeBeforeTaxRatio": 0.1732516188,
        "incomeTaxExpense": 75439000,
        "netIncome": 150066000,
        "netIncomeRatio": 0.1152931306,
        "eps": 0.7,
        "epsdiluted": 0.69,
        "weightedAverageShsOut": 215572000,
        "weightedAverageShsOutDil": 216893000,
        "link": "https://www.sec.gov/Archives/edgar/data/793952/000079395214000045/0000793952-14-000045-index.htm",
        "finalLink": "https://www.sec.gov/Archives/edgar/data/793952/000079395214000045/hog-09282014x10q.htm"
    },
    {
        "date": "2014-06-29",
        "symbol": "HOG",
        "reportedCurrency": "USD",
        "cik": "0000793952",
        "fillingDate": "2014-08-07",
        "acceptedDate": "2014-08-07 10:22:09",
        "calendarYear": "2014",
        "period": "Q2",
        "revenue": 2000699000,
        "costOfRevenue": 1150887000,
        "grossProfit": 849812000,
        "grossProfitRatio": 0.4247575472,
        "researchAndDevelopmentExpenses": 0,
        "generalAndAdministrativeExpenses": 0,
        "sellingAndMarketingExpenses": 0,
        "sellingGeneralAndAdministrativeExpenses": 286156000,
        "otherExpenses": 15961000,
        "operatingExpenses": 302117000,
        "costAndExpenses": 1453004000,
        "interestIncome": 0,
        "interestExpense": 393000,
        "depreciationAndAmortization": 43725000,
        "ebitda": 593192000,
        "ebitdaratio": 0.2964923759,
        "operatingIncome": 547695000,
        "operatingIncomeRatio": 0.2737518237,
        "totalOtherIncomeExpensesNet": 1379000,
        "incomeBeforeTax": 549074000,
        "incomeBeforeTaxRatio": 0.2744410828,
        "incomeTaxExpense": 194921000,
        "netIncome": 354153000,
        "netIncomeRatio": 0.1770146334,
        "eps": 1.63,
        "epsdiluted": 1.62,
        "weightedAverageShsOut": 217762000,
        "weightedAverageShsOutDil": 219161000,
        "link": "https://www.sec.gov/Archives/edgar/data/793952/000079395214000039/0000793952-14-000039-index.htm",
        "finalLink": "https://www.sec.gov/Archives/edgar/data/793952/000079395214000039/hog-06292014x10q.htm"
    },
    {
        "date": "2014-03-30",
        "symbol": "HOG",
        "reportedCurrency": "USD",
        "cik": "0000793952",
        "fillingDate": "2014-05-08",
        "acceptedDate": "2014-05-08 11:43:05",
        "calendarYear": "2014",
        "period": "Q1",
        "revenue": 1726048000,
        "costOfRevenue": 1018414000,
        "grossProfit": 707634000,
        "grossProfitRatio": 0.4099735349,
        "researchAndDevelopmentExpenses": 0,
        "generalAndAdministrativeExpenses": 0,
        "sellingAndMarketingExpenses": 0,
        "sellingGeneralAndAdministrativeExpenses": 276421000,
        "otherExpenses": 20331000,
        "operatingExpenses": 296752000,
        "costAndExpenses": 1315166000,
        "interestIncome": 0,
        "interestExpense": 3677000,
        "depreciationAndAmortization": 43398000,
        "ebitda": 455939000,
        "ebitdaratio": 0.2641519819,
        "operatingIncome": 410882000,
        "operatingIncomeRatio": 0.2380478411,
        "totalOtherIncomeExpensesNet": -2018000,
        "incomeBeforeTax": 408864000,
        "incomeBeforeTaxRatio": 0.2368786963,
        "incomeTaxExpense": 142947000,
        "netIncome": 265917000,
        "netIncomeRatio": 0.1540611849,
        "eps": 1.21,
        "epsdiluted": 1.21,
        "weightedAverageShsOut": 218986000,
        "weightedAverageShsOutDil": 220493000,
        "link": "https://www.sec.gov/Archives/edgar/data/793952/000079395214000026/0000793952-14-000026-index.htm",
        "finalLink": "https://www.sec.gov/Archives/edgar/data/793952/000079395214000026/hog-03302014x10q.htm"
    },
    {
        "date": "2013-12-31",
        "symbol": "HOG",
        "reportedCurrency": "USD",
        "cik": "0000793952",
        "fillingDate": "2014-02-20",
        "acceptedDate": "2014-02-20 13:23:40",
        "calendarYear": "2013",
        "period": "Q4",
        "revenue": 1190634000,
        "costOfRevenue": 747034000,
        "grossProfit": 443600000,
        "grossProfitRatio": 0.3725746115,
        "researchAndDevelopmentExpenses": 0,
        "generalAndAdministrativeExpenses": 0,
        "sellingAndMarketingExpenses": 0,
        "sellingGeneralAndAdministrativeExpenses": 300985000,
        "otherExpenses": 20579000,
        "operatingExpenses": 321564000,
        "costAndExpenses": 1068598000,
        "interestIncome": 0,
        "interestExpense": 11258000,
        "depreciationAndAmortization": 44414000,
        "ebitda": 167763000,
        "ebitdaratio": 0.140902242,
        "operatingIncome": 122036000,
        "operatingIncomeRatio": 0.102496653,
        "totalOtherIncomeExpensesNet": -9945000,
        "incomeBeforeTax": 112091000,
        "incomeBeforeTaxRatio": 0.0941439603,
        "incomeTaxExpense": 36682000,
        "netIncome": 75409000,
        "netIncomeRatio": 0.0633351643,
        "eps": 0.34,
        "epsdiluted": 0.34,
        "weightedAverageShsOut": 220546000,
        "weightedAverageShsOutDil": 222241000,
        "link": "https://www.sec.gov/Archives/edgar/data/793952/000079395214000006/0000793952-14-000006-index.htm",
        "finalLink": "https://www.sec.gov/Archives/edgar/data/793952/000079395214000006/hog12-31x201310xk.htm"
    },
    {
        "date": "2013-09-29",
        "symbol": "HOG",
        "reportedCurrency": "USD",
        "cik": "0000793952",
        "fillingDate": "2013-11-06",
        "acceptedDate": "2013-11-06 16:40:56",
        "calendarYear": "2013",
        "period": "Q3",
        "revenue": 1343718000,
        "costOfRevenue": 803913000,
        "grossProfit": 539805000,
        "grossProfitRatio": 0.4017249155,
        "researchAndDevelopmentExpenses": 0,
        "generalAndAdministrativeExpenses": 0,
        "sellingAndMarketingExpenses": 0,
        "sellingGeneralAndAdministrativeExpenses": 273016000,
        "otherExpenses": 15250000,
        "operatingExpenses": 288266000,
        "costAndExpenses": 1092179000,
        "interestIncome": 0,
        "interestExpense": 11369000,
        "depreciationAndAmortization": 39252000,
        "ebitda": 291952000,
        "ebitdaratio": 0.2172717788,
        "operatingIncome": 251539000,
        "operatingIncomeRatio": 0.1871962718,
        "totalOtherIncomeExpensesNet": -10208000,
        "incomeBeforeTax": 241331000,
        "incomeBeforeTaxRatio": 0.1795994398,
        "incomeTaxExpense": 78615000,
        "netIncome": 162716000,
        "netIncomeRatio": 0.1210938605,
        "eps": 0.73,
        "epsdiluted": 0.73,
        "weightedAverageShsOut": 221936000,
        "weightedAverageShsOutDil": 223486000,
        "link": "https://www.sec.gov/Archives/edgar/data/793952/000079395213000031/0000793952-13-000031-index.htm",
        "finalLink": "https://www.sec.gov/Archives/edgar/data/793952/000079395213000031/hog-09292013x10q.htm"
    },
    {
        "date": "2013-06-30",
        "symbol": "HOG",
        "reportedCurrency": "USD",
        "cik": "0000793952",
        "fillingDate": "2013-08-08",
        "acceptedDate": "2013-08-08 12:01:47",
        "calendarYear": "2013",
        "period": "Q2",
        "revenue": 1794307000,
        "costOfRevenue": 1075102000,
        "grossProfit": 719205000,
        "grossProfitRatio": 0.4008260571,
        "researchAndDevelopmentExpenses": 0,
        "generalAndAdministrativeExpenses": 0,
        "sellingAndMarketingExpenses": 0,
        "sellingGeneralAndAdministrativeExpenses": 281384000,
        "otherExpenses": 6000000,
        "operatingExpenses": 287384000,
        "costAndExpenses": 1362486000,
        "interestIncome": 0,
        "interestExpense": 11238000,
        "depreciationAndAmortization": 40556000,
        "ebitda": 474147000,
        "ebitdaratio": 0.2642507665,
        "operatingIncome": 431821000,
        "operatingIncomeRatio": 0.2406617151,
        "totalOtherIncomeExpensesNet": -9468000,
        "incomeBeforeTax": 422353000,
        "incomeBeforeTaxRatio": 0.2353850261,
        "incomeTaxExpense": 150614000,
        "netIncome": 271739000,
        "netIncomeRatio": 0.1514450983,
        "eps": 1.22,
        "epsdiluted": 1.21,
        "weightedAverageShsOut": 223052000,
        "weightedAverageShsOutDil": 224470000,
        "link": "https://www.sec.gov/Archives/edgar/data/793952/000079395213000023/0000793952-13-000023-index.htm",
        "finalLink": "https://www.sec.gov/Archives/edgar/data/793952/000079395213000023/hog-06302013x10q.htm"
    },
    {
        "date": "2013-03-31",
        "symbol": "HOG",
        "reportedCurrency": "USD",
        "cik": "0000793952",
        "fillingDate": "2013-05-09",
        "acceptedDate": "2013-05-09 11:55:15",
        "calendarYear": "2013",
        "period": "Q1",
        "revenue": 1571213000,
        "costOfRevenue": 935360000,
        "grossProfit": 635853000,
        "grossProfitRatio": 0.4046892433,
        "researchAndDevelopmentExpenses": 0,
        "generalAndAdministrativeExpenses": 0,
        "sellingAndMarketingExpenses": 0,
        "sellingGeneralAndAdministrativeExpenses": 271499000,
        "otherExpenses": 16048000,
        "operatingExpenses": 287547000,
        "costAndExpenses": 1222907000,
        "interestIncome": 0,
        "interestExpense": 11391000,
        "depreciationAndAmortization": 42850000,
        "ebitda": 392771000,
        "ebitdaratio": 0.2499794745,
        "operatingIncome": 348306000,
        "operatingIncomeRatio": 0.2216796831,
        "totalOtherIncomeExpensesNet": -9776000,
        "incomeBeforeTax": 338530000,
        "incomeBeforeTaxRatio": 0.2154577387,
        "incomeTaxExpense": 114401000,
        "netIncome": 224129000,
        "netIncomeRatio": 0.142647114,
        "eps": 1,
        "epsdiluted": 0.99,
        "weightedAverageShsOut": 224429000,
        "weightedAverageShsOutDil": 226148000,
        "link": "https://www.sec.gov/Archives/edgar/data/793952/000079395213000012/0000793952-13-000012-index.htm",
        "finalLink": "https://www.sec.gov/Archives/edgar/data/793952/000079395213000012/hog-03312013x10q.htm"
    },
    {
        "date": "2012-12-31",
        "symbol": "HOG",
        "reportedCurrency": "USD",
        "cik": "0000793952",
        "fillingDate": "2013-02-22",
        "acceptedDate": "2013-02-22 11:01:37",
        "calendarYear": "2012",
        "period": "Q4",
        "revenue": 1170860000,
        "costOfRevenue": 738732000,
        "grossProfit": 432128000,
        "grossProfitRatio": 0.3690688895,
        "researchAndDevelopmentExpenses": 0,
        "generalAndAdministrativeExpenses": 0,
        "sellingAndMarketingExpenses": 0,
        "sellingGeneralAndAdministrativeExpenses": 304975000,
        "otherExpenses": 11050000,
        "operatingExpenses": 316025000,
        "costAndExpenses": 1054757000,
        "interestIncome": 0,
        "interestExpense": 11505000,
        "depreciationAndAmortization": 41535000,
        "ebitda": 159396000,
        "ebitdaratio": 0.1361358318,
        "operatingIncome": 116103000,
        "operatingIncomeRatio": 0.0991604462,
        "totalOtherIncomeExpensesNet": -9747000,
        "incomeBeforeTax": 106356000,
        "incomeBeforeTaxRatio": 0.0908357959,
        "incomeTaxExpense": 35717000,
        "netIncome": 70639000,
        "netIncomeRatio": 0.0603308679,
        "eps": 0.31,
        "epsdiluted": 0.31,
        "weightedAverageShsOut": 224635000,
        "weightedAverageShsOutDil": 226726000,
        "link": "https://www.sec.gov/Archives/edgar/data/793952/000144530513000288/0001445305-13-000288-index.htm",
        "finalLink": "https://www.sec.gov/Archives/edgar/data/793952/000144530513000288/hog12-31x201210xk.htm"
    },
    {
        "date": "2012-09-30",
        "symbol": "HOG",
        "reportedCurrency": "USD",
        "cik": "0000793952",
        "fillingDate": "2012-11-08",
        "acceptedDate": "2012-11-08 10:51:06",
        "calendarYear": "2012",
        "period": "Q3",
        "revenue": 1250295000,
        "costOfRevenue": 757595000,
        "grossProfit": 492700000,
        "grossProfitRatio": 0.3940670002,
        "researchAndDevelopmentExpenses": 0,
        "generalAndAdministrativeExpenses": 0,
        "sellingAndMarketingExpenses": 0,
        "sellingGeneralAndAdministrativeExpenses": 257359000,
        "otherExpenses": 18239000,
        "operatingExpenses": 275598000,
        "costAndExpenses": 1033193000,
        "interestIncome": 1447000,
        "interestExpense": 11438000,
        "depreciationAndAmortization": 41446000,
        "ebitda": 259995000,
        "ebitdaratio": 0.2079469245,
        "operatingIncome": 217102000,
        "operatingIncomeRatio": 0.1736406208,
        "totalOtherIncomeExpensesNet": -9991000,
        "incomeBeforeTax": 207111000,
        "incomeBeforeTaxRatio": 0.1656497067,
        "incomeTaxExpense": 73110000,
        "netIncome": 134001000,
        "netIncomeRatio": 0.1071755066,
        "eps": 0.59,
        "epsdiluted": 0.59,
        "weightedAverageShsOut": 226020000,
        "weightedAverageShsOutDil": 227989000,
        "link": "https://www.sec.gov/Archives/edgar/data/793952/000144530512003553/0001445305-12-003553-index.htm",
        "finalLink": "https://www.sec.gov/Archives/edgar/data/793952/000144530512003553/hog-09302012x10q.htm"
    },
    {
        "date": "2012-07-01",
        "symbol": "HOG",
        "reportedCurrency": "USD",
        "cik": "0000793952",
        "fillingDate": "2012-08-09",
        "acceptedDate": "2012-08-09 11:58:12",
        "calendarYear": "2012",
        "period": "Q2",
        "revenue": 1729660000,
        "costOfRevenue": 1053942000,
        "grossProfit": 675718000,
        "grossProfitRatio": 0.3906652174,
        "researchAndDevelopmentExpenses": 0,
        "generalAndAdministrativeExpenses": 0,
        "sellingAndMarketingExpenses": 0,
        "sellingGeneralAndAdministrativeExpenses": 283244000,
        "otherExpenses": 961000,
        "operatingExpenses": 284205000,
        "costAndExpenses": 1338147000,
        "interestIncome": 2231000,
        "interestExpense": 11595000,
        "depreciationAndAmortization": 42794000,
        "ebitda": 436538000,
        "ebitdaratio": 0.2523837055,
        "operatingIncome": 391513000,
        "operatingIncomeRatio": 0.226352578,
        "totalOtherIncomeExpensesNet": -9364000,
        "incomeBeforeTax": 382149000,
        "incomeBeforeTaxRatio": 0.2209387972,
        "incomeTaxExpense": 134899000,
        "netIncome": 247250000,
        "netIncomeRatio": 0.1429471688,
        "eps": 1.08,
        "epsdiluted": 1.07,
        "weightedAverageShsOut": 228838000,
        "weightedAverageShsOutDil": 230923000,
        "link": "https://www.sec.gov/Archives/edgar/data/793952/000119312512346341/0001193125-12-346341-index.htm",
        "finalLink": "https://www.sec.gov/Archives/edgar/data/793952/000119312512346341/d371649d10q.htm"
    },
    {
        "date": "2012-04-01",
        "symbol": "HOG",
        "reportedCurrency": "USD",
        "cik": "0000793952",
        "fillingDate": "2012-05-10",
        "acceptedDate": "2012-05-10 14:53:10",
        "calendarYear": "2012",
        "period": "Q1",
        "revenue": 1429691000,
        "costOfRevenue": 868115000,
        "grossProfit": 561576000,
        "grossProfitRatio": 0.3927953663,
        "researchAndDevelopmentExpenses": 0,
        "generalAndAdministrativeExpenses": 0,
        "sellingAndMarketingExpenses": 0,
        "sellingGeneralAndAdministrativeExpenses": 265653000,
        "otherExpenses": 20465000,
        "operatingExpenses": 286118000,
        "costAndExpenses": 1154233000,
        "interestIncome": 1933000,
        "interestExpense": 11495000,
        "depreciationAndAmortization": 43203000,
        "ebitda": 320594000,
        "ebitdaratio": 0.2242400631,
        "operatingIncome": 275458000,
        "operatingIncomeRatio": 0.1926696048,
        "totalOtherIncomeExpensesNet": -9562000,
        "incomeBeforeTax": 265896000,
        "incomeBeforeTaxRatio": 0.1859814463,
        "incomeTaxExpense": 93861000,
        "netIncome": 172035000,
        "netIncomeRatio": 0.1203301972,
        "eps": 0.75,
        "epsdiluted": 0.74,
        "weightedAverageShsOut": 228988000,
        "weightedAverageShsOutDil": 231284000,
        "link": "https://www.sec.gov/Archives/edgar/data/793952/000119312512225094/0001193125-12-225094-index.htm",
        "finalLink": "https://www.sec.gov/Archives/edgar/data/793952/000119312512225094/d330050d10q.htm"
    },
    {
        "date": "2011-12-31",
        "symbol": "HOG",
        "reportedCurrency": "USD",
        "cik": "0000793952",
        "fillingDate": "2012-02-23",
        "acceptedDate": "2012-02-23 14:28:10",
        "calendarYear": "2011",
        "period": "Q4",
        "revenue": 1183930000,
        "costOfRevenue": 758885000,
        "grossProfit": 425045000,
        "grossProfitRatio": 0.3590119348,
        "researchAndDevelopmentExpenses": 0,
        "generalAndAdministrativeExpenses": 0,
        "sellingAndMarketingExpenses": 0,
        "sellingGeneralAndAdministrativeExpenses": 301669000,
        "otherExpenses": 30996000,
        "operatingExpenses": 332665000,
        "costAndExpenses": 1091550000,
        "interestIncome": 2338000,
        "interestExpense": 11165000,
        "depreciationAndAmortization": 48470000,
        "ebitda": 143188000,
        "ebitdaratio": 0.1209429612,
        "operatingIncome": 92380000,
        "operatingIncomeRatio": 0.0780282618,
        "totalOtherIncomeExpensesNet": -8827000,
        "incomeBeforeTax": 83553000,
        "incomeBeforeTaxRatio": 0.0705725845,
        "incomeTaxExpense": 28909000,
        "netIncome": 105680000,
        "netIncomeRatio": 0.0892620341,
        "eps": 0.45,
        "epsdiluted": 0.45,
        "weightedAverageShsOut": 229589000,
        "weightedAverageShsOutDil": 235900000,
        "link": "https://www.sec.gov/Archives/edgar/data/793952/000119312512074944/0001193125-12-074944-index.htm",
        "finalLink": "https://www.sec.gov/Archives/edgar/data/793952/000119312512074944/d266761d10k.htm"
    },
    {
        "date": "2011-09-25",
        "symbol": "HOG",
        "reportedCurrency": "USD",
        "cik": "0000793952",
        "fillingDate": "2011-11-03",
        "acceptedDate": "2011-11-03 11:02:58",
        "calendarYear": "2011",
        "period": "Q3",
        "revenue": 1397256000,
        "costOfRevenue": 879215000,
        "grossProfit": 518041000,
        "grossProfitRatio": 0.3707559674,
        "researchAndDevelopmentExpenses": 0,
        "generalAndAdministrativeExpenses": 0,
        "sellingAndMarketingExpenses": 0,
        "sellingGeneralAndAdministrativeExpenses": 256735000,
        "otherExpenses": 18618000,
        "operatingExpenses": 275353000,
        "costAndExpenses": 1154568000,
        "interestIncome": 2479000,
        "interestExpense": 11270000,
        "depreciationAndAmortization": 42395000,
        "ebitda": 287562000,
        "ebitdaratio": 0.205804806,
        "operatingIncome": 242688000,
        "operatingIncomeRatio": 0.1736890019,
        "totalOtherIncomeExpensesNet": -8791000,
        "incomeBeforeTax": 233897000,
        "incomeBeforeTaxRatio": 0.1673973846,
        "incomeTaxExpense": 50303000,
        "netIncome": 183594000,
        "netIncomeRatio": 0.1313961078,
        "eps": 0.79,
        "epsdiluted": 0.78,
        "weightedAverageShsOut": 233800000,
        "weightedAverageShsOutDil": 235861000,
        "link": "https://www.sec.gov/Archives/edgar/data/793952/000119312511294336/0001193125-11-294336-index.htm",
        "finalLink": "https://www.sec.gov/Archives/edgar/data/793952/000119312511294336/d232643d10q.htm"
    },
    {
        "date": "2011-06-26",
        "symbol": "HOG",
        "reportedCurrency": "USD",
        "cik": "0000793952",
        "fillingDate": "2011-08-04",
        "acceptedDate": "2011-08-04 10:29:07",
        "calendarYear": "2011",
        "period": "Q2",
        "revenue": 1505597000,
        "costOfRevenue": 928467000,
        "grossProfit": 577130000,
        "grossProfitRatio": 0.3833230273,
        "researchAndDevelopmentExpenses": 0,
        "generalAndAdministrativeExpenses": 0,
        "sellingAndMarketingExpenses": 0,
        "sellingGeneralAndAdministrativeExpenses": 268424000,
        "otherExpenses": 6804000,
        "operatingExpenses": 275228000,
        "costAndExpenses": 1203695000,
        "interestIncome": 1748000,
        "interestExpense": 11350000,
        "depreciationAndAmortization": 46596000,
        "ebitda": 350246000,
        "ebitdaratio": 0.2326293158,
        "operatingIncome": 301902000,
        "operatingIncomeRatio": 0.2005197938,
        "totalOtherIncomeExpensesNet": -9602000,
        "incomeBeforeTax": 292300000,
        "incomeBeforeTaxRatio": 0.1941422572,
        "incomeTaxExpense": 101720000,
        "netIncome": 190580000,
        "netIncomeRatio": 0.1265810174,
        "eps": 0.81,
        "epsdiluted": 0.81,
        "weightedAverageShsOut": 234336000,
        "weightedAverageShsOutDil": 236168000,
        "link": "https://www.sec.gov/Archives/edgar/data/793952/000119312511209550/0001193125-11-209550-index.htm",
        "finalLink": "https://www.sec.gov/Archives/edgar/data/793952/000119312511209550/d10q.htm"
    },
    {
        "date": "2011-03-27",
        "symbol": "HOG",
        "reportedCurrency": "USD",
        "cik": "0000793952",
        "fillingDate": "2011-05-04",
        "acceptedDate": "2011-05-04 16:36:54",
        "calendarYear": "2011",
        "period": "Q1",
        "revenue": 1224930000,
        "costOfRevenue": 769213000,
        "grossProfit": 455717000,
        "grossProfitRatio": 0.3720351367,
        "researchAndDevelopmentExpenses": 0,
        "generalAndAdministrativeExpenses": 0,
        "sellingAndMarketingExpenses": 0,
        "sellingGeneralAndAdministrativeExpenses": 234115000,
        "otherExpenses": 28605000,
        "operatingExpenses": 262720000,
        "costAndExpenses": 1031933000,
        "interestIncome": 1398000,
        "interestExpense": 11481000,
        "depreciationAndAmortization": 42947000,
        "ebitda": 237342000,
        "ebitdaratio": 0.1937596434,
        "operatingIncome": 192997000,
        "operatingIncomeRatio": 0.1575575747,
        "totalOtherIncomeExpensesNet": -10083000,
        "incomeBeforeTax": 182914000,
        "incomeBeforeTaxRatio": 0.1493260839,
        "incomeTaxExpense": 63654000,
        "netIncome": 119260000,
        "netIncomeRatio": 0.0973606655,
        "eps": 0.51,
        "epsdiluted": 0.51,
        "weightedAverageShsOut": 233820000,
        "weightedAverageShsOutDil": 235903000,
        "link": "https://www.sec.gov/Archives/edgar/data/793952/000119312511126197/0001193125-11-126197-index.htm",
        "finalLink": "https://www.sec.gov/Archives/edgar/data/793952/000119312511126197/d10q.htm"
    },
    {
        "date": "2010-12-31",
        "symbol": "HOG",
        "reportedCurrency": "USD",
        "cik": "0000793952",
        "fillingDate": "2011-02-24",
        "acceptedDate": "2011-02-24 15:51:35",
        "calendarYear": "2010",
        "period": "Q4",
        "revenue": 1083398000,
        "costOfRevenue": 918494000,
        "grossProfit": 164904000,
        "grossProfitRatio": 0.1522099912,
        "researchAndDevelopmentExpenses": 0,
        "generalAndAdministrativeExpenses": 0,
        "sellingAndMarketingExpenses": 0,
        "sellingGeneralAndAdministrativeExpenses": 299616000,
        "otherExpenses": -171432000,
        "operatingExpenses": 128184000,
        "costAndExpenses": 1046678000,
        "interestIncome": 0,
        "interestExpense": 0,
        "depreciationAndAmortization": 55542000,
        "ebitda": -204313000,
        "ebitdaratio": -0.1885853583,
        "operatingIncome": 36720000,
        "operatingIncomeRatio": 0.0338933614,
        "totalOtherIncomeExpensesNet": -103680000,
        "incomeBeforeTax": -66960000,
        "incomeBeforeTaxRatio": -0.0618055415,
        "incomeTaxExpense": -24884000,
        "netIncome": -46766000,
        "netIncomeRatio": -0.0431660387,
        "eps": -0.2,
        "epsdiluted": -0.2,
        "weightedAverageShsOut": 233552000,
        "weightedAverageShsOutDil": 235900000,
        "link": "https://www.sec.gov/Archives/edgar/data/793952/000119312511045258/0001193125-11-045258-index.htm",
        "finalLink": "https://www.sec.gov/Archives/edgar/data/793952/000119312511045258/d10k.htm"
    },
    {
        "date": "2010-09-26",
        "symbol": "HOG",
        "reportedCurrency": "USD",
        "cik": "0000793952",
        "fillingDate": "2010-11-03",
        "acceptedDate": "2010-11-03 13:29:01",
        "calendarYear": "2010",
        "period": "Q3",
        "revenue": 1259960000,
        "costOfRevenue": 770089000,
        "grossProfit": 489871000,
        "grossProfitRatio": 0.3887988508,
        "researchAndDevelopmentExpenses": 0,
        "generalAndAdministrativeExpenses": 0,
        "sellingAndMarketingExpenses": 0,
        "sellingGeneralAndAdministrativeExpenses": 241976000,
        "otherExpenses": 95525000,
        "operatingExpenses": 337501000,
        "costAndExpenses": 1107590000,
        "interestIncome": 1239000,
        "interestExpense": 23102000,
        "depreciationAndAmortization": 63029000,
        "ebitda": 216638000,
        "ebitdaratio": 0.1719403791,
        "operatingIncome": 152370000,
        "operatingIncomeRatio": 0.1209324106,
        "totalOtherIncomeExpensesNet": -21863000,
        "incomeBeforeTax": 130507000,
        "incomeBeforeTaxRatio": 0.1035802724,
        "incomeTaxExpense": 36790000,
        "netIncome": 88829000,
        "netIncomeRatio": 0.0705014445,
        "eps": 0.38,
        "epsdiluted": 0.38,
        "weightedAverageShsOut": 233504000,
        "weightedAverageShsOutDil": 234786000,
        "link": "https://www.sec.gov/Archives/edgar/data/793952/000119312510245838/0001193125-10-245838-index.htm",
        "finalLink": "https://www.sec.gov/Archives/edgar/data/793952/000119312510245838/d10q.htm"
    },
    {
        "date": "2010-06-27",
        "symbol": "HOG",
        "reportedCurrency": "USD",
        "cik": "0000793952",
        "fillingDate": "2010-08-05",
        "acceptedDate": "2010-08-05 14:12:56",
        "calendarYear": "2010",
        "period": "Q2",
        "revenue": 1308806000,
        "costOfRevenue": 807238000,
        "grossProfit": 501568000,
        "grossProfitRatio": 0.383225627,
        "researchAndDevelopmentExpenses": 0,
        "generalAndAdministrativeExpenses": 0,
        "sellingAndMarketingExpenses": 0,
        "sellingGeneralAndAdministrativeExpenses": 243429000,
        "otherExpenses": 39387000,
        "operatingExpenses": 282816000,
        "costAndExpenses": 1090054000,
        "interestIncome": 1551000,
        "interestExpense": 23591000,
        "depreciationAndAmortization": 69208000,
        "ebitda": 289511000,
        "ebitdaratio": 0.2212023784,
        "operatingIncome": 218752000,
        "operatingIncomeRatio": 0.1671385981,
        "totalOtherIncomeExpensesNet": -22040000,
        "incomeBeforeTax": 196712000,
        "incomeBeforeTaxRatio": 0.150298822,
        "incomeTaxExpense": 57425000,
        "netIncome": 71157000,
        "netIncomeRatio": 0.0543678742,
        "eps": 0.3,
        "epsdiluted": 0.3,
        "weightedAverageShsOut": 233314000,
        "weightedAverageShsOutDil": 234853000,
        "link": "https://www.sec.gov/Archives/edgar/data/793952/000119312510179043/0001193125-10-179043-index.htm",
        "finalLink": "https://www.sec.gov/Archives/edgar/data/793952/000119312510179043/d10q.htm"
    },
    {
        "date": "2010-03-28",
        "symbol": "HOG",
        "reportedCurrency": "USD",
        "cik": "0000793952",
        "fillingDate": "2010-05-06",
        "acceptedDate": "2010-05-06 15:33:45",
        "calendarYear": "2010",
        "period": "Q1",
        "revenue": 1207172000,
        "costOfRevenue": 738991000,
        "grossProfit": 468181000,
        "grossProfitRatio": 0.3878328855,
        "researchAndDevelopmentExpenses": 0,
        "generalAndAdministrativeExpenses": 0,
        "sellingAndMarketingExpenses": 0,
        "sellingGeneralAndAdministrativeExpenses": 235350000,
        "otherExpenses": 80042000,
        "operatingExpenses": 315392000,
        "costAndExpenses": 1054383000,
        "interestIncome": 876000,
        "interestExpense": 23455000,
        "depreciationAndAmortization": 67392000,
        "ebitda": 221057000,
        "ebitdaratio": 0.1831197211,
        "operatingIncome": 152789000,
        "operatingIncomeRatio": 0.1265677136,
        "totalOtherIncomeExpensesNet": -22579000,
        "incomeBeforeTax": 130210000,
        "incomeBeforeTaxRatio": 0.1078636681,
        "incomeTaxExpense": 61469000,
        "netIncome": 33325000,
        "netIncomeRatio": 0.0276058424,
        "eps": 0.14,
        "epsdiluted": 0.14,
        "weightedAverageShsOut": 232864000,
        "weightedAverageShsOutDil": 234228000,
        "link": "https://www.sec.gov/Archives/edgar/data/793952/000119312510110745/0001193125-10-110745-index.htm",
        "finalLink": "https://www.sec.gov/Archives/edgar/data/793952/000119312510110745/d10q.htm"
    },
    {
        "date": "2009-12-31",
        "symbol": "HOG",
        "reportedCurrency": "USD",
        "cik": "0000793952",
        "fillingDate": "2010-02-23",
        "acceptedDate": "2010-02-23 11:14:11",
        "calendarYear": "2009",
        "period": "Q4",
        "revenue": 1216341000,
        "costOfRevenue": 569513000,
        "grossProfit": 646828000,
        "grossProfitRatio": 0.5317817947,
        "researchAndDevelopmentExpenses": 0,
        "generalAndAdministrativeExpenses": 0,
        "sellingAndMarketingExpenses": 0,
        "sellingGeneralAndAdministrativeExpenses": 348150000,
        "otherExpenses": 475034000,
        "operatingExpenses": 823184000,
        "costAndExpenses": 1392697000,
        "interestIncome": 0,
        "interestExpense": 0,
        "depreciationAndAmortization": 59518000,
        "ebitda": -279048000,
        "ebitdaratio": -0.2294159286,
        "operatingIncome": -176356000,
        "operatingIncomeRatio": -0.1449889464,
        "totalOtherIncomeExpensesNet": -7533000,
        "incomeBeforeTax": -183889000,
        "incomeBeforeTaxRatio": -0.1511821109,
        "incomeTaxExpense": -90950000,
        "netIncome": -218696000,
        "netIncomeRatio": -0.1797982638,
        "eps": -0.94,
        "epsdiluted": -0.93,
        "weightedAverageShsOut": 232727000,
        "weightedAverageShsOutDil": 234200000,
        "link": "https://www.sec.gov/Archives/edgar/data/793952/000119312510037160/0001193125-10-037160-index.htm",
        "finalLink": "https://www.sec.gov/Archives/edgar/data/793952/000119312510037160/d10k.htm"
    },
    {
        "date": "2009-09-27",
        "symbol": "HOG",
        "reportedCurrency": "USD",
        "cik": "0000793952",
        "fillingDate": "2009-10-30",
        "acceptedDate": "2009-10-30 13:45:14",
        "calendarYear": "2009",
        "period": "Q3",
        "revenue": 1245458000,
        "costOfRevenue": 738331000,
        "grossProfit": 507127000,
        "grossProfitRatio": 0.4071811334,
        "researchAndDevelopmentExpenses": 0,
        "generalAndAdministrativeExpenses": 0,
        "sellingAndMarketingExpenses": 0,
        "sellingGeneralAndAdministrativeExpenses": 219450000,
        "otherExpenses": 188568000,
        "operatingExpenses": 408018000,
        "costAndExpenses": 1146349000,
        "interestIncome": 136993000,
        "interestExpense": 81056000,
        "depreciationAndAmortization": 57762000,
        "ebitda": 237992000,
        "ebitdaratio": 0.1910879371,
        "operatingIncome": 99109000,
        "operatingIncomeRatio": 0.0795763486,
        "totalOtherIncomeExpensesNet": 65000,
        "incomeBeforeTax": 99174000,
        "incomeBeforeTaxRatio": 0.0796285383,
        "incomeTaxExpense": 42793000,
        "netIncome": 26483000,
        "netIncomeRatio": 0.0212636636,
        "eps": 0.11,
        "epsdiluted": 0.11,
        "weightedAverageShsOut": 232677000,
        "weightedAverageShsOutDil": 233875000,
        "link": "https://www.sec.gov/Archives/edgar/data/793952/000119312509218615/0001193125-09-218615-index.htm",
        "finalLink": "https://www.sec.gov/Archives/edgar/data/793952/000119312509218615/d10q.htm"
    },
    {
        "date": "2009-06-28",
        "symbol": "HOG",
        "reportedCurrency": "USD",
        "cik": "0000793952",
        "fillingDate": "2009-07-31",
        "acceptedDate": "2009-07-31 15:23:48",
        "calendarYear": "2009",
        "period": "Q2",
        "revenue": 1259701000,
        "costOfRevenue": 827657000,
        "grossProfit": 432044000,
        "grossProfitRatio": 0.3429734516,
        "researchAndDevelopmentExpenses": 0,
        "generalAndAdministrativeExpenses": 0,
        "sellingAndMarketingExpenses": 0,
        "sellingGeneralAndAdministrativeExpenses": 229364000,
        "otherExpenses": 118993000,
        "operatingExpenses": 348357000,
        "costAndExpenses": 1176014000,
        "interestIncome": 317000,
        "interestExpense": 840000,
        "depreciationAndAmortization": 68884000,
        "ebitda": 152888000,
        "ebitdaratio": 0.1213684835,
        "operatingIncome": 83687000,
        "operatingIncomeRatio": 0.0664340189,
        "totalOtherIncomeExpensesNet": -523000,
        "incomeBeforeTax": 83164000,
        "incomeBeforeTaxRatio": 0.066018841,
        "incomeTaxExpense": 49787000,
        "netIncome": 19750000,
        "netIncomeRatio": 0.0156783237,
        "eps": 0.08,
        "epsdiluted": 0.08,
        "weightedAverageShsOut": 232616000,
        "weightedAverageShsOutDil": 233520000,
        "link": "https://www.sec.gov/Archives/edgar/data/793952/000119312509160726/0001193125-09-160726-index.htm",
        "finalLink": "https://www.sec.gov/Archives/edgar/data/793952/000119312509160726/d10q.htm"
    },
    {
        "date": "2009-03-29",
        "symbol": "HOG",
        "reportedCurrency": "USD",
        "cik": "0000793952",
        "fillingDate": "2009-04-30",
        "acceptedDate": "2009-04-30 06:11:33",
        "calendarYear": "2009",
        "period": "Q1",
        "revenue": 1383099000,
        "costOfRevenue": 804386000,
        "grossProfit": 578713000,
        "grossProfitRatio": 0.4184176259,
        "researchAndDevelopmentExpenses": 0,
        "generalAndAdministrativeExpenses": 0,
        "sellingAndMarketingExpenses": 0,
        "sellingGeneralAndAdministrativeExpenses": 242022000,
        "otherExpenses": 94473000,
        "operatingExpenses": 336495000,
        "costAndExpenses": 1140881000,
        "interestIncome": 104667000,
        "interestExpense": 63446000,
        "depreciationAndAmortization": 54968000,
        "ebitda": 352839000,
        "ebitdaratio": 0.255107552,
        "operatingIncome": 242218000,
        "operatingIncomeRatio": 0.1751270155,
        "totalOtherIncomeExpensesNet": -7793000,
        "incomeBeforeTax": 234425000,
        "incomeBeforeTaxRatio": 0.1694925671,
        "incomeTaxExpense": 106372000,
        "netIncome": 117347000,
        "netIncomeRatio": 0.0848435289,
        "eps": 0.51,
        "epsdiluted": 0.5,
        "weightedAverageShsOut": 232263000,
        "weightedAverageShsOutDil": 232650000,
        "link": "https://www.sec.gov/Archives/edgar/data/793952/000119312509092900/0001193125-09-092900-index.htm",
        "finalLink": "https://www.sec.gov/Archives/edgar/data/793952/000119312509092900/d10q.htm"
    },
    {
        "date": "2008-12-31",
        "symbol": "HOG",
        "reportedCurrency": "USD",
        "cik": "0000793952",
        "fillingDate": "2009-02-17",
        "acceptedDate": "2009-02-17 17:26:48",
        "calendarYear": "2008",
        "period": "Q4",
        "revenue": 1292591000,
        "costOfRevenue": 883905000,
        "grossProfit": 408686000,
        "grossProfitRatio": 0.316175805,
        "researchAndDevelopmentExpenses": 0,
        "generalAndAdministrativeExpenses": 0,
        "sellingAndMarketingExpenses": 0,
        "sellingGeneralAndAdministrativeExpenses": 259658000,
        "otherExpenses": 24922000,
        "operatingExpenses": 284580000,
        "costAndExpenses": 1168485000,
        "interestIncome": 0,
        "interestExpense": 0,
        "depreciationAndAmortization": 87888000,
        "ebitda": 515694000,
        "ebitdaratio": 0.3989614658,
        "operatingIncome": 124106000,
        "operatingIncomeRatio": 0.0960133561,
        "totalOtherIncomeExpensesNet": -854000,
        "incomeBeforeTax": 123252000,
        "incomeBeforeTaxRatio": 0.0953526676,
        "incomeTaxExpense": 45443000,
        "netIncome": 77809000,
        "netIncomeRatio": 0.0601961487,
        "eps": 0.33,
        "epsdiluted": 0.33,
        "weightedAverageShsOut": 231696000,
        "weightedAverageShsOutDil": 232700000,
        "link": "https://www.sec.gov/Archives/edgar/data/793952/000119312509031412/0001193125-09-031412-index.htm",
        "finalLink": "https://www.sec.gov/Archives/edgar/data/793952/000119312509031412/d10k.htm"
    },
    {
        "date": "2008-09-28",
        "symbol": "HOG",
        "reportedCurrency": "USD",
        "cik": "0000793952",
        "fillingDate": "2008-10-30",
        "acceptedDate": "2008-10-30 15:36:06",
        "calendarYear": "2008",
        "period": "Q3",
        "revenue": 1422834000,
        "costOfRevenue": 938762000,
        "grossProfit": 484072000,
        "grossProfitRatio": 0.3402167786,
        "researchAndDevelopmentExpenses": 0,
        "generalAndAdministrativeExpenses": 0,
        "sellingAndMarketingExpenses": 0,
        "sellingGeneralAndAdministrativeExpenses": 250777000,
        "otherExpenses": -34707000,
        "operatingExpenses": 216070000,
        "costAndExpenses": 1154832000,
        "interestIncome": 111966000,
        "interestExpense": 77559000,
        "depreciationAndAmortization": 68330000,
        "ebitda": 415416000,
        "ebitdaratio": 0.291963785,
        "operatingIncome": 268002000,
        "operatingIncomeRatio": 0.1883578829,
        "totalOtherIncomeExpensesNet": 1525000,
        "incomeBeforeTax": 269527000,
        "incomeBeforeTaxRatio": 0.1894296875,
        "incomeTaxExpense": 102986000,
        "netIncome": 166541000,
        "netIncomeRatio": 0.1170487914,
        "eps": 0.71,
        "epsdiluted": 0.71,
        "weightedAverageShsOut": 233081000,
        "weightedAverageShsOutDil": 233420000,
        "link": "https://www.sec.gov/Archives/edgar/data/793952/000119312508220204/0001193125-08-220204-index.htm",
        "finalLink": "https://www.sec.gov/Archives/edgar/data/793952/000119312508220204/d10q.htm"
    },
    {
        "date": "2008-06-29",
        "symbol": "HOG",
        "reportedCurrency": "USD",
        "cik": "0000793952",
        "fillingDate": "2008-07-31",
        "acceptedDate": "2008-07-31 16:34:27",
        "calendarYear": "2008",
        "period": "Q2",
        "revenue": 1572569000,
        "costOfRevenue": 1010645000,
        "grossProfit": 561924000,
        "grossProfitRatio": 0.3573286768,
        "researchAndDevelopmentExpenses": 0,
        "generalAndAdministrativeExpenses": 0,
        "sellingAndMarketingExpenses": 0,
        "sellingGeneralAndAdministrativeExpenses": 241659000,
        "otherExpenses": -25598000,
        "operatingExpenses": 216061000,
        "costAndExpenses": 1226706000,
        "interestIncome": 106840000,
        "interestExpense": 69693000,
        "depreciationAndAmortization": 52897000,
        "ebitda": 470693000,
        "ebitdaratio": 0.2993146883,
        "operatingIncome": 345863000,
        "operatingIncomeRatio": 0.2199350235,
        "totalOtherIncomeExpensesNet": 2240000,
        "incomeBeforeTax": 348103000,
        "incomeBeforeTaxRatio": 0.2213594443,
        "incomeTaxExpense": 125316000,
        "netIncome": 222787000,
        "netIncomeRatio": 0.1416707311,
        "eps": 0.95,
        "epsdiluted": 0.95,
        "weightedAverageShsOut": 235067000,
        "weightedAverageShsOutDil": 235314000,
        "link": "https://www.sec.gov/Archives/edgar/data/793952/000119312508162658/0001193125-08-162658-index.htm",
        "finalLink": "https://www.sec.gov/Archives/edgar/data/793952/000119312508162658/d10q.htm"
    },
    {
        "date": "2008-03-30",
        "symbol": "HOG",
        "reportedCurrency": "USD",
        "cik": "0000793952",
        "fillingDate": "2008-05-01",
        "acceptedDate": "2008-05-01 17:25:35",
        "calendarYear": "2008",
        "period": "Q1",
        "revenue": 1306313000,
        "costOfRevenue": 830176000,
        "grossProfit": 476137000,
        "grossProfitRatio": 0.3644892151,
        "researchAndDevelopmentExpenses": 0,
        "generalAndAdministrativeExpenses": 0,
        "sellingAndMarketingExpenses": 0,
        "sellingGeneralAndAdministrativeExpenses": 219991000,
        "otherExpenses": -34907000,
        "operatingExpenses": 185084000,
        "costAndExpenses": 1015260000,
        "interestIncome": 93289000,
        "interestExpense": 58382000,
        "depreciationAndAmortization": 49722000,
        "ebitda": 401199000,
        "ebitdaratio": 0.307123178,
        "operatingIncome": 291053000,
        "operatingIncomeRatio": 0.222804948,
        "totalOtherIncomeExpensesNet": 2042000,
        "incomeBeforeTax": 293095000,
        "incomeBeforeTaxRatio": 0.2243681262,
        "incomeTaxExpense": 105514000,
        "netIncome": 187581000,
        "netIncomeRatio": 0.1435957539,
        "eps": 0.79,
        "epsdiluted": 0.79,
        "weightedAverageShsOut": 237078000,
        "weightedAverageShsOutDil": 237250000,
        "link": "https://www.sec.gov/Archives/edgar/data/793952/000089706908000831/0000897069-08-000831-index.htm",
        "finalLink": "https://www.sec.gov/Archives/edgar/data/793952/000089706908000831/cmw3519.htm"
    },
    {
        "date": "2007-12-31",
        "symbol": "HOG",
        "reportedCurrency": "USD",
        "cik": "0000793952",
        "fillingDate": "2008-02-22",
        "acceptedDate": "2008-02-22 16:31:29",
        "calendarYear": "2007",
        "period": "Q4",
        "revenue": 1386354000,
        "costOfRevenue": 891820000,
        "grossProfit": 494534000,
        "grossProfitRatio": 0.3567155286,
        "researchAndDevelopmentExpenses": 0,
        "generalAndAdministrativeExpenses": 0,
        "sellingAndMarketingExpenses": 0,
        "sellingGeneralAndAdministrativeExpenses": 247433000,
        "otherExpenses": -38554000,
        "operatingExpenses": 208879000,
        "costAndExpenses": 1100699000,
        "interestIncome": 0,
        "interestExpense": 0,
        "depreciationAndAmortization": 51206000,
        "ebitda": 336861000,
        "ebitdaratio": 0.2429833939,
        "operatingIncome": 285655000,
        "operatingIncomeRatio": 0.2060476617,
        "totalOtherIncomeExpensesNet": 2826000,
        "incomeBeforeTax": 288481000,
        "incomeBeforeTaxRatio": 0.2080861021,
        "incomeTaxExpense": 102404000,
        "netIncome": 186077000,
        "netIncomeRatio": 0.1342204084,
        "eps": 0.78,
        "epsdiluted": 0.78,
        "weightedAverageShsOut": 237300000,
        "weightedAverageShsOutDil": 237300000,
        "link": "https://www.sec.gov/Archives/edgar/data/793952/000110465908012386/0001104659-08-012386-index.htm",
        "finalLink": "https://www.sec.gov/Archives/edgar/data/793952/000110465908012386/a08-2394_110k.htm"
    },
    {
        "date": "2007-09-30",
        "symbol": "HOG",
        "reportedCurrency": "USD",
        "cik": "0000793952",
        "fillingDate": "2007-11-02",
        "acceptedDate": "2007-11-02 14:28:36",
        "calendarYear": "2007",
        "period": "Q3",
        "revenue": 1541401000,
        "costOfRevenue": 950048000,
        "grossProfit": 591353000,
        "grossProfitRatio": 0.3836464359,
        "researchAndDevelopmentExpenses": 0,
        "generalAndAdministrativeExpenses": 0,
        "sellingAndMarketingExpenses": 0,
        "sellingGeneralAndAdministrativeExpenses": 235360000,
        "otherExpenses": -49469000,
        "operatingExpenses": 185891000,
        "costAndExpenses": 1135939000,
        "interestIncome": 0,
        "interestExpense": 0,
        "depreciationAndAmortization": 47157000,
        "ebitda": 452619000,
        "ebitdaratio": 0.2936413042,
        "operatingIncome": 405462000,
        "operatingIncomeRatio": 0.2630477079,
        "totalOtherIncomeExpensesNet": 5353000,
        "incomeBeforeTax": 410815000,
        "incomeBeforeTaxRatio": 0.2665205226,
        "incomeTaxExpense": 145849000,
        "netIncome": 264966000,
        "netIncomeRatio": 0.1718994603,
        "eps": 1.07,
        "epsdiluted": 1.07,
        "weightedAverageShsOut": 247631776,
        "weightedAverageShsOutDil": 247631776,
        "link": "https://www.sec.gov/Archives/edgar/data/793952/000089706907001968/0000897069-07-001968-index.htm",
        "finalLink": "https://www.sec.gov/Archives/edgar/data/793952/000089706907001968/cmw3087.htm"
    },
    {
        "date": "2007-07-01",
        "symbol": "HOG",
        "reportedCurrency": "USD",
        "cik": "0000793952",
        "fillingDate": "2007-08-06",
        "acceptedDate": "2007-08-06 16:54:12",
        "calendarYear": "2007",
        "period": "Q2",
        "revenue": 1620218000,
        "costOfRevenue": 1015051000,
        "grossProfit": 605167000,
        "grossProfitRatio": 0.3735096141,
        "researchAndDevelopmentExpenses": 0,
        "generalAndAdministrativeExpenses": 0,
        "sellingAndMarketingExpenses": 0,
        "sellingGeneralAndAdministrativeExpenses": 225344000,
        "otherExpenses": -65209000,
        "operatingExpenses": 160135000,
        "costAndExpenses": 1175186000,
        "interestIncome": 0,
        "interestExpense": 0,
        "depreciationAndAmortization": 54345000,
        "ebitda": 499377000,
        "ebitdaratio": 0.3082159314,
        "operatingIncome": 445032000,
        "operatingIncomeRatio": 0.2746741488,
        "totalOtherIncomeExpensesNet": 5335000,
        "incomeBeforeTax": 450367000,
        "incomeBeforeTaxRatio": 0.2779669156,
        "incomeTaxExpense": 159877000,
        "netIncome": 290490000,
        "netIncomeRatio": 0.179290688,
        "eps": 1.15,
        "epsdiluted": 1.14,
        "weightedAverageShsOut": 252600000,
        "weightedAverageShsOutDil": 254815789,
        "link": "https://www.sec.gov/Archives/edgar/data/793952/000089706907001565/0000897069-07-001565-index.htm",
        "finalLink": "https://www.sec.gov/Archives/edgar/data/793952/000089706907001565/cmw2944.htm"
    },
    {
        "date": "2007-04-01",
        "symbol": "HOG",
        "reportedCurrency": "USD",
        "cik": "0000793952",
        "fillingDate": "2007-05-03",
        "acceptedDate": "2007-05-03 16:16:32",
        "calendarYear": "2007",
        "period": "Q1",
        "revenue": 1288038000,
        "costOfRevenue": 806055000,
        "grossProfit": 481983000,
        "grossProfitRatio": 0.3741993637,
        "researchAndDevelopmentExpenses": 0,
        "generalAndAdministrativeExpenses": 0,
        "sellingAndMarketingExpenses": 0,
        "sellingGeneralAndAdministrativeExpenses": 192571000,
        "otherExpenses": 0,
        "operatingExpenses": 192571000,
        "costAndExpenses": 998626000,
        "interestIncome": 0,
        "interestExpense": 0,
        "depreciationAndAmortization": 51464000,
        "ebitda": 340876000,
        "ebitdaratio": 0.2646474716,
        "operatingIncome": 289412000,
        "operatingIncomeRatio": 0.2246921286,
        "totalOtherIncomeExpensesNet": 8744000,
        "incomeBeforeTax": 298156000,
        "incomeBeforeTaxRatio": 0.2314807482,
        "incomeTaxExpense": 105846000,
        "netIncome": 192310000,
        "netIncomeRatio": 0.1493046013,
        "eps": 0.75,
        "epsdiluted": 0.74,
        "weightedAverageShsOut": 257326000,
        "weightedAverageShsOutDil": 258158000,
        "link": "https://www.sec.gov/Archives/edgar/data/793952/000089706907001088/0000897069-07-001088-index.htm",
        "finalLink": "https://www.sec.gov/Archives/edgar/data/793952/000089706907001088/cmw2816.htm"
    },
    {
        "date": "2006-12-31",
        "symbol": "HOG",
        "reportedCurrency": "USD",
        "cik": "0000793952",
        "fillingDate": "2007-02-27",
        "acceptedDate": "2007-02-27 17:11:27",
        "calendarYear": "2006",
        "period": "Q4",
        "revenue": 1887524000,
        "costOfRevenue": 1105748000,
        "grossProfit": 781776000,
        "grossProfitRatio": 0.4141806939,
        "researchAndDevelopmentExpenses": 0,
        "generalAndAdministrativeExpenses": 0,
        "sellingAndMarketingExpenses": 0,
        "sellingGeneralAndAdministrativeExpenses": 233825000,
        "otherExpenses": 163078000,
        "operatingExpenses": 396903000,
        "costAndExpenses": 1502651000,
        "interestIncome": 0,
        "interestExpense": 0,
        "depreciationAndAmortization": 49047000,
        "ebitda": 433920000,
        "ebitdaratio": 0.2298884676,
        "operatingIncome": 384873000,
        "operatingIncomeRatio": 0.2039036325,
        "totalOtherIncomeExpensesNet": 3859000,
        "incomeBeforeTax": 388732000,
        "incomeBeforeTaxRatio": 0.2059481098,
        "incomeTaxExpense": 136306000,
        "netIncome": 252426000,
        "netIncomeRatio": 0.1337339287,
        "eps": 0.96,
        "epsdiluted": 0.96,
        "weightedAverageShsOut": 257626079,
        "weightedAverageShsOutDil": 263100000,
        "link": "https://www.sec.gov/Archives/edgar/data/793952/000110465907014465/0001104659-07-014465-index.htm",
        "finalLink": "https://www.sec.gov/Archives/edgar/data/793952/000110465907014465/a07-4709_110k.htm"
    },
    {
        "date": "2006-09-24",
        "symbol": "HOG",
        "reportedCurrency": "USD",
        "cik": "0000793952",
        "fillingDate": "2006-10-31",
        "acceptedDate": "2006-10-31 16:26:01",
        "calendarYear": "2006",
        "period": "Q3",
        "revenue": 1635916000,
        "costOfRevenue": 983661000,
        "grossProfit": 652255000,
        "grossProfitRatio": 0.3987093469,
        "researchAndDevelopmentExpenses": 0,
        "generalAndAdministrativeExpenses": 0,
        "sellingAndMarketingExpenses": 0,
        "sellingGeneralAndAdministrativeExpenses": 223458000,
        "otherExpenses": -55190000,
        "operatingExpenses": 168268000,
        "costAndExpenses": 1151929000,
        "interestIncome": 0,
        "interestExpense": 0,
        "depreciationAndAmortization": 56705000,
        "ebitda": 540692000,
        "ebitdaratio": 0.3305133026,
        "operatingIncome": 483987000,
        "operatingIncomeRatio": 0.295850765,
        "totalOtherIncomeExpensesNet": 4659000,
        "incomeBeforeTax": 488646000,
        "incomeBeforeTaxRatio": 0.2986987107,
        "incomeTaxExpense": 175912000,
        "netIncome": 312734000,
        "netIncomeRatio": 0.1911675172,
        "eps": 1.2,
        "epsdiluted": 1.2,
        "weightedAverageShsOut": 260611667,
        "weightedAverageShsOutDil": 260611667,
        "link": "https://www.sec.gov/Archives/edgar/data/793952/000089706906002295/0000897069-06-002295-index.htm",
        "finalLink": "https://www.sec.gov/Archives/edgar/data/793952/000089706906002295/cmw2388.htm"
    },
    {
        "date": "2006-06-25",
        "symbol": "HOG",
        "reportedCurrency": "USD",
        "cik": "0000793952",
        "fillingDate": "2006-07-31",
        "acceptedDate": "2006-07-31 17:16:34",
        "calendarYear": "2006",
        "period": "Q2",
        "revenue": 1377047000,
        "costOfRevenue": 860721000,
        "grossProfit": 516326000,
        "grossProfitRatio": 0.3749516175,
        "researchAndDevelopmentExpenses": 0,
        "generalAndAdministrativeExpenses": 0,
        "sellingAndMarketingExpenses": 0,
        "sellingGeneralAndAdministrativeExpenses": 198109000,
        "otherExpenses": -56257000,
        "operatingExpenses": 141852000,
        "costAndExpenses": 1002573000,
        "interestIncome": 0,
        "interestExpense": 0,
        "depreciationAndAmortization": 53785000,
        "ebitda": 428259000,
        "ebitdaratio": 0.3109980996,
        "operatingIncome": 374474000,
        "operatingIncomeRatio": 0.271939883,
        "totalOtherIncomeExpensesNet": 5885000,
        "incomeBeforeTax": 380359000,
        "incomeBeforeTaxRatio": 0.2762135207,
        "incomeTaxExpense": 136929000,
        "netIncome": 243430000,
        "netIncomeRatio": 0.1767768275,
        "eps": 0.91,
        "epsdiluted": 0.91,
        "weightedAverageShsOut": 267505495,
        "weightedAverageShsOutDil": 267505495,
        "link": "https://www.sec.gov/Archives/edgar/data/793952/000089706906001786/0000897069-06-001786-index.htm",
        "finalLink": "https://www.sec.gov/Archives/edgar/data/793952/000089706906001786/cmw2280.htm"
    },
    {
        "date": "2006-03-26",
        "symbol": "HOG",
        "reportedCurrency": "USD",
        "cik": "0000793952",
        "fillingDate": "2006-05-05",
        "acceptedDate": "2006-05-05 14:47:20",
        "calendarYear": "2006",
        "period": "Q1",
        "revenue": 1380991000,
        "costOfRevenue": 836146000,
        "grossProfit": 544845000,
        "grossProfitRatio": 0.3945318977,
        "researchAndDevelopmentExpenses": 0,
        "generalAndAdministrativeExpenses": 0,
        "sellingAndMarketingExpenses": 0,
        "sellingGeneralAndAdministrativeExpenses": 185659000,
        "otherExpenses": 0,
        "operatingExpenses": 185659000,
        "costAndExpenses": 1021805000,
        "interestIncome": 0,
        "interestExpense": 0,
        "depreciationAndAmortization": 54232000,
        "ebitda": 465049000,
        "ebitdaratio": 0.3367502033,
        "operatingIncome": 359186000,
        "operatingIncomeRatio": 0.2600929333,
        "totalOtherIncomeExpensesNet": 7317000,
        "incomeBeforeTax": 366503000,
        "incomeBeforeTaxRatio": 0.2653913023,
        "incomeTaxExpense": 131940000,
        "netIncome": 234563000,
        "netIncomeRatio": 0.1698512155,
        "eps": 0.86,
        "epsdiluted": 0.86,
        "weightedAverageShsOut": 272966000,
        "weightedAverageShsOutDil": 273623000,
        "link": "https://www.sec.gov/Archives/edgar/data/793952/000089706906001244/0000897069-06-001244-index.htm",
        "finalLink": "https://www.sec.gov/Archives/edgar/data/793952/000089706906001244/cmw2158.htm"
    },
    {
        "date": "2005-12-31",
        "symbol": "HOG",
        "reportedCurrency": "USD",
        "cik": "0000793952",
        "fillingDate": "2006-03-03",
        "acceptedDate": "2006-03-03 17:16:09",
        "calendarYear": "2005",
        "period": "Q4",
        "revenue": 1342335000,
        "costOfRevenue": 827825000,
        "grossProfit": 514510000,
        "grossProfitRatio": 0.3832947811,
        "researchAndDevelopmentExpenses": 0,
        "generalAndAdministrativeExpenses": 0,
        "sellingAndMarketingExpenses": 0,
        "sellingGeneralAndAdministrativeExpenses": 203327000,
        "otherExpenses": -39465000,
        "operatingExpenses": 163862000,
        "costAndExpenses": 991687000,
        "interestIncome": 0,
        "interestExpense": 0,
        "depreciationAndAmortization": 45932000,
        "ebitda": 396580000,
        "ebitdaratio": 0.2954404079,
        "operatingIncome": 350648000,
        "operatingIncomeRatio": 0.2612224221,
        "totalOtherIncomeExpensesNet": 6009000,
        "incomeBeforeTax": 356657000,
        "incomeBeforeTaxRatio": 0.26569895,
        "incomeTaxExpense": 126613000,
        "netIncome": 230044000,
        "netIncomeRatio": 0.1713759978,
        "eps": 0.84,
        "epsdiluted": 0.84,
        "weightedAverageShsOut": 272886419,
        "weightedAverageShsOutDil": 273600000,
        "link": "https://www.sec.gov/Archives/edgar/data/793952/000110465906014021/0001104659-06-014021-index.htm",
        "finalLink": "https://www.sec.gov/Archives/edgar/data/793952/000110465906014021/a06-1957_110k.htm"
    },
    {
        "date": "2005-09-25",
        "symbol": "HOG",
        "reportedCurrency": "USD",
        "cik": "0000793952",
        "fillingDate": "2005-11-03",
        "acceptedDate": "2005-11-03 13:41:14",
        "calendarYear": "2005",
        "period": "Q3",
        "revenue": 1431151000,
        "costOfRevenue": 869879000,
        "grossProfit": 561272000,
        "grossProfitRatio": 0.3921822365,
        "researchAndDevelopmentExpenses": 0,
        "generalAndAdministrativeExpenses": 0,
        "sellingAndMarketingExpenses": 0,
        "sellingGeneralAndAdministrativeExpenses": 197985000,
        "otherExpenses": -47575000,
        "operatingExpenses": 150410000,
        "costAndExpenses": 1020289000,
        "interestIncome": 0,
        "interestExpense": 0,
        "depreciationAndAmortization": 53299000,
        "ebitda": 464161000,
        "ebitdaratio": 0.3243270626,
        "operatingIncome": 410862000,
        "operatingIncomeRatio": 0.2870850106,
        "totalOtherIncomeExpensesNet": -79000,
        "incomeBeforeTax": 410783000,
        "incomeBeforeTaxRatio": 0.2870298103,
        "incomeTaxExpense": 145829000,
        "netIncome": 264954000,
        "netIncomeRatio": 0.1851335044,
        "eps": 0.97,
        "epsdiluted": 0.96,
        "weightedAverageShsOut": 273148454,
        "weightedAverageShsOutDil": 275993750,
        "link": "https://www.sec.gov/Archives/edgar/data/793952/000089706905002643/0000897069-05-002643-index.htm",
        "finalLink": "https://www.sec.gov/Archives/edgar/data/793952/000089706905002643/cmw1802.htm"
    },
    {
        "date": "2005-06-26",
        "symbol": "HOG",
        "reportedCurrency": "USD",
        "cik": "0000793952",
        "fillingDate": "2005-08-03",
        "acceptedDate": "2005-08-03 11:33:13",
        "calendarYear": "2005",
        "period": "Q2",
        "revenue": 1333264000,
        "costOfRevenue": 832830000,
        "grossProfit": 500434000,
        "grossProfitRatio": 0.3753450179,
        "researchAndDevelopmentExpenses": 0,
        "generalAndAdministrativeExpenses": 0,
        "sellingAndMarketingExpenses": 0,
        "sellingGeneralAndAdministrativeExpenses": 188096000,
        "otherExpenses": -51021000,
        "operatingExpenses": 137075000,
        "costAndExpenses": 969905000,
        "interestIncome": 0,
        "interestExpense": 0,
        "depreciationAndAmortization": 53149000,
        "ebitda": 416508000,
        "ebitdaratio": 0.3123972447,
        "operatingIncome": 363359000,
        "operatingIncomeRatio": 0.2725334217,
        "totalOtherIncomeExpensesNet": 4689000,
        "incomeBeforeTax": 368048000,
        "incomeBeforeTaxRatio": 0.2760503546,
        "incomeTaxExpense": 130657000,
        "netIncome": 237391000,
        "netIncomeRatio": 0.1780525087,
        "eps": 0.85,
        "epsdiluted": 0.84,
        "weightedAverageShsOut": 279283529,
        "weightedAverageShsOutDil": 282608333,
        "link": "https://www.sec.gov/Archives/edgar/data/793952/000089706905001887/0000897069-05-001887-index.htm",
        "finalLink": "https://www.sec.gov/Archives/edgar/data/793952/000089706905001887/cmw1606.htm"
    },
    {
        "date": "2005-03-27",
        "symbol": "HOG",
        "reportedCurrency": "USD",
        "cik": "0000793952",
        "fillingDate": "2005-05-03",
        "acceptedDate": "2005-05-03 16:36:24",
        "calendarYear": "2005",
        "period": "Q1",
        "revenue": 1235464000,
        "costOfRevenue": 771181000,
        "grossProfit": 464283000,
        "grossProfitRatio": 0.3757964619,
        "researchAndDevelopmentExpenses": 0,
        "generalAndAdministrativeExpenses": 0,
        "sellingAndMarketingExpenses": 0,
        "sellingGeneralAndAdministrativeExpenses": 172700000,
        "otherExpenses": -53559000,
        "operatingExpenses": 119141000,
        "costAndExpenses": 890322000,
        "interestIncome": 0,
        "interestExpense": 0,
        "depreciationAndAmortization": 53325000,
        "ebitda": 398467000,
        "ebitdaratio": 0.3225241691,
        "operatingIncome": 345142000,
        "operatingIncomeRatio": 0.2793622477,
        "totalOtherIncomeExpensesNet": 7129000,
        "incomeBeforeTax": 352271000,
        "incomeBeforeTaxRatio": 0.2851325494,
        "incomeTaxExpense": 125056000,
        "netIncome": 227215000,
        "netIncomeRatio": 0.1839106603,
        "eps": 0.78,
        "epsdiluted": 0.77,
        "weightedAverageShsOut": 293148000,
        "weightedAverageShsOutDil": 294161000,
        "link": "https://www.sec.gov/Archives/edgar/data/793952/000089706905001099/0000897069-05-001099-index.htm",
        "finalLink": "https://www.sec.gov/Archives/edgar/data/793952/000089706905001099/cmw1397.htm"
    },
    {
        "date": "2004-12-31",
        "symbol": "HOG",
        "reportedCurrency": "USD",
        "cik": "0000793952",
        "fillingDate": "2005-03-11",
        "acceptedDate": "2005-03-11 11:21:55",
        "calendarYear": "2004",
        "period": "Q4",
        "revenue": 1220997000,
        "costOfRevenue": 759575000,
        "grossProfit": 461422000,
        "grossProfitRatio": 0.3779059244,
        "researchAndDevelopmentExpenses": 0,
        "generalAndAdministrativeExpenses": 0,
        "sellingAndMarketingExpenses": 0,
        "sellingGeneralAndAdministrativeExpenses": 278368000,
        "otherExpenses": -133145000,
        "operatingExpenses": 145223000,
        "costAndExpenses": 904798000,
        "interestIncome": 0,
        "interestExpense": 0,
        "depreciationAndAmortization": 53347000,
        "ebitda": 369546000,
        "ebitdaratio": 0.3026592203,
        "operatingIncome": 316199000,
        "operatingIncomeRatio": 0.2589678763,
        "totalOtherIncomeExpensesNet": 7775000,
        "incomeBeforeTax": 323974000,
        "incomeBeforeTaxRatio": 0.2653356233,
        "incomeTaxExpense": 115012000,
        "netIncome": 208962000,
        "netIncomeRatio": 0.1711404696,
        "eps": 0.71,
        "epsdiluted": 0.71,
        "weightedAverageShsOut": 293946000,
        "weightedAverageShsOutDil": 294200000,
        "link": "https://www.sec.gov/Archives/edgar/data/793952/000110465905010542/0001104659-05-010542-index.htm",
        "finalLink": "https://www.sec.gov/Archives/edgar/data/793952/000110465905010542/a05-1781_110k.htm"
    },
    {
        "date": "2004-09-26",
        "symbol": "HOG",
        "reportedCurrency": "USD",
        "cik": "0000793952",
        "fillingDate": "2004-11-04",
        "acceptedDate": "2004-11-04 11:41:20",
        "calendarYear": "2004",
        "period": "Q3",
        "revenue": 1300684000,
        "costOfRevenue": 806116000,
        "grossProfit": 494568000,
        "grossProfitRatio": 0.38023686,
        "researchAndDevelopmentExpenses": 0,
        "generalAndAdministrativeExpenses": 0,
        "sellingAndMarketingExpenses": 0,
        "sellingGeneralAndAdministrativeExpenses": 191328000,
        "otherExpenses": -50074000,
        "operatingExpenses": 141254000,
        "costAndExpenses": 947370000,
        "interestIncome": 0,
        "interestExpense": 0,
        "depreciationAndAmortization": 55901000,
        "ebitda": 409215000,
        "ebitdaratio": 0.3146152332,
        "operatingIncome": 353314000,
        "operatingIncomeRatio": 0.2716370771,
        "totalOtherIncomeExpensesNet": 1699000,
        "incomeBeforeTax": 355013000,
        "incomeBeforeTaxRatio": 0.2729433129,
        "incomeTaxExpense": 126030000,
        "netIncome": 228983000,
        "netIncomeRatio": 0.1760481408,
        "eps": 0.78,
        "epsdiluted": 0.77,
        "weightedAverageShsOut": 294031000,
        "weightedAverageShsOutDil": 295824000,
        "link": "https://www.sec.gov/Archives/edgar/data/793952/000089706904001899/0000897069-04-001899-index.htm",
        "finalLink": "https://www.sec.gov/Archives/edgar/data/793952/000089706904001899/cmw1007.htm"
    },
    {
        "date": "2004-06-27",
        "symbol": "HOG",
        "reportedCurrency": "USD",
        "cik": "0000793952",
        "fillingDate": "2004-08-06",
        "acceptedDate": "2004-08-06 14:37:03",
        "calendarYear": "2004",
        "period": "Q2",
        "revenue": 1327808000,
        "costOfRevenue": 824392000,
        "grossProfit": 503416000,
        "grossProfitRatio": 0.3791331277,
        "researchAndDevelopmentExpenses": 0,
        "generalAndAdministrativeExpenses": 0,
        "sellingAndMarketingExpenses": 0,
        "sellingGeneralAndAdministrativeExpenses": 173367000,
        "otherExpenses": -49007000,
        "operatingExpenses": 124360000,
        "costAndExpenses": 948752000,
        "interestIncome": 0,
        "interestExpense": 0,
        "depreciationAndAmortization": 53917000,
        "ebitda": 432973000,
        "ebitdaratio": 0.3260810298,
        "operatingIncome": 379056000,
        "operatingIncomeRatio": 0.2854750084,
        "totalOtherIncomeExpensesNet": 4264000,
        "incomeBeforeTax": 383320000,
        "incomeBeforeTaxRatio": 0.2886863161,
        "incomeTaxExpense": 136079000,
        "netIncome": 247241000,
        "netIncomeRatio": 0.1862023726,
        "eps": 0.84,
        "epsdiluted": 0.83,
        "weightedAverageShsOut": 294304000,
        "weightedAverageShsOutDil": 296396000,
        "link": "https://www.sec.gov/Archives/edgar/data/793952/000089706904001418/0000897069-04-001418-index.htm",
        "finalLink": "https://www.sec.gov/Archives/edgar/data/793952/000089706904001418/cmw854.htm"
    },
    {
        "date": "2004-03-28",
        "symbol": "HOG",
        "reportedCurrency": "USD",
        "cik": "0000793952",
        "fillingDate": "2004-05-06",
        "acceptedDate": "2004-05-06 16:36:02",
        "calendarYear": "2004",
        "period": "Q1",
        "revenue": 1165701000,
        "costOfRevenue": 725572000,
        "grossProfit": 440129000,
        "grossProfitRatio": 0.3775659453,
        "researchAndDevelopmentExpenses": 0,
        "generalAndAdministrativeExpenses": 0,
        "sellingAndMarketingExpenses": 0,
        "sellingGeneralAndAdministrativeExpenses": 177520000,
        "otherExpenses": -50313000,
        "operatingExpenses": 127207000,
        "costAndExpenses": 852779000,
        "interestIncome": 0,
        "interestExpense": 0,
        "depreciationAndAmortization": 50947000,
        "ebitda": 363869000,
        "ebitdaratio": 0.3121460821,
        "operatingIncome": 312922000,
        "operatingIncomeRatio": 0.2684410496,
        "totalOtherIncomeExpensesNet": 4257000,
        "incomeBeforeTax": 317179000,
        "incomeBeforeTaxRatio": 0.2720929295,
        "incomeTaxExpense": 112599000,
        "netIncome": 204580000,
        "netIncomeRatio": 0.1754995492,
        "eps": 0.69,
        "epsdiluted": 0.68,
        "weightedAverageShsOut": 297832000,
        "weightedAverageShsOutDil": 299932000,
        "link": "https://www.sec.gov/Archives/edgar/data/793952/000089706904000981/0000897069-04-000981-index.htm",
        "finalLink": "https://www.sec.gov/Archives/edgar/data/793952/000089706904000981/sdc731.htm"
    },
    {
        "date": "2003-12-31",
        "symbol": "HOG",
        "reportedCurrency": "USD",
        "cik": "0000793952",
        "fillingDate": "2004-03-12",
        "acceptedDate": "2004-03-12 15:57:49",
        "calendarYear": "2003",
        "period": "Q4",
        "revenue": 1158070000,
        "costOfRevenue": 742044000,
        "grossProfit": 416026000,
        "grossProfitRatio": 0.3592408058,
        "researchAndDevelopmentExpenses": 0,
        "generalAndAdministrativeExpenses": 0,
        "sellingAndMarketingExpenses": 0,
        "sellingGeneralAndAdministrativeExpenses": 260838000,
        "otherExpenses": 857679000,
        "operatingExpenses": 1118517000,
        "costAndExpenses": 1860561000,
        "interestIncome": 0,
        "interestExpense": 0,
        "depreciationAndAmortization": 50855000,
        "ebitda": -651636000,
        "ebitdaratio": -0.5626913744,
        "operatingIncome": -702491000,
        "operatingIncomeRatio": -0.6066049548,
        "totalOtherIncomeExpensesNet": 985327000,
        "incomeBeforeTax": 282836000,
        "incomeBeforeTaxRatio": 0.2442304869,
        "incomeTaxExpense": 100406000,
        "netIncome": 182430000,
        "netIncomeRatio": 0.1575293376,
        "eps": 0.61,
        "epsdiluted": 0.61,
        "weightedAverageShsOut": 299900000,
        "weightedAverageShsOutDil": 299900000,
        "link": "https://www.sec.gov/Archives/edgar/data/793952/000110465904007224/0001104659-04-007224-index.htm",
        "finalLink": "https://www.sec.gov/Archives/edgar/data/793952/000110465904007224/a04-3104_110k.htm"
    },
    {
        "date": "2003-09-28",
        "symbol": "HOG",
        "reportedCurrency": "USD",
        "cik": "0000793952",
        "fillingDate": "2003-11-12",
        "acceptedDate": "2003-11-12 16:32:51",
        "calendarYear": "2003",
        "period": "Q3",
        "revenue": 1133641000,
        "costOfRevenue": 730351000,
        "grossProfit": 403290000,
        "grossProfitRatio": 0.3557475427,
        "researchAndDevelopmentExpenses": 0,
        "generalAndAdministrativeExpenses": 0,
        "sellingAndMarketingExpenses": 0,
        "sellingGeneralAndAdministrativeExpenses": 164684000,
        "otherExpenses": -46213000,
        "operatingExpenses": 118471000,
        "costAndExpenses": 848822000,
        "interestIncome": 0,
        "interestExpense": 0,
        "depreciationAndAmortization": 50801000,
        "ebitda": 335620000,
        "ebitdaratio": 0.2960549239,
        "operatingIncome": 284819000,
        "operatingIncomeRatio": 0.2512426774,
        "totalOtherIncomeExpensesNet": 5365000,
        "incomeBeforeTax": 290184000,
        "incomeBeforeTaxRatio": 0.2559752161,
        "incomeTaxExpense": 100112000,
        "netIncome": 190072000,
        "netIncomeRatio": 0.1676650721,
        "eps": 0.63,
        "epsdiluted": 0.62,
        "weightedAverageShsOut": 302313000,
        "weightedAverageShsOutDil": 304580000,
        "link": "https://www.sec.gov/Archives/edgar/data/793952/000089706903001390/0000897069-03-001390-index.htm",
        "finalLink": "https://www.sec.gov/Archives/edgar/data/793952/000089706903001390/sdc550.htm"
    },
    {
        "date": "2003-06-29",
        "symbol": "HOG",
        "reportedCurrency": "USD",
        "cik": "0000793952",
        "fillingDate": "2003-08-11",
        "acceptedDate": "2003-08-11 15:55:17",
        "calendarYear": "2003",
        "period": "Q2",
        "revenue": 1218872000,
        "costOfRevenue": 775654000,
        "grossProfit": 443218000,
        "grossProfitRatio": 0.363629651,
        "researchAndDevelopmentExpenses": 0,
        "generalAndAdministrativeExpenses": 0,
        "sellingAndMarketingExpenses": 0,
        "sellingGeneralAndAdministrativeExpenses": 180648000,
        "otherExpenses": -44466000,
        "operatingExpenses": 136182000,
        "costAndExpenses": 911836000,
        "interestIncome": 0,
        "interestExpense": 0,
        "depreciationAndAmortization": 49385000,
        "ebitda": 356421000,
        "ebitdaratio": 0.2924187281,
        "operatingIncome": 307036000,
        "operatingIncomeRatio": 0.2519017583,
        "totalOtherIncomeExpensesNet": 1729000,
        "incomeBeforeTax": 308765000,
        "incomeBeforeTaxRatio": 0.253320283,
        "incomeTaxExpense": 106523000,
        "netIncome": 202242000,
        "netIncomeRatio": 0.1659255443,
        "eps": 0.67,
        "epsdiluted": 0.66,
        "weightedAverageShsOut": 302164000,
        "weightedAverageShsOutDil": 304339000,
        "link": "https://www.sec.gov/Archives/edgar/data/793952/000089706903000869/0000897069-03-000869-index.htm",
        "finalLink": "https://www.sec.gov/Archives/edgar/data/793952/000089706903000869/cmw92.txt"
    },
    {
        "date": "2003-03-30",
        "symbol": "HOG",
        "reportedCurrency": "USD",
        "cik": "0000793952",
        "fillingDate": "2003-05-14",
        "acceptedDate": "2003-05-14 15:53:20",
        "calendarYear": "2003",
        "period": "Q1",
        "revenue": 1184460000,
        "costOfRevenue": 738071000,
        "grossProfit": 446389000,
        "grossProfitRatio": 0.3768713169,
        "researchAndDevelopmentExpenses": 0,
        "generalAndAdministrativeExpenses": 0,
        "sellingAndMarketingExpenses": 0,
        "sellingGeneralAndAdministrativeExpenses": 167880000,
        "otherExpenses": 0,
        "operatingExpenses": 167880000,
        "costAndExpenses": 905951000,
        "interestIncome": 0,
        "interestExpense": 0,
        "depreciationAndAmortization": 45877000,
        "ebitda": 324386000,
        "ebitdaratio": 0.2738682606,
        "operatingIncome": 278509000,
        "operatingIncomeRatio": 0.2351358425,
        "totalOtherIncomeExpensesNet": 5741000,
        "incomeBeforeTax": 284250000,
        "incomeBeforeTaxRatio": 0.239982777,
        "incomeTaxExpense": 98066000,
        "netIncome": 186184000,
        "netIncomeRatio": 0.15718893,
        "eps": 0.62,
        "epsdiluted": 0.61,
        "weightedAverageShsOut": 302364000,
        "weightedAverageShsOutDil": 304560000,
        "link": "https://www.sec.gov/Archives/edgar/data/793952/000089706903000576/0000897069-03-000576-index.htm",
        "finalLink": "https://www.sec.gov/Archives/edgar/data/793952/000089706903000576/irm323.txt"
    },
    {
        "date": "2002-12-31",
        "symbol": "HOG",
        "reportedCurrency": "USD",
        "cik": "0000793952",
        "fillingDate": "2003-03-28",
        "acceptedDate": "2003-03-28 13:29:17",
        "calendarYear": "2002",
        "period": "Q4",
        "revenue": 1026532000,
        "costOfRevenue": 655906000,
        "grossProfit": 370626000,
        "grossProfitRatio": 0.3610467087,
        "researchAndDevelopmentExpenses": 0,
        "generalAndAdministrativeExpenses": 0,
        "sellingAndMarketingExpenses": 0,
        "sellingGeneralAndAdministrativeExpenses": 246752000,
        "otherExpenses": -111314000,
        "operatingExpenses": 135438000,
        "costAndExpenses": 791344000,
        "interestIncome": 0,
        "interestExpense": 0,
        "depreciationAndAmortization": 44112000,
        "ebitda": 279300000,
        "ebitdaratio": 0.2720811431,
        "operatingIncome": 235188000,
        "operatingIncomeRatio": 0.2291092728,
        "totalOtherIncomeExpensesNet": -4866000,
        "incomeBeforeTax": 230322000,
        "incomeBeforeTaxRatio": 0.2243690406,
        "incomeTaxExpense": 79461000,
        "netIncome": 150861000,
        "netIncomeRatio": 0.1469618093,
        "eps": 0.5,
        "epsdiluted": 0.5,
        "weightedAverageShsOut": 301993417,
        "weightedAverageShsOutDil": 304600000,
        "link": "https://www.sec.gov/Archives/edgar/data/793952/000110465903005244/0001104659-03-005244-index.htm",
        "finalLink": "https://www.sec.gov/Archives/edgar/data/793952/000110465903005244/j8382_10k.htm"
    },
    {
        "date": "2002-09-29",
        "symbol": "HOG",
        "reportedCurrency": "USD",
        "cik": "0000793952",
        "fillingDate": "2002-11-12",
        "acceptedDate": "2002-11-12 16:55:27",
        "calendarYear": "2002",
        "period": "Q3",
        "revenue": 1135499000,
        "costOfRevenue": 738649000,
        "grossProfit": 396850000,
        "grossProfitRatio": 0.3494939229,
        "researchAndDevelopmentExpenses": 0,
        "generalAndAdministrativeExpenses": 0,
        "sellingAndMarketingExpenses": 0,
        "sellingGeneralAndAdministrativeExpenses": 177055000,
        "otherExpenses": -29679000,
        "operatingExpenses": 147376000,
        "costAndExpenses": 886025000,
        "interestIncome": 0,
        "interestExpense": 0,
        "depreciationAndAmortization": 44152000,
        "ebitda": 293626000,
        "ebitdaratio": 0.2585876342,
        "operatingIncome": 249474000,
        "operatingIncomeRatio": 0.2197042886,
        "totalOtherIncomeExpensesNet": 2461000,
        "incomeBeforeTax": 251935000,
        "incomeBeforeTaxRatio": 0.2218716177,
        "incomeTaxExpense": 86918000,
        "netIncome": 165017000,
        "netIncomeRatio": 0.1453255353,
        "eps": 0.55,
        "epsdiluted": 0.54,
        "weightedAverageShsOut": 302109000,
        "weightedAverageShsOutDil": 304783000,
        "link": "https://www.sec.gov/Archives/edgar/data/793952/000089706902000886/0000897069-02-000886-index.htm",
        "finalLink": "https://www.sec.gov/Archives/edgar/data/793952/000089706902000886/slp437.txt"
    },
    {
        "date": "2002-06-30",
        "symbol": "HOG",
        "reportedCurrency": "USD",
        "cik": "0000793952",
        "fillingDate": "2002-08-12",
        "acceptedDate": "2002-08-12 17:18:46",
        "calendarYear": "2002",
        "period": "Q2",
        "revenue": 1061243000,
        "costOfRevenue": 689115000,
        "grossProfit": 372128000,
        "grossProfitRatio": 0.3506529607,
        "researchAndDevelopmentExpenses": 0,
        "generalAndAdministrativeExpenses": 0,
        "sellingAndMarketingExpenses": 0,
        "sellingGeneralAndAdministrativeExpenses": 155811000,
        "otherExpenses": 0,
        "operatingExpenses": 155811000,
        "costAndExpenses": 844926000,
        "interestIncome": 0,
        "interestExpense": 0,
        "depreciationAndAmortization": 44913000,
        "ebitda": 298270000,
        "ebitdaratio": 0.2810572131,
        "operatingIncome": 216317000,
        "operatingIncomeRatio": 0.2038336177,
        "totalOtherIncomeExpensesNet": 4049000,
        "incomeBeforeTax": 220366000,
        "incomeBeforeTaxRatio": 0.207648955,
        "incomeTaxExpense": 76025000,
        "netIncome": 144341000,
        "netIncomeRatio": 0.1360112623,
        "eps": 0.48,
        "epsdiluted": 0.47,
        "weightedAverageShsOut": 302209000,
        "weightedAverageShsOutDil": 305194000,
        "link": "https://www.sec.gov/Archives/edgar/data/793952/000089706902000575/0000897069-02-000575-index.htm",
        "finalLink": "https://www.sec.gov/Archives/edgar/data/793952/000089706902000575/sdc169a.txt"
    },
    {
        "date": "2002-03-31",
        "symbol": "HOG",
        "reportedCurrency": "USD",
        "cik": "0000793952",
        "fillingDate": "2002-05-07",
        "acceptedDate": "2002-05-07 14:45:59",
        "calendarYear": "2002",
        "period": "Q1",
        "revenue": 969536000,
        "costOfRevenue": 642108000,
        "grossProfit": 327428000,
        "grossProfitRatio": 0.3377161859,
        "researchAndDevelopmentExpenses": 0,
        "generalAndAdministrativeExpenses": 0,
        "sellingAndMarketingExpenses": 0,
        "sellingGeneralAndAdministrativeExpenses": 145705000,
        "otherExpenses": 0,
        "operatingExpenses": 145705000,
        "costAndExpenses": 787813000,
        "interestIncome": 0,
        "interestExpense": 0,
        "depreciationAndAmortization": 42601000,
        "ebitda": 224324000,
        "ebitdaratio": 0.2313725328,
        "operatingIncome": 181723000,
        "operatingIncomeRatio": 0.1874329576,
        "totalOtherIncomeExpensesNet": 1481000,
        "incomeBeforeTax": 183204000,
        "incomeBeforeTaxRatio": 0.1889604924,
        "incomeTaxExpense": 63206000,
        "netIncome": 119998000,
        "netIncomeRatio": 0.1237684831,
        "eps": 0.4,
        "epsdiluted": 0.39,
        "weightedAverageShsOut": 302475000,
        "weightedAverageShsOutDil": 305618000,
        "link": "https://www.sec.gov/Archives/edgar/data/793952/000089706902000346/0000897069-02-000346-index.htm",
        "finalLink": "https://www.sec.gov/Archives/edgar/data/793952/000089706902000346/pdm317a.txt"
    },
    {
        "date": "2001-12-31",
        "symbol": "HOG",
        "reportedCurrency": "USD",
        "cik": "0000793952",
        "fillingDate": "2002-03-28",
        "acceptedDate": "2002-03-28 00:00:00",
        "calendarYear": "2001",
        "period": "Q4",
        "revenue": 894401000,
        "costOfRevenue": 574773000,
        "grossProfit": 319628000,
        "grossProfitRatio": 0.3573654323,
        "researchAndDevelopmentExpenses": 0,
        "generalAndAdministrativeExpenses": 0,
        "sellingAndMarketingExpenses": 0,
        "sellingGeneralAndAdministrativeExpenses": 154146000,
        "otherExpenses": 44303000,
        "operatingExpenses": 198449000,
        "costAndExpenses": 773222000,
        "interestIncome": 0,
        "interestExpense": 0,
        "depreciationAndAmortization": 40324000,
        "ebitda": 161503000,
        "ebitdaratio": 0.1805711308,
        "operatingIncome": 121179000,
        "operatingIncomeRatio": 0.1354862081,
        "totalOtherIncomeExpensesNet": 60897000,
        "incomeBeforeTax": 182076000,
        "incomeBeforeTaxRatio": 0.2035731177,
        "incomeTaxExpense": 63726000,
        "netIncome": 118350000,
        "netIncomeRatio": 0.1323231973,
        "eps": 0.39,
        "epsdiluted": 0.39,
        "weightedAverageShsOut": 299874172,
        "weightedAverageShsOutDil": 302475000,
        "link": "https://www.sec.gov/Archives/edgar/data/793952/000091205702012138/0000912057-02-012138-index.htm",
        "finalLink": "https://www.sec.gov/Archives/edgar/data/793952/000091205702012138/a2073955z10-k405.htm"
    },
    {
        "date": "2001-09-23",
        "symbol": "HOG",
        "reportedCurrency": "USD",
        "cik": "0000793952",
        "fillingDate": "2001-11-06",
        "acceptedDate": "2001-11-06 00:00:00",
        "calendarYear": "2001",
        "period": "Q3",
        "revenue": 861649000,
        "costOfRevenue": 564154000,
        "grossProfit": 297495000,
        "grossProfitRatio": 0.345262398,
        "researchAndDevelopmentExpenses": 0,
        "generalAndAdministrativeExpenses": 0,
        "sellingAndMarketingExpenses": 0,
        "sellingGeneralAndAdministrativeExpenses": 144527000,
        "otherExpenses": -16238000,
        "operatingExpenses": 128289000,
        "costAndExpenses": 692443000,
        "interestIncome": 0,
        "interestExpense": 0,
        "depreciationAndAmortization": 39926000,
        "ebitda": 209132000,
        "ebitdaratio": 0.2427113593,
        "operatingIncome": 169206000,
        "operatingIncomeRatio": 0.1963746259,
        "totalOtherIncomeExpensesNet": 2674000,
        "incomeBeforeTax": 171880000,
        "incomeBeforeTaxRatio": 0.1994779777,
        "incomeTaxExpense": 60159000,
        "netIncome": 111721000,
        "netIncomeRatio": 0.1296595249,
        "eps": 0.37,
        "epsdiluted": 0.36,
        "weightedAverageShsOut": 303108000,
        "weightedAverageShsOutDil": 306818000,
        "link": "https://www.sec.gov/Archives/edgar/data/793952/000089706901500534/0000897069-01-500534-index.htm",
        "finalLink": "https://www.sec.gov/Archives/edgar/data/793952/000089706901500534/slp118.txt"
    },
    {
        "date": "2001-06-24",
        "symbol": "HOG",
        "reportedCurrency": "USD",
        "cik": "0000793952",
        "fillingDate": "2001-08-07",
        "acceptedDate": "2001-08-07 00:00:00",
        "calendarYear": "2001",
        "period": "Q2",
        "revenue": 862309000,
        "costOfRevenue": 573614000,
        "grossProfit": 288695000,
        "grossProfitRatio": 0.3347929802,
        "researchAndDevelopmentExpenses": 0,
        "generalAndAdministrativeExpenses": 0,
        "sellingAndMarketingExpenses": 0,
        "sellingGeneralAndAdministrativeExpenses": 138671000,
        "otherExpenses": -23086000,
        "operatingExpenses": 115585000,
        "costAndExpenses": 689199000,
        "interestIncome": 0,
        "interestExpense": 0,
        "depreciationAndAmortization": 37187000,
        "ebitda": 210297000,
        "ebitdaratio": 0.243876615,
        "operatingIncome": 173110000,
        "operatingIncomeRatio": 0.2007517027,
        "totalOtherIncomeExpensesNet": 4777000,
        "incomeBeforeTax": 177887000,
        "incomeBeforeTaxRatio": 0.2062914802,
        "incomeTaxExpense": 62260000,
        "netIncome": 115627000,
        "netIncomeRatio": 0.134089984,
        "eps": 0.38,
        "epsdiluted": 0.38,
        "weightedAverageShsOut": 302621000,
        "weightedAverageShsOutDil": 306569000,
        "link": "https://www.sec.gov/Archives/edgar/data/793952/000089706901500334/0000897069-01-500334-index.htm",
        "finalLink": "https://www.sec.gov/Archives/edgar/data/793952/000089706901500334/sdc42a.txt"
    },
    {
        "date": "2001-03-25",
        "symbol": "HOG",
        "reportedCurrency": "USD",
        "cik": "0000793952",
        "fillingDate": "2001-05-09",
        "acceptedDate": "2001-05-09 00:00:00",
        "calendarYear": "2001",
        "period": "Q1",
        "revenue": 767277000,
        "costOfRevenue": 504160000,
        "grossProfit": 263117000,
        "grossProfitRatio": 0.3429230904,
        "researchAndDevelopmentExpenses": 0,
        "generalAndAdministrativeExpenses": 0,
        "sellingAndMarketingExpenses": 0,
        "sellingGeneralAndAdministrativeExpenses": 130363000,
        "otherExpenses": -4979000,
        "operatingExpenses": 125384000,
        "costAndExpenses": 629544000,
        "interestIncome": 0,
        "interestExpense": 0,
        "depreciationAndAmortization": 35624000,
        "ebitda": 173357000,
        "ebitdaratio": 0.2259379598,
        "operatingIncome": 137733000,
        "operatingIncomeRatio": 0.1795088345,
        "totalOtherIncomeExpensesNet": 3879000,
        "incomeBeforeTax": 141612000,
        "incomeBeforeTaxRatio": 0.1845643751,
        "incomeTaxExpense": 49564000,
        "netIncome": 92048000,
        "netIncomeRatio": 0.1199671044,
        "eps": 0.3,
        "epsdiluted": 0.3,
        "weightedAverageShsOut": 301922000,
        "weightedAverageShsOutDil": 306063000,
        "link": "https://www.sec.gov/Archives/edgar/data/793952/000089706901500158/0000897069-01-500158-index.htm",
        "finalLink": "https://www.sec.gov/Archives/edgar/data/793952/000089706901500158/pdm31a.txt"
    },
    {
        "date": "2000-12-31",
        "symbol": "HOG",
        "reportedCurrency": "USD",
        "cik": "0000793952",
        "fillingDate": "2001-03-30",
        "acceptedDate": "2001-03-30 00:00:00",
        "calendarYear": "2000",
        "period": "Q4",
        "revenue": 756160000,
        "costOfRevenue": 458657000,
        "grossProfit": 297503000,
        "grossProfitRatio": 0.3934392192,
        "researchAndDevelopmentExpenses": 0,
        "generalAndAdministrativeExpenses": 0,
        "sellingAndMarketingExpenses": 0,
        "sellingGeneralAndAdministrativeExpenses": 133983000,
        "otherExpenses": 34750000,
        "operatingExpenses": 168733000,
        "costAndExpenses": 627390000,
        "interestIncome": 0,
        "interestExpense": 0,
        "depreciationAndAmortization": 34750000,
        "ebitda": 163520000,
        "ebitdaratio": 0.216250529,
        "operatingIncome": 128770000,
        "operatingIncomeRatio": 0.1702946466,
        "totalOtherIncomeExpensesNet": 16753000,
        "incomeBeforeTax": 145523000,
        "incomeBeforeTaxRatio": 0.1924500106,
        "incomeTaxExpense": 51662000,
        "netIncome": 93861000,
        "netIncomeRatio": 0.1241284913,
        "eps": 0.31,
        "epsdiluted": 0.31,
        "weightedAverageShsOut": 300529522,
        "weightedAverageShsOutDil": 306100000,
        "link": "https://www.sec.gov/Archives/edgar/data/793952/000091205701505824/0000912057-01-505824-index.htm",
        "finalLink": "https://www.sec.gov/Archives/edgar/data/793952/000091205701505824/a2042993z10-k405.htm"
    },
    {
        "date": "2000-09-24",
        "symbol": "HOG",
        "reportedCurrency": "USD",
        "cik": "0000793952",
        "fillingDate": "2000-11-08",
        "acceptedDate": "2000-11-08 00:00:00",
        "calendarYear": "2000",
        "period": "Q3",
        "revenue": 714119000,
        "costOfRevenue": 441252000,
        "grossProfit": 272867000,
        "grossProfitRatio": 0.3821029828,
        "researchAndDevelopmentExpenses": 0,
        "generalAndAdministrativeExpenses": 0,
        "sellingAndMarketingExpenses": 0,
        "sellingGeneralAndAdministrativeExpenses": 125194000,
        "otherExpenses": 33253000,
        "operatingExpenses": 158447000,
        "costAndExpenses": 599699000,
        "interestIncome": 0,
        "interestExpense": 0,
        "depreciationAndAmortization": 33253000,
        "ebitda": 147673000,
        "ebitdaratio": 0.2067904649,
        "operatingIncome": 114420000,
        "operatingIncomeRatio": 0.1602253966,
        "totalOtherIncomeExpensesNet": 14320000,
        "incomeBeforeTax": 128740000,
        "incomeBeforeTaxRatio": 0.1802780769,
        "incomeTaxExpense": 45702000,
        "netIncome": 83038000,
        "netIncomeRatio": 0.1162803398,
        "eps": 0.27,
        "epsdiluted": 0.27,
        "weightedAverageShsOut": 302674000,
        "weightedAverageShsOutDil": 307612000,
        "link": "https://www.sec.gov/Archives/edgar/data/793952/000089706900000550/0000897069-00-000550-index.htm",
        "finalLink": "https://www.sec.gov/Archives/edgar/data/793952/000089706900000550/0000897069-00-000550-0001.txt"
    },
    {
        "date": "2000-06-25",
        "symbol": "HOG",
        "reportedCurrency": "USD",
        "cik": "0000793952",
        "fillingDate": "2000-08-09",
        "acceptedDate": "2000-08-09 00:00:00",
        "calendarYear": "2000",
        "period": "Q2",
        "revenue": 754973000,
        "costOfRevenue": 464827000,
        "grossProfit": 290146000,
        "grossProfitRatio": 0.3843130814,
        "researchAndDevelopmentExpenses": 0,
        "generalAndAdministrativeExpenses": 0,
        "sellingAndMarketingExpenses": 0,
        "sellingGeneralAndAdministrativeExpenses": 132177000,
        "otherExpenses": 33000000,
        "operatingExpenses": 165177000,
        "costAndExpenses": 630004000,
        "interestIncome": 0,
        "interestExpense": 0,
        "depreciationAndAmortization": 33000000,
        "ebitda": 157969000,
        "ebitdaratio": 0.2092379463,
        "operatingIncome": 124969000,
        "operatingIncomeRatio": 0.1655277738,
        "totalOtherIncomeExpensesNet": 14895000,
        "incomeBeforeTax": 139864000,
        "incomeBeforeTaxRatio": 0.1852569562,
        "incomeTaxExpense": 49277000,
        "netIncome": 90587000,
        "netIncomeRatio": 0.1199870724,
        "eps": 0.3,
        "epsdiluted": 0.29,
        "weightedAverageShsOut": 303337000,
        "weightedAverageShsOutDil": 308104000,
        "link": "https://www.sec.gov/Archives/edgar/data/793952/000089706900000403/0000897069-00-000403-index.htm",
        "finalLink": "https://www.sec.gov/Archives/edgar/data/793952/000089706900000403/0000897069-00-000403-0001.txt"
    },
    {
        "date": "2000-03-26",
        "symbol": "HOG",
        "reportedCurrency": "USD",
        "cik": "0000793952",
        "fillingDate": "2000-05-10",
        "acceptedDate": "2000-05-10 00:00:00",
        "calendarYear": "2000",
        "period": "Q1",
        "revenue": 681113000,
        "costOfRevenue": 417463000,
        "grossProfit": 263650000,
        "grossProfitRatio": 0.3870870179,
        "researchAndDevelopmentExpenses": 0,
        "generalAndAdministrativeExpenses": 0,
        "sellingAndMarketingExpenses": 0,
        "sellingGeneralAndAdministrativeExpenses": 121670000,
        "otherExpenses": 32345000,
        "operatingExpenses": 154015000,
        "costAndExpenses": 571478000,
        "interestIncome": 0,
        "interestExpense": 0,
        "depreciationAndAmortization": 32345000,
        "ebitda": 141980000,
        "ebitdaratio": 0.2084529292,
        "operatingIncome": 109635000,
        "operatingIncomeRatio": 0.1609644802,
        "totalOtherIncomeExpensesNet": 24794000,
        "incomeBeforeTax": 134429000,
        "incomeBeforeTaxRatio": 0.1973666631,
        "incomeTaxExpense": 54202000,
        "netIncome": 80227000,
        "netIncomeRatio": 0.117788091,
        "eps": 0.26,
        "epsdiluted": 0.26,
        "weightedAverageShsOut": 302898000,
        "weightedAverageShsOutDil": 307712000,
        "link": "https://www.sec.gov/Archives/edgar/data/793952/000089706900000278/0000897069-00-000278-index.html",
        "finalLink": "https://www.sec.gov/Archives/edgar/data/793952/000089706900000278/"
    },
    {
        "date": "1999-12-31",
        "symbol": "HOG",
        "reportedCurrency": "USD",
        "cik": "0000793952",
        "fillingDate": "2000-03-28",
        "acceptedDate": "2000-03-28 00:00:00",
        "calendarYear": "1999",
        "period": "Q4",
        "revenue": 662400000,
        "costOfRevenue": 402100000,
        "grossProfit": 260300000,
        "grossProfitRatio": 0.3929649758,
        "researchAndDevelopmentExpenses": 0,
        "generalAndAdministrativeExpenses": 0,
        "sellingAndMarketingExpenses": 0,
        "sellingGeneralAndAdministrativeExpenses": 120800000,
        "otherExpenses": 31400000,
        "operatingExpenses": 152200000,
        "costAndExpenses": 554300000,
        "interestIncome": 0,
        "interestExpense": 0,
        "depreciationAndAmortization": 31400000,
        "ebitda": 139500000,
        "ebitdaratio": 0.2105978261,
        "operatingIncome": 108100000,
        "operatingIncomeRatio": 0.1631944444,
        "totalOtherIncomeExpensesNet": 8800000,
        "incomeBeforeTax": 116900000,
        "incomeBeforeTaxRatio": 0.1764794686,
        "incomeTaxExpense": 42700000,
        "netIncome": 74200000,
        "netIncomeRatio": 0.1120169082,
        "eps": 0.24,
        "epsdiluted": 0.24,
        "weightedAverageShsOut": 295497835,
        "weightedAverageShsOutDil": 307700000,
        "link": "https://www.sec.gov/Archives/edgar/data/793952/000091205700014049/0000912057-00-014049-index.html",
        "finalLink": "https://www.sec.gov/Archives/edgar/data/793952/000091205700014049/"
    },
    {
        "date": "1999-09-26",
        "symbol": "HOG",
        "reportedCurrency": "USD",
        "cik": "0000793952",
        "fillingDate": "1999-11-10",
        "acceptedDate": "1999-11-10 00:00:00",
        "calendarYear": "1999",
        "period": "Q3",
        "revenue": 623200000,
        "costOfRevenue": 389000000,
        "grossProfit": 234200000,
        "grossProfitRatio": 0.3758023107,
        "researchAndDevelopmentExpenses": 0,
        "generalAndAdministrativeExpenses": 0,
        "sellingAndMarketingExpenses": 0,
        "sellingGeneralAndAdministrativeExpenses": 110800000,
        "otherExpenses": 29500000,
        "operatingExpenses": 140300000,
        "costAndExpenses": 529300000,
        "interestIncome": 0,
        "interestExpense": 0,
        "depreciationAndAmortization": 29500000,
        "ebitda": 123400000,
        "ebitdaratio": 0.1980102696,
        "operatingIncome": 93900000,
        "operatingIncomeRatio": 0.1506739409,
        "totalOtherIncomeExpensesNet": 9100000,
        "incomeBeforeTax": 103000000,
        "incomeBeforeTaxRatio": 0.1652759949,
        "incomeTaxExpense": 37600000,
        "netIncome": 65400000,
        "netIncomeRatio": 0.1049422336,
        "eps": 0.22,
        "epsdiluted": 0.21,
        "weightedAverageShsOut": 297272727,
        "weightedAverageShsOutDil": 311428571,
        "link": "https://www.sec.gov/Archives/edgar/data/793952/000089706999000543/0000897069-99-000543-index.html",
        "finalLink": "https://www.sec.gov/Archives/edgar/data/793952/000089706999000543/"
    },
    {
        "date": "1999-06-27",
        "symbol": "HOG",
        "reportedCurrency": "USD",
        "cik": "0000793952",
        "fillingDate": "1999-08-11",
        "acceptedDate": "1999-08-11 00:00:00",
        "calendarYear": "1999",
        "period": "Q2",
        "revenue": 608700000,
        "costOfRevenue": 369100000,
        "grossProfit": 239600000,
        "grossProfitRatio": 0.3936257598,
        "researchAndDevelopmentExpenses": 0,
        "generalAndAdministrativeExpenses": 0,
        "sellingAndMarketingExpenses": 0,
        "sellingGeneralAndAdministrativeExpenses": 115500000,
        "otherExpenses": 26600000,
        "operatingExpenses": 142100000,
        "costAndExpenses": 511200000,
        "interestIncome": 0,
        "interestExpense": 0,
        "depreciationAndAmortization": 26600000,
        "ebitda": 124100000,
        "ebitdaratio": 0.2038771152,
        "operatingIncome": 97500000,
        "operatingIncomeRatio": 0.1601774273,
        "totalOtherIncomeExpensesNet": 10500000,
        "incomeBeforeTax": 108000000,
        "incomeBeforeTaxRatio": 0.1774273041,
        "incomeTaxExpense": 39400000,
        "netIncome": 68600000,
        "netIncomeRatio": 0.112699195,
        "eps": 0.23,
        "epsdiluted": 0.22,
        "weightedAverageShsOut": 298260870,
        "weightedAverageShsOutDil": 311818182,
        "link": "https://www.sec.gov/Archives/edgar/data/793952/000089706999000412/0000897069-99-000412-index.html",
        "finalLink": "https://www.sec.gov/Archives/edgar/data/793952/000089706999000412/"
    },
    {
        "date": "1999-03-28",
        "symbol": "HOG",
        "reportedCurrency": "USD",
        "cik": "0000793952",
        "fillingDate": "1999-05-10",
        "acceptedDate": "1999-05-10 00:00:00",
        "calendarYear": "1999",
        "period": "Q1",
        "revenue": 558600000,
        "costOfRevenue": 343100000,
        "grossProfit": 215500000,
        "grossProfitRatio": 0.3857858933,
        "researchAndDevelopmentExpenses": 0,
        "generalAndAdministrativeExpenses": 0,
        "sellingAndMarketingExpenses": 0,
        "sellingGeneralAndAdministrativeExpenses": 100500000,
        "otherExpenses": 26300000,
        "operatingExpenses": 126800000,
        "costAndExpenses": 469900000,
        "interestIncome": 0,
        "interestExpense": 0,
        "depreciationAndAmortization": 26300000,
        "ebitda": 115000000,
        "ebitdaratio": 0.2058718224,
        "operatingIncome": 88700000,
        "operatingIncomeRatio": 0.1587898317,
        "totalOtherIncomeExpensesNet": 4200000,
        "incomeBeforeTax": 92900000,
        "incomeBeforeTaxRatio": 0.1663086287,
        "incomeTaxExpense": 33900000,
        "netIncome": 59000000,
        "netIncomeRatio": 0.1056211958,
        "eps": 0.2,
        "epsdiluted": 0.19,
        "weightedAverageShsOut": 295000000,
        "weightedAverageShsOutDil": 310526316,
        "link": "https://www.sec.gov/Archives/edgar/data/793952/000089706999000283/0000897069-99-000283-index.html",
        "finalLink": "https://www.sec.gov/Archives/edgar/data/793952/"
    },
    {
        "date": "1998-12-31",
        "symbol": "HOG",
        "reportedCurrency": "USD",
        "cik": "0000793952",
        "fillingDate": "1999-03-19",
        "acceptedDate": "1999-03-19 00:00:00",
        "calendarYear": "1998",
        "period": "Q4",
        "revenue": 563100000,
        "costOfRevenue": 346300000,
        "grossProfit": 216800000,
        "grossProfitRatio": 0.3850115432,
        "researchAndDevelopmentExpenses": 0,
        "generalAndAdministrativeExpenses": 0,
        "sellingAndMarketingExpenses": 0,
        "sellingGeneralAndAdministrativeExpenses": 104400000,
        "otherExpenses": 24700000,
        "operatingExpenses": 129100000,
        "costAndExpenses": 475400000,
        "interestIncome": 0,
        "interestExpense": 0,
        "depreciationAndAmortization": 24700000,
        "ebitda": 112400000,
        "ebitdaratio": 0.1996093056,
        "operatingIncome": 87700000,
        "operatingIncomeRatio": 0.1557449831,
        "totalOtherIncomeExpensesNet": 8400000,
        "incomeBeforeTax": 96100000,
        "incomeBeforeTaxRatio": 0.1706624045,
        "incomeTaxExpense": 35100000,
        "netIncome": 61000000,
        "netIncomeRatio": 0.1083288936,
        "eps": 0.2,
        "epsdiluted": 0.2,
        "weightedAverageShsOut": 305000000,
        "weightedAverageShsOutDil": 311400000,
        "link": "https://www.sec.gov/Archives/edgar/data/793952/000104746999010539/0001047469-99-010539-index.html",
        "finalLink": "https://www.sec.gov/Archives/edgar/data/793952/"
    },
    {
        "date": "1998-09-27",
        "symbol": "HOG",
        "reportedCurrency": "USD",
        "cik": "0000793952",
        "fillingDate": "1998-11-12",
        "acceptedDate": "1998-11-12 00:00:00",
        "calendarYear": "1998",
        "period": "Q3",
        "revenue": 517200000,
        "costOfRevenue": 323800000,
        "grossProfit": 193400000,
        "grossProfitRatio": 0.3739365816,
        "researchAndDevelopmentExpenses": 0,
        "generalAndAdministrativeExpenses": 0,
        "sellingAndMarketingExpenses": 0,
        "sellingGeneralAndAdministrativeExpenses": 94600000,
        "otherExpenses": 22300000,
        "operatingExpenses": 116900000,
        "costAndExpenses": 440700000,
        "interestIncome": 0,
        "interestExpense": 0,
        "depreciationAndAmortization": 22300000,
        "ebitda": 98800000,
        "ebitdaratio": 0.1910286156,
        "operatingIncome": 76500000,
        "operatingIncomeRatio": 0.1479118329,
        "totalOtherIncomeExpensesNet": 6000000,
        "incomeBeforeTax": 82500000,
        "incomeBeforeTaxRatio": 0.159512761,
        "incomeTaxExpense": 30100000,
        "netIncome": 52400000,
        "netIncomeRatio": 0.1013147718,
        "eps": 0.17,
        "epsdiluted": 0.17,
        "weightedAverageShsOut": 308235294,
        "weightedAverageShsOutDil": 308235294,
        "link": "https://www.sec.gov/Archives/edgar/data/793952/000089706998000542/0000897069-98-000542-index.html",
        "finalLink": "https://www.sec.gov/Archives/edgar/data/793952/"
    },
    {
        "date": "1998-06-28",
        "symbol": "HOG",
        "reportedCurrency": "USD",
        "cik": "0000793952",
        "fillingDate": "1998-08-11",
        "acceptedDate": "1998-08-11 00:00:00",
        "calendarYear": "1998",
        "period": "Q2",
        "revenue": 517200000,
        "costOfRevenue": 318300000,
        "grossProfit": 198900000,
        "grossProfitRatio": 0.3845707657,
        "researchAndDevelopmentExpenses": 0,
        "generalAndAdministrativeExpenses": 0,
        "sellingAndMarketingExpenses": 0,
        "sellingGeneralAndAdministrativeExpenses": 96600000,
        "otherExpenses": 21300000,
        "operatingExpenses": 117900000,
        "costAndExpenses": 436200000,
        "interestIncome": 0,
        "interestExpense": 0,
        "depreciationAndAmortization": 21300000,
        "ebitda": 102300000,
        "ebitdaratio": 0.1977958237,
        "operatingIncome": 81000000,
        "operatingIncomeRatio": 0.156612529,
        "totalOtherIncomeExpensesNet": 6200000,
        "incomeBeforeTax": 87200000,
        "incomeBeforeTaxRatio": 0.1686001547,
        "incomeTaxExpense": 31800000,
        "netIncome": 55400000,
        "netIncomeRatio": 0.1071152359,
        "eps": 0.18,
        "epsdiluted": 0.18,
        "weightedAverageShsOut": 307777778,
        "weightedAverageShsOutDil": 307777778,
        "link": "https://www.sec.gov/Archives/edgar/data/793952/000089706998000406/0000897069-98-000406-index.html",
        "finalLink": "https://www.sec.gov/Archives/edgar/data/793952/"
    },
    {
        "date": "1998-03-29",
        "symbol": "HOG",
        "reportedCurrency": "USD",
        "cik": "0000793952",
        "fillingDate": "1998-05-13",
        "acceptedDate": "1998-05-13 00:00:00",
        "calendarYear": "1998",
        "period": "Q1",
        "revenue": 466500000,
        "costOfRevenue": 297600000,
        "grossProfit": 168900000,
        "grossProfitRatio": 0.3620578778,
        "researchAndDevelopmentExpenses": 0,
        "generalAndAdministrativeExpenses": 0,
        "sellingAndMarketingExpenses": 0,
        "sellingGeneralAndAdministrativeExpenses": 81700000,
        "otherExpenses": 19100000,
        "operatingExpenses": 100800000,
        "costAndExpenses": 398400000,
        "interestIncome": 0,
        "interestExpense": 0,
        "depreciationAndAmortization": 19100000,
        "ebitda": 87200000,
        "ebitdaratio": 0.1869239014,
        "operatingIncome": 68100000,
        "operatingIncomeRatio": 0.1459807074,
        "totalOtherIncomeExpensesNet": 2300000,
        "incomeBeforeTax": 70400000,
        "incomeBeforeTaxRatio": 0.1509110397,
        "incomeTaxExpense": 25700000,
        "netIncome": 44700000,
        "netIncomeRatio": 0.0958199357,
        "eps": 0.15,
        "epsdiluted": 0.15,
        "weightedAverageShsOut": 298000000,
        "weightedAverageShsOutDil": 298000000,
        "link": "https://www.sec.gov/Archives/edgar/data/793952/000089706998000287/0000897069-98-000287-index.html",
        "finalLink": "https://www.sec.gov/Archives/edgar/data/793952/"
    },
    {
        "date": "1997-12-31",
        "symbol": "HOG",
        "reportedCurrency": "USD",
        "cik": "0000793952",
        "fillingDate": "1998-03-30",
        "acceptedDate": "1998-03-30 00:00:00",
        "calendarYear": "1997",
        "period": "Q4",
        "revenue": 447100000,
        "costOfRevenue": 275800000,
        "grossProfit": 171300000,
        "grossProfitRatio": 0.3831357638,
        "researchAndDevelopmentExpenses": 0,
        "generalAndAdministrativeExpenses": 0,
        "sellingAndMarketingExpenses": 0,
        "sellingGeneralAndAdministrativeExpenses": 87000000,
        "otherExpenses": 18900000,
        "operatingExpenses": 105900000,
        "costAndExpenses": 381700000,
        "interestIncome": 0,
        "interestExpense": 0,
        "depreciationAndAmortization": 18900000,
        "ebitda": 84300000,
        "ebitdaratio": 0.1885484232,
        "operatingIncome": 65400000,
        "operatingIncomeRatio": 0.1462760009,
        "totalOtherIncomeExpensesNet": 3600000,
        "incomeBeforeTax": 69000000,
        "incomeBeforeTaxRatio": 0.1543278909,
        "incomeTaxExpense": 25500000,
        "netIncome": 43500000,
        "netIncomeRatio": 0.0972936703,
        "eps": 0.14,
        "epsdiluted": 0.14,
        "weightedAverageShsOut": 308400000,
        "weightedAverageShsOutDil": 308400000,
        "link": "https://www.sec.gov/Archives/edgar/data/793952/000104746998012517/0001047469-98-012517-index.html",
        "finalLink": "https://www.sec.gov/Archives/edgar/data/793952/"
    },
    {
        "date": "1997-09-28",
        "symbol": "HOG",
        "reportedCurrency": "USD",
        "cik": "0000793952",
        "fillingDate": "1997-11-12",
        "acceptedDate": "1997-11-12 00:00:00",
        "calendarYear": "1997",
        "period": "Q3",
        "revenue": 444200000,
        "costOfRevenue": 281100000,
        "grossProfit": 163100000,
        "grossProfitRatio": 0.3671769473,
        "researchAndDevelopmentExpenses": 0,
        "generalAndAdministrativeExpenses": 0,
        "sellingAndMarketingExpenses": 0,
        "sellingGeneralAndAdministrativeExpenses": 83900000,
        "otherExpenses": 17900000,
        "operatingExpenses": 101800000,
        "costAndExpenses": 382900000,
        "interestIncome": 0,
        "interestExpense": 0,
        "depreciationAndAmortization": 17900000,
        "ebitda": 79200000,
        "ebitdaratio": 0.1782980639,
        "operatingIncome": 61300000,
        "operatingIncomeRatio": 0.1380009005,
        "totalOtherIncomeExpensesNet": 3900000,
        "incomeBeforeTax": 65200000,
        "incomeBeforeTaxRatio": 0.1467807294,
        "incomeTaxExpense": 24100000,
        "netIncome": 41100000,
        "netIncomeRatio": 0.0925258892,
        "eps": 0.14,
        "epsdiluted": 0.14,
        "weightedAverageShsOut": 293571429,
        "weightedAverageShsOutDil": 293571429,
        "link": "https://www.sec.gov/Archives/edgar/data/793952/000089706997000452/0000897069-97-000452-index.html",
        "finalLink": "https://www.sec.gov/Archives/edgar/data/793952/"
    },
    {
        "date": "1997-06-29",
        "symbol": "HOG",
        "reportedCurrency": "USD",
        "cik": "0000793952",
        "fillingDate": "1997-08-13",
        "acceptedDate": "1997-08-13 00:00:00",
        "calendarYear": "1997",
        "period": "Q2",
        "revenue": 444100000,
        "costOfRevenue": 277000000,
        "grossProfit": 167100000,
        "grossProfitRatio": 0.3762666066,
        "researchAndDevelopmentExpenses": 0,
        "generalAndAdministrativeExpenses": 0,
        "sellingAndMarketingExpenses": 0,
        "sellingGeneralAndAdministrativeExpenses": 79900000,
        "otherExpenses": 16800000,
        "operatingExpenses": 96700000,
        "costAndExpenses": 373700000,
        "interestIncome": 0,
        "interestExpense": 0,
        "depreciationAndAmortization": 16800000,
        "ebitda": 87200000,
        "ebitdaratio": 0.1963521729,
        "operatingIncome": 70400000,
        "operatingIncomeRatio": 0.1585228552,
        "totalOtherIncomeExpensesNet": 7700000,
        "incomeBeforeTax": 78100000,
        "incomeBeforeTaxRatio": 0.1758612925,
        "incomeTaxExpense": 28900000,
        "netIncome": 49200000,
        "netIncomeRatio": 0.110785859,
        "eps": 0.16,
        "epsdiluted": 0.16,
        "weightedAverageShsOut": 307500000,
        "weightedAverageShsOutDil": 307500000,
        "link": "https://www.sec.gov/Archives/edgar/data/793952/000089706997000334/0000897069-97-000334-index.html",
        "finalLink": "https://www.sec.gov/Archives/edgar/data/793952/"
    },
    {
        "date": "1997-03-30",
        "symbol": "HOG",
        "reportedCurrency": "USD",
        "cik": "0000793952",
        "fillingDate": "1997-05-14",
        "acceptedDate": "1997-05-14 00:00:00",
        "calendarYear": "1997",
        "period": "Q1",
        "revenue": 427100000,
        "costOfRevenue": 272300000,
        "grossProfit": 154800000,
        "grossProfitRatio": 0.3624443924,
        "researchAndDevelopmentExpenses": 0,
        "generalAndAdministrativeExpenses": 0,
        "sellingAndMarketingExpenses": 0,
        "sellingGeneralAndAdministrativeExpenses": 77800000,
        "otherExpenses": 16600000,
        "operatingExpenses": 94400000,
        "costAndExpenses": 366700000,
        "interestIncome": 0,
        "interestExpense": 0,
        "depreciationAndAmortization": 16600000,
        "ebitda": 77000000,
        "ebitdaratio": 0.1802856474,
        "operatingIncome": 60400000,
        "operatingIncomeRatio": 0.1414188715,
        "totalOtherIncomeExpensesNet": 3600000,
        "incomeBeforeTax": 64000000,
        "incomeBeforeTaxRatio": 0.1498478108,
        "incomeTaxExpense": 23700000,
        "netIncome": 40300000,
        "netIncomeRatio": 0.0943572934,
        "eps": 0.14,
        "epsdiluted": 0.13,
        "weightedAverageShsOut": 287857143,
        "weightedAverageShsOutDil": 310000000,
        "link": "https://www.sec.gov/Archives/edgar/data/793952/000089706997000221/0000897069-97-000221-index.html",
        "finalLink": "https://www.sec.gov/Archives/edgar/data/793952/"
    },
    {
        "date": "1996-12-31",
        "symbol": "HOG",
        "reportedCurrency": "USD",
        "cik": "0000793952",
        "fillingDate": "1997-03-31",
        "acceptedDate": "1997-03-31 00:00:00",
        "calendarYear": "1996",
        "period": "Q4",
        "revenue": 381500000,
        "costOfRevenue": 236800000,
        "grossProfit": 144700000,
        "grossProfitRatio": 0.3792922674,
        "researchAndDevelopmentExpenses": 0,
        "generalAndAdministrativeExpenses": 0,
        "sellingAndMarketingExpenses": 0,
        "sellingGeneralAndAdministrativeExpenses": 70900000,
        "otherExpenses": 15800000,
        "operatingExpenses": 86700000,
        "costAndExpenses": 323500000,
        "interestIncome": 0,
        "interestExpense": 0,
        "depreciationAndAmortization": 15800000,
        "ebitda": 73800000,
        "ebitdaratio": 0.1934469201,
        "operatingIncome": 58000000,
        "operatingIncomeRatio": 0.1520314548,
        "totalOtherIncomeExpensesNet": 1200000,
        "incomeBeforeTax": 59200000,
        "incomeBeforeTaxRatio": 0.1551769332,
        "incomeTaxExpense": 21900000,
        "netIncome": 59900000,
        "netIncomeRatio": 0.1570117955,
        "eps": 0.2,
        "epsdiluted": 0.2,
        "weightedAverageShsOut": 297844156,
        "weightedAverageShsOutDil": 306700000,
        "link": "https://www.sec.gov/Archives/edgar/data/793952/000091205797011157/0000912057-97-011157-index.html",
        "finalLink": "https://www.sec.gov/Archives/edgar/data/793952/"
    },
    {
        "date": "1996-09-29",
        "symbol": "HOG",
        "reportedCurrency": "USD",
        "cik": "0000793952",
        "fillingDate": "1996-11-13",
        "acceptedDate": "1996-11-13 00:00:00",
        "calendarYear": "1996",
        "period": "Q3",
        "revenue": 385800000,
        "costOfRevenue": 251600000,
        "grossProfit": 134200000,
        "grossProfitRatio": 0.3478486262,
        "researchAndDevelopmentExpenses": 0,
        "generalAndAdministrativeExpenses": 0,
        "sellingAndMarketingExpenses": 0,
        "sellingGeneralAndAdministrativeExpenses": 71300000,
        "otherExpenses": 13800000,
        "operatingExpenses": 85100000,
        "costAndExpenses": 336700000,
        "interestIncome": 0,
        "interestExpense": 0,
        "depreciationAndAmortization": 13800000,
        "ebitda": 62900000,
        "ebitdaratio": 0.1630378434,
        "operatingIncome": 49100000,
        "operatingIncomeRatio": 0.1272680145,
        "totalOtherIncomeExpensesNet": 3600000,
        "incomeBeforeTax": 52700000,
        "incomeBeforeTaxRatio": 0.1365992742,
        "incomeTaxExpense": 19500000,
        "netIncome": 33200000,
        "netIncomeRatio": 0.0860549508,
        "eps": 0.11,
        "epsdiluted": 0.11,
        "weightedAverageShsOut": 301818182,
        "weightedAverageShsOutDil": 301818182,
        "link": "https://www.sec.gov/Archives/edgar/data/793952/000089706996000380/0000897069-96-000380-index.html",
        "finalLink": "https://www.sec.gov/Archives/edgar/data/793952/"
    },
    {
        "date": "1996-06-30",
        "symbol": "HOG",
        "reportedCurrency": "USD",
        "cik": "0000793952",
        "fillingDate": "1996-08-07",
        "acceptedDate": "1996-08-07 00:00:00",
        "calendarYear": "1996",
        "period": "Q2",
        "revenue": 392800000,
        "costOfRevenue": 254300000,
        "grossProfit": 138500000,
        "grossProfitRatio": 0.3525967413,
        "researchAndDevelopmentExpenses": 0,
        "generalAndAdministrativeExpenses": 0,
        "sellingAndMarketingExpenses": 0,
        "sellingGeneralAndAdministrativeExpenses": 63700000,
        "otherExpenses": 13600000,
        "operatingExpenses": 77300000,
        "costAndExpenses": 331600000,
        "interestIncome": 0,
        "interestExpense": 0,
        "depreciationAndAmortization": 13600000,
        "ebitda": 74800000,
        "ebitdaratio": 0.1904276986,
        "operatingIncome": 61200000,
        "operatingIncomeRatio": 0.1558044807,
        "totalOtherIncomeExpensesNet": 2200000,
        "incomeBeforeTax": 63400000,
        "incomeBeforeTaxRatio": 0.1614052953,
        "incomeTaxExpense": 23500000,
        "netIncome": 39900000,
        "netIncomeRatio": 0.1015784114,
        "eps": 0.13,
        "epsdiluted": 0.13,
        "weightedAverageShsOut": 306923077,
        "weightedAverageShsOutDil": 306923077,
        "link": "https://www.sec.gov/Archives/edgar/data/793952/000089706996000231/0000897069-96-000231-index.html",
        "finalLink": "https://www.sec.gov/Archives/edgar/data/793952/"
    },
    {
        "date": "1996-03-31",
        "symbol": "HOG",
        "reportedCurrency": "USD",
        "cik": "0000793952",
        "fillingDate": "1996-05-15",
        "acceptedDate": "1996-05-15 00:00:00",
        "calendarYear": "1996",
        "period": "Q1",
        "revenue": 371100000,
        "costOfRevenue": 243200000,
        "grossProfit": 127900000,
        "grossProfitRatio": 0.3446510375,
        "researchAndDevelopmentExpenses": 0,
        "generalAndAdministrativeExpenses": 0,
        "sellingAndMarketingExpenses": 0,
        "sellingGeneralAndAdministrativeExpenses": 63500000,
        "otherExpenses": 12100000,
        "operatingExpenses": 75600000,
        "costAndExpenses": 318800000,
        "interestIncome": 0,
        "interestExpense": 0,
        "depreciationAndAmortization": 12100000,
        "ebitda": 64400000,
        "ebitdaratio": 0.1735381299,
        "operatingIncome": 52300000,
        "operatingIncomeRatio": 0.1409323632,
        "totalOtherIncomeExpensesNet": 100000,
        "incomeBeforeTax": 52400000,
        "incomeBeforeTaxRatio": 0.1412018324,
        "incomeTaxExpense": 19400000,
        "netIncome": 33000000,
        "netIncomeRatio": 0.0889248181,
        "eps": 0.11,
        "epsdiluted": 0.11,
        "weightedAverageShsOut": 300000000,
        "weightedAverageShsOutDil": 300000000,
        "link": "https://www.sec.gov/Archives/edgar/data/793952/000089706996000131/0000897069-96-000131-index.html",
        "finalLink": "https://www.sec.gov/Archives/edgar/data/793952/"
    },
    {
        "date": "1995-12-31",
        "symbol": "HOG",
        "reportedCurrency": "USD",
        "cik": "0000793952",
        "fillingDate": "1996-04-01",
        "acceptedDate": "1996-04-01 00:00:00",
        "calendarYear": "1995",
        "period": "Q4",
        "revenue": 47300000,
        "costOfRevenue": -30100000,
        "grossProfit": 77400000,
        "grossProfitRatio": 1.6363636364,
        "researchAndDevelopmentExpenses": 0,
        "generalAndAdministrativeExpenses": 0,
        "sellingAndMarketingExpenses": 0,
        "sellingGeneralAndAdministrativeExpenses": 18800000,
        "otherExpenses": 10400000,
        "operatingExpenses": 29200000,
        "costAndExpenses": -900000,
        "interestIncome": 0,
        "interestExpense": 0,
        "depreciationAndAmortization": 10400000,
        "ebitda": 58600000,
        "ebitdaratio": 1.2389006342,
        "operatingIncome": 48200000,
        "operatingIncomeRatio": 1.0190274841,
        "totalOtherIncomeExpensesNet": -400000,
        "incomeBeforeTax": 47800000,
        "incomeBeforeTaxRatio": 1.0105708245,
        "incomeTaxExpense": 17400000,
        "netIncome": 31800000,
        "netIncomeRatio": 0.6723044397,
        "eps": 0.11,
        "epsdiluted": 0.11,
        "weightedAverageShsOut": 300000000,
        "weightedAverageShsOutDil": 300000000,
        "link": "https://www.sec.gov/Archives/edgar/data/793952/000095013196001397/0000950131-96-001397-index.html",
        "finalLink": "https://www.sec.gov/Archives/edgar/data/793952/"
    },
    {
        "date": "1995-09-24",
        "symbol": "HOG",
        "reportedCurrency": "USD",
        "cik": "0000793952",
        "fillingDate": "1995-10-31",
        "acceptedDate": "1995-10-31 00:00:00",
        "calendarYear": "1995",
        "period": "Q3",
        "revenue": 427000000,
        "costOfRevenue": 305600000,
        "grossProfit": 121400000,
        "grossProfitRatio": 0.2843091335,
        "researchAndDevelopmentExpenses": 0,
        "generalAndAdministrativeExpenses": 0,
        "sellingAndMarketingExpenses": 0,
        "sellingGeneralAndAdministrativeExpenses": 74500000,
        "otherExpenses": 10600000,
        "operatingExpenses": 85100000,
        "costAndExpenses": 390700000,
        "interestIncome": 0,
        "interestExpense": 0,
        "depreciationAndAmortization": 10600000,
        "ebitda": 46900000,
        "ebitdaratio": 0.1098360656,
        "operatingIncome": 36300000,
        "operatingIncomeRatio": 0.0850117096,
        "totalOtherIncomeExpensesNet": 1500000,
        "incomeBeforeTax": 37800000,
        "incomeBeforeTaxRatio": 0.0885245902,
        "incomeTaxExpense": 14100000,
        "netIncome": 23700000,
        "netIncomeRatio": 0.0555035129,
        "eps": 0.08,
        "epsdiluted": 0.08,
        "weightedAverageShsOut": 296250000,
        "weightedAverageShsOutDil": 296250000,
        "link": "https://www.sec.gov/Archives/edgar/data/793952/000089706995000162/0000897069-95-000162-index.html",
        "finalLink": "https://www.sec.gov/Archives/edgar/data/793952/"
    },
    {
        "date": "1995-06-25",
        "symbol": "HOG",
        "reportedCurrency": "USD",
        "cik": "0000793952",
        "fillingDate": "1995-08-08",
        "acceptedDate": "1995-08-08 00:00:00",
        "calendarYear": "1995",
        "period": "Q2",
        "revenue": 486500000,
        "costOfRevenue": 346200000,
        "grossProfit": 140300000,
        "grossProfitRatio": 0.2883864337,
        "researchAndDevelopmentExpenses": 0,
        "generalAndAdministrativeExpenses": 0,
        "sellingAndMarketingExpenses": 0,
        "sellingGeneralAndAdministrativeExpenses": 75400000,
        "otherExpenses": 11300000,
        "operatingExpenses": 86700000,
        "costAndExpenses": 432900000,
        "interestIncome": 0,
        "interestExpense": 0,
        "depreciationAndAmortization": 11300000,
        "ebitda": 64900000,
        "ebitdaratio": 0.1334018499,
        "operatingIncome": 53600000,
        "operatingIncomeRatio": 0.1101747174,
        "totalOtherIncomeExpensesNet": -600000,
        "incomeBeforeTax": 53000000,
        "incomeBeforeTaxRatio": 0.1089414183,
        "incomeTaxExpense": 19600000,
        "netIncome": 33400000,
        "netIncomeRatio": 0.0686536485,
        "eps": 0.12,
        "epsdiluted": 0.12,
        "weightedAverageShsOut": 278333333,
        "weightedAverageShsOutDil": 278333333,
        "link": "https://www.sec.gov/Archives/edgar/data/793952/000089706995000094/0000897069-95-000094-index.html",
        "finalLink": "https://www.sec.gov/Archives/edgar/data/793952/"
    },
    {
        "date": "1995-03-26",
        "symbol": "HOG",
        "reportedCurrency": "USD",
        "cik": "0000793952",
        "fillingDate": "1995-05-09",
        "acceptedDate": "1995-05-09 00:00:00",
        "calendarYear": "1995",
        "period": "Q1",
        "revenue": 389700000,
        "costOfRevenue": 275100000,
        "grossProfit": 114600000,
        "grossProfitRatio": 0.2940723634,
        "researchAndDevelopmentExpenses": 0,
        "generalAndAdministrativeExpenses": 0,
        "sellingAndMarketingExpenses": 0,
        "sellingGeneralAndAdministrativeExpenses": 65600000,
        "otherExpenses": 10000000,
        "operatingExpenses": 75600000,
        "costAndExpenses": 350700000,
        "interestIncome": 0,
        "interestExpense": 0,
        "depreciationAndAmortization": 10000000,
        "ebitda": 49000000,
        "ebitdaratio": 0.125737747,
        "operatingIncome": 39000000,
        "operatingIncomeRatio": 0.1000769823,
        "totalOtherIncomeExpensesNet": -1500000,
        "incomeBeforeTax": 37500000,
        "incomeBeforeTaxRatio": 0.0962278676,
        "incomeTaxExpense": 13900000,
        "netIncome": 23600000,
        "netIncomeRatio": 0.0605594047,
        "eps": 0.08,
        "epsdiluted": 0.08,
        "weightedAverageShsOut": 295000000,
        "weightedAverageShsOutDil": 295000000,
        "link": "https://www.sec.gov/Archives/edgar/data/793952/000089706995000047/0000897069-95-000047-index.html",
        "finalLink": "https://www.sec.gov/Archives/edgar/data/793952/"
    },
    {
        "date": "1994-12-31",
        "symbol": "HOG",
        "reportedCurrency": "USD",
        "cik": "0000793952",
        "fillingDate": "1995-03-30",
        "acceptedDate": "1995-03-30 00:00:00",
        "calendarYear": "1994",
        "period": "Q4",
        "revenue": 412700000,
        "costOfRevenue": 291300000,
        "grossProfit": 121400000,
        "grossProfitRatio": 0.2941604071,
        "researchAndDevelopmentExpenses": 0,
        "generalAndAdministrativeExpenses": 0,
        "sellingAndMarketingExpenses": 0,
        "sellingGeneralAndAdministrativeExpenses": 70600000,
        "otherExpenses": 10100000,
        "operatingExpenses": 80700000,
        "costAndExpenses": 372000000,
        "interestIncome": 0,
        "interestExpense": 0,
        "depreciationAndAmortization": 10100000,
        "ebitda": 50800000,
        "ebitdaratio": 0.1230918343,
        "operatingIncome": 40700000,
        "operatingIncomeRatio": 0.0986188515,
        "totalOtherIncomeExpensesNet": 100000,
        "incomeBeforeTax": 40800000,
        "incomeBeforeTaxRatio": 0.0988611582,
        "incomeTaxExpense": 15700000,
        "netIncome": 25100000,
        "netIncomeRatio": 0.0608189969,
        "eps": 0.0851,
        "epsdiluted": 0.0851,
        "weightedAverageShsOut": 295000000,
        "weightedAverageShsOutDil": 295000000,
        "link": "https://www.sec.gov/Archives/edgar/data/793952/000095013195000813/0000950131-95-000813-index.html",
        "finalLink": "https://www.sec.gov/Archives/edgar/data/793952/"
    },
    {
        "date": "1994-09-25",
        "symbol": "HOG",
        "reportedCurrency": "USD",
        "cik": "0000793952",
        "fillingDate": "1994-11-09",
        "acceptedDate": "1994-11-09 00:00:00",
        "calendarYear": "1994",
        "period": "Q3",
        "revenue": 384000000,
        "costOfRevenue": 268600000,
        "grossProfit": 115400000,
        "grossProfitRatio": 0.3005208333,
        "researchAndDevelopmentExpenses": 0,
        "generalAndAdministrativeExpenses": 0,
        "sellingAndMarketingExpenses": 0,
        "sellingGeneralAndAdministrativeExpenses": 68700000,
        "otherExpenses": 8900000,
        "operatingExpenses": 77600000,
        "costAndExpenses": 346200000,
        "interestIncome": 0,
        "interestExpense": 0,
        "depreciationAndAmortization": 9200000,
        "ebitda": 47000000,
        "ebitdaratio": 0.1223958333,
        "operatingIncome": 37800000,
        "operatingIncomeRatio": 0.0984375,
        "totalOtherIncomeExpensesNet": 200000,
        "incomeBeforeTax": 38000000,
        "incomeBeforeTaxRatio": 0.0989583333,
        "incomeTaxExpense": 14200000,
        "netIncome": 23800000,
        "netIncomeRatio": 0.0619791667,
        "eps": 0.08,
        "epsdiluted": 0.08,
        "weightedAverageShsOut": 297500000,
        "weightedAverageShsOutDil": 297500000,
        "link": "https://www.sec.gov/Archives/edgar/data/793952/000089706994000107/0000897069-94-000107-index.html",
        "finalLink": "https://www.sec.gov/Archives/edgar/data/793952/"
    },
    {
        "date": "1994-06-26",
        "symbol": "HOG",
        "reportedCurrency": "USD",
        "cik": "0000793952",
        "fillingDate": "1994-08-09",
        "acceptedDate": "1994-08-09 00:00:00",
        "calendarYear": "1994",
        "period": "Q2",
        "revenue": 401400000,
        "costOfRevenue": 279200000,
        "grossProfit": 122200000,
        "grossProfitRatio": 0.3044344793,
        "researchAndDevelopmentExpenses": 0,
        "generalAndAdministrativeExpenses": 0,
        "sellingAndMarketingExpenses": 0,
        "sellingGeneralAndAdministrativeExpenses": 64700000,
        "otherExpenses": 8800000,
        "operatingExpenses": 73500000,
        "costAndExpenses": 352700000,
        "interestIncome": 0,
        "interestExpense": 0,
        "depreciationAndAmortization": 8000000,
        "ebitda": 57500000,
        "ebitdaratio": 0.1432486298,
        "operatingIncome": 48700000,
        "operatingIncomeRatio": 0.1213253612,
        "totalOtherIncomeExpensesNet": 500000,
        "incomeBeforeTax": 49200000,
        "incomeBeforeTaxRatio": 0.1225710015,
        "incomeTaxExpense": 14600000,
        "netIncome": 34600000,
        "netIncomeRatio": 0.0861983059,
        "eps": 0.12,
        "epsdiluted": 0.12,
        "weightedAverageShsOut": 288333333,
        "weightedAverageShsOutDil": 288333333,
        "link": "https://www.sec.gov/Archives/edgar/data/793952/000079395294000021/0000793952-94-000021-index.html",
        "finalLink": "https://www.sec.gov/Archives/edgar/data/793952/"
    },
    {
        "date": "1994-03-27",
        "symbol": "HOG",
        "reportedCurrency": "USD",
        "cik": "0000793952",
        "fillingDate": "1994-05-11",
        "acceptedDate": "1994-05-11 00:00:00",
        "calendarYear": "1994",
        "period": "Q1",
        "revenue": 343700000,
        "costOfRevenue": 243800000,
        "grossProfit": 99900000,
        "grossProfitRatio": 0.2906604597,
        "researchAndDevelopmentExpenses": 0,
        "generalAndAdministrativeExpenses": 0,
        "sellingAndMarketingExpenses": 0,
        "sellingGeneralAndAdministrativeExpenses": 57200000,
        "otherExpenses": 9600000,
        "operatingExpenses": 66800000,
        "costAndExpenses": 310600000,
        "interestIncome": 0,
        "interestExpense": 0,
        "depreciationAndAmortization": 9600000,
        "ebitda": 42700000,
        "ebitdaratio": 0.1242362525,
        "operatingIncome": 33100000,
        "operatingIncomeRatio": 0.0963049171,
        "totalOtherIncomeExpensesNet": 1000000,
        "incomeBeforeTax": 34100000,
        "incomeBeforeTaxRatio": 0.0992144312,
        "incomeTaxExpense": 13300000,
        "netIncome": 20800000,
        "netIncomeRatio": 0.0605178935,
        "eps": 0.07,
        "epsdiluted": 0.07,
        "weightedAverageShsOut": 297142857,
        "weightedAverageShsOutDil": 297142857,
        "link": "https://www.sec.gov/Archives/edgar/data/793952/000079395294000011/0000793952-94-000011-index.html",
        "finalLink": "https://www.sec.gov/Archives/edgar/data/793952/"
    },
    {
        "date": "1993-12-31",
        "symbol": "HOG",
        "reportedCurrency": "USD",
        "cik": "0000793952",
        "fillingDate": "1994-03-30",
        "acceptedDate": "1994-03-30 00:00:00",
        "calendarYear": "1993",
        "period": "Q4",
        "revenue": 329100000,
        "costOfRevenue": 203400000,
        "grossProfit": 125700000,
        "grossProfitRatio": 0.3819507748,
        "researchAndDevelopmentExpenses": 0,
        "generalAndAdministrativeExpenses": 0,
        "sellingAndMarketingExpenses": 0,
        "sellingGeneralAndAdministrativeExpenses": 117900000,
        "otherExpenses": 31000000,
        "operatingExpenses": 148900000,
        "costAndExpenses": 352300000,
        "interestIncome": 0,
        "interestExpense": 0,
        "depreciationAndAmortization": 31000000,
        "ebitda": 7800000,
        "ebitdaratio": 0.0237010027,
        "operatingIncome": -23200000,
        "operatingIncomeRatio": -0.0704952902,
        "totalOtherIncomeExpensesNet": -2500000,
        "incomeBeforeTax": -25700000,
        "incomeBeforeTaxRatio": -0.0780917654,
        "incomeTaxExpense": 11200000,
        "netIncome": -36900000,
        "netIncomeRatio": -0.1121239745,
        "eps": -0.14,
        "epsdiluted": -0.14,
        "weightedAverageShsOut": 273333333,
        "weightedAverageShsOutDil": 273333333,
        "link": "https://www.sec.gov/Archives/edgar/data/793952/000079395294000006/0000793952-94-000006-index.html",
        "finalLink": "https://www.sec.gov/Archives/edgar/data/793952/"
    },
    {
        "date": "1993-09-30",
        "symbol": "HOG",
        "reportedCurrency": "USD",
        "cik": "0000793952",
        "fillingDate": "1993-09-30",
        "acceptedDate": "1993-09-30 00:00:00",
        "calendarYear": "1993",
        "period": "Q3",
        "revenue": 284400000,
        "costOfRevenue": 199600000,
        "grossProfit": 84800000,
        "grossProfitRatio": 0.2981715893,
        "researchAndDevelopmentExpenses": 0,
        "generalAndAdministrativeExpenses": 0,
        "sellingAndMarketingExpenses": 0,
        "sellingGeneralAndAdministrativeExpenses": 48300000,
        "otherExpenses": 8600000,
        "operatingExpenses": 56900000,
        "costAndExpenses": 256500000,
        "interestIncome": 0,
        "interestExpense": 0,
        "depreciationAndAmortization": 8400000,
        "ebitda": 36500000,
        "ebitdaratio": 0.1283403657,
        "operatingIncome": 27900000,
        "operatingIncomeRatio": 0.0981012658,
        "totalOtherIncomeExpensesNet": -800000,
        "incomeBeforeTax": 27100000,
        "incomeBeforeTaxRatio": 0.0952883263,
        "incomeTaxExpense": 10700000,
        "netIncome": 16400000,
        "netIncomeRatio": 0.0576652602,
        "eps": 0.06,
        "epsdiluted": 0.06,
        "weightedAverageShsOut": 273333333,
        "weightedAverageShsOutDil": 273333333,
        "link": null,
        "finalLink": null
    },
    {
        "date": "1993-06-30",
        "symbol": "HOG",
        "reportedCurrency": "USD",
        "cik": "0000793952",
        "fillingDate": "1993-06-30",
        "acceptedDate": "1993-06-30 00:00:00",
        "calendarYear": "1993",
        "period": "Q2",
        "revenue": 334400000,
        "costOfRevenue": 234700000,
        "grossProfit": 99700000,
        "grossProfitRatio": 0.298145933,
        "researchAndDevelopmentExpenses": 0,
        "generalAndAdministrativeExpenses": 0,
        "sellingAndMarketingExpenses": 0,
        "sellingGeneralAndAdministrativeExpenses": 50800000,
        "otherExpenses": 8800000,
        "operatingExpenses": 59600000,
        "costAndExpenses": 294300000,
        "interestIncome": 0,
        "interestExpense": 0,
        "depreciationAndAmortization": 8700000,
        "ebitda": 48900000,
        "ebitdaratio": 0.1462320574,
        "operatingIncome": 40100000,
        "operatingIncomeRatio": 0.1199162679,
        "totalOtherIncomeExpensesNet": 100000,
        "incomeBeforeTax": 40200000,
        "incomeBeforeTaxRatio": 0.120215311,
        "incomeTaxExpense": 16400000,
        "netIncome": 23800000,
        "netIncomeRatio": 0.0711722488,
        "eps": 0.08,
        "epsdiluted": 0.08,
        "weightedAverageShsOut": 297500000,
        "weightedAverageShsOutDil": 297500000,
        "link": null,
        "finalLink": null
    },
    {
        "date": "1993-03-31",
        "symbol": "HOG",
        "reportedCurrency": "USD",
        "cik": "0000793952",
        "fillingDate": "1993-03-31",
        "acceptedDate": "1993-03-31 00:00:00",
        "calendarYear": "1993",
        "period": "Q1",
        "revenue": 269600000,
        "costOfRevenue": 185200000,
        "grossProfit": 84400000,
        "grossProfitRatio": 0.3130563798,
        "researchAndDevelopmentExpenses": 0,
        "generalAndAdministrativeExpenses": 0,
        "sellingAndMarketingExpenses": 0,
        "sellingGeneralAndAdministrativeExpenses": 50300000,
        "otherExpenses": 8900000,
        "operatingExpenses": 59200000,
        "costAndExpenses": 244400000,
        "interestIncome": 0,
        "interestExpense": 0,
        "depreciationAndAmortization": 8900000,
        "ebitda": 34100000,
        "ebitdaratio": 0.1264836795,
        "operatingIncome": 25200000,
        "operatingIncomeRatio": 0.0934718101,
        "totalOtherIncomeExpensesNet": -200000,
        "incomeBeforeTax": 25000000,
        "incomeBeforeTaxRatio": 0.0927299703,
        "incomeTaxExpense": 9900000,
        "netIncome": -15200000,
        "netIncomeRatio": -0.056379822,
        "eps": -0.05,
        "epsdiluted": -0.05,
        "weightedAverageShsOut": 304000000,
        "weightedAverageShsOutDil": 304000000,
        "link": null,
        "finalLink": null
    },
    {
        "date": "1992-12-31",
        "symbol": "HOG",
        "reportedCurrency": "USD",
        "cik": "0000793952",
        "fillingDate": "1992-12-31",
        "acceptedDate": "1992-12-31 00:00:00",
        "calendarYear": "1992",
        "period": "Q4",
        "revenue": 312200000,
        "costOfRevenue": 213800000,
        "grossProfit": 98400000,
        "grossProfitRatio": 0.3151825753,
        "researchAndDevelopmentExpenses": 0,
        "generalAndAdministrativeExpenses": 0,
        "sellingAndMarketingExpenses": 0,
        "sellingGeneralAndAdministrativeExpenses": 64600000,
        "otherExpenses": 8900000,
        "operatingExpenses": 73500000,
        "costAndExpenses": 287300000,
        "interestIncome": 0,
        "interestExpense": 0,
        "depreciationAndAmortization": 8900000,
        "ebitda": 33800000,
        "ebitdaratio": 0.1082639334,
        "operatingIncome": 24900000,
        "operatingIncomeRatio": 0.0797565663,
        "totalOtherIncomeExpensesNet": -1200000,
        "incomeBeforeTax": 23700000,
        "incomeBeforeTaxRatio": 0.0759128764,
        "incomeTaxExpense": 9200000,
        "netIncome": 14500000,
        "netIncomeRatio": 0.0464445868,
        "eps": 0.0549,
        "epsdiluted": 0.0549,
        "weightedAverageShsOut": 264000000,
        "weightedAverageShsOutDil": 264000000,
        "link": null,
        "finalLink": null
    },
    {
        "date": "1992-09-30",
        "symbol": "HOG",
        "reportedCurrency": "USD",
        "cik": "0000793952",
        "fillingDate": "1992-09-30",
        "acceptedDate": "1992-09-30 00:00:00",
        "calendarYear": "1992",
        "period": "Q3",
        "revenue": 271800000,
        "costOfRevenue": 199100000,
        "grossProfit": 72700000,
        "grossProfitRatio": 0.2674760854,
        "researchAndDevelopmentExpenses": 0,
        "generalAndAdministrativeExpenses": 0,
        "sellingAndMarketingExpenses": 0,
        "sellingGeneralAndAdministrativeExpenses": 48600000,
        "otherExpenses": 0,
        "operatingExpenses": 48600000,
        "costAndExpenses": 247700000,
        "interestIncome": 0,
        "interestExpense": 0,
        "depreciationAndAmortization": 6300000,
        "ebitda": 30400000,
        "ebitdaratio": 0.1118469463,
        "operatingIncome": 24100000,
        "operatingIncomeRatio": 0.0886681383,
        "totalOtherIncomeExpensesNet": -3200000,
        "incomeBeforeTax": 20900000,
        "incomeBeforeTaxRatio": 0.0768947756,
        "incomeTaxExpense": 7700000,
        "netIncome": 13200000,
        "netIncomeRatio": 0.0485651214,
        "eps": 0.05,
        "epsdiluted": 0.05,
        "weightedAverageShsOut": 264000000,
        "weightedAverageShsOutDil": 264000000,
        "link": null,
        "finalLink": null
    },
    {
        "date": "1992-06-30",
        "symbol": "HOG",
        "reportedCurrency": "USD",
        "cik": "0000793952",
        "fillingDate": "1992-06-30",
        "acceptedDate": "1992-06-30 00:00:00",
        "calendarYear": "1992",
        "period": "Q2",
        "revenue": 273900000,
        "costOfRevenue": 194800000,
        "grossProfit": 79100000,
        "grossProfitRatio": 0.2887915298,
        "researchAndDevelopmentExpenses": 0,
        "generalAndAdministrativeExpenses": 0,
        "sellingAndMarketingExpenses": 0,
        "sellingGeneralAndAdministrativeExpenses": 40400000,
        "otherExpenses": 7100000,
        "operatingExpenses": 47500000,
        "costAndExpenses": 242300000,
        "interestIncome": 0,
        "interestExpense": 0,
        "depreciationAndAmortization": 7000000,
        "ebitda": 38700000,
        "ebitdaratio": 0.1412924425,
        "operatingIncome": 31600000,
        "operatingIncomeRatio": 0.1153705732,
        "totalOtherIncomeExpensesNet": -1800000,
        "incomeBeforeTax": 29800000,
        "incomeBeforeTaxRatio": 0.1087988317,
        "incomeTaxExpense": 12000000,
        "netIncome": 17400000,
        "netIncomeRatio": 0.0635268346,
        "eps": 0.06,
        "epsdiluted": 0.05,
        "weightedAverageShsOut": 290000000,
        "weightedAverageShsOutDil": 348000000,
        "link": null,
        "finalLink": null
    },
    {
        "date": "1992-03-31",
        "symbol": "HOG",
        "reportedCurrency": "USD",
        "cik": "0000793952",
        "fillingDate": "1992-03-31",
        "acceptedDate": "1992-03-31 00:00:00",
        "calendarYear": "1992",
        "period": "Q1",
        "revenue": 247400000,
        "costOfRevenue": 177900000,
        "grossProfit": 69500000,
        "grossProfitRatio": 0.2809215845,
        "researchAndDevelopmentExpenses": 0,
        "generalAndAdministrativeExpenses": 0,
        "sellingAndMarketingExpenses": 0,
        "sellingGeneralAndAdministrativeExpenses": 45600000,
        "otherExpenses": 7200000,
        "operatingExpenses": 52800000,
        "costAndExpenses": 230700000,
        "interestIncome": 0,
        "interestExpense": 0,
        "depreciationAndAmortization": 7200000,
        "ebitda": 23900000,
        "ebitdaratio": 0.0966046888,
        "operatingIncome": 16700000,
        "operatingIncomeRatio": 0.067502021,
        "totalOtherIncomeExpensesNet": -2400000,
        "incomeBeforeTax": 14300000,
        "incomeBeforeTaxRatio": 0.0578011318,
        "incomeTaxExpense": 5600000,
        "netIncome": 8700000,
        "netIncomeRatio": 0.0351657235,
        "eps": 0.03,
        "epsdiluted": 0.03,
        "weightedAverageShsOut": 290000000,
        "weightedAverageShsOutDil": 290000000,
        "link": null,
        "finalLink": null
    },
    {
        "date": "1991-12-31",
        "symbol": "HOG",
        "reportedCurrency": "USD",
        "cik": "0000793952",
        "fillingDate": "1991-12-31",
        "acceptedDate": "1991-12-31 00:00:00",
        "calendarYear": "1991",
        "period": "Q4",
        "revenue": 237700000,
        "costOfRevenue": 172300000,
        "grossProfit": 65400000,
        "grossProfitRatio": 0.275136727,
        "researchAndDevelopmentExpenses": 0,
        "generalAndAdministrativeExpenses": 0,
        "sellingAndMarketingExpenses": 0,
        "sellingGeneralAndAdministrativeExpenses": 47000000,
        "otherExpenses": 5400000,
        "operatingExpenses": 52400000,
        "costAndExpenses": 224700000,
        "interestIncome": 0,
        "interestExpense": 0,
        "depreciationAndAmortization": 5400000,
        "ebitda": 18400000,
        "ebitdaratio": 0.0774084981,
        "operatingIncome": 13000000,
        "operatingIncomeRatio": 0.0546907867,
        "totalOtherIncomeExpensesNet": -2300000,
        "incomeBeforeTax": 10700000,
        "incomeBeforeTaxRatio": 0.0450147244,
        "incomeTaxExpense": 3400000,
        "netIncome": 7300000,
        "netIncomeRatio": 0.0307109802,
        "eps": 0.0328,
        "epsdiluted": 0.0328,
        "weightedAverageShsOut": 222500000,
        "weightedAverageShsOutDil": 222500000,
        "link": null,
        "finalLink": null
    },
    {
        "date": "1991-09-30",
        "symbol": "HOG",
        "reportedCurrency": "USD",
        "cik": "0000793952",
        "fillingDate": "1991-09-30",
        "acceptedDate": "1991-09-30 00:00:00",
        "calendarYear": "1991",
        "period": "Q3",
        "revenue": 240600000,
        "costOfRevenue": 176600000,
        "grossProfit": 64000000,
        "grossProfitRatio": 0.2660016625,
        "researchAndDevelopmentExpenses": 0,
        "generalAndAdministrativeExpenses": 0,
        "sellingAndMarketingExpenses": 0,
        "sellingGeneralAndAdministrativeExpenses": 42600000,
        "otherExpenses": 5100000,
        "operatingExpenses": 47700000,
        "costAndExpenses": 224300000,
        "interestIncome": 0,
        "interestExpense": 0,
        "depreciationAndAmortization": 5100000,
        "ebitda": 21400000,
        "ebitdaratio": 0.0889443059,
        "operatingIncome": 16300000,
        "operatingIncomeRatio": 0.0677472984,
        "totalOtherIncomeExpensesNet": -3000000,
        "incomeBeforeTax": 13300000,
        "incomeBeforeTaxRatio": 0.0552784705,
        "incomeTaxExpense": 4400000,
        "netIncome": 8900000,
        "netIncomeRatio": 0.0369908562,
        "eps": 0.04,
        "epsdiluted": 0.04,
        "weightedAverageShsOut": 222500000,
        "weightedAverageShsOutDil": 222500000,
        "link": null,
        "finalLink": null
    },
    {
        "date": "1991-06-30",
        "symbol": "HOG",
        "reportedCurrency": "USD",
        "cik": "0000793952",
        "fillingDate": "1991-06-30",
        "acceptedDate": "1991-06-30 00:00:00",
        "calendarYear": "1991",
        "period": "Q2",
        "revenue": 265300000,
        "costOfRevenue": 190200000,
        "grossProfit": 75100000,
        "grossProfitRatio": 0.2830757633,
        "researchAndDevelopmentExpenses": 0,
        "generalAndAdministrativeExpenses": 0,
        "sellingAndMarketingExpenses": 0,
        "sellingGeneralAndAdministrativeExpenses": 39600000,
        "otherExpenses": 6000000,
        "operatingExpenses": 45600000,
        "costAndExpenses": 235800000,
        "interestIncome": 0,
        "interestExpense": 0,
        "depreciationAndAmortization": 6000000,
        "ebitda": 35500000,
        "ebitdaratio": 0.1338107802,
        "operatingIncome": 29500000,
        "operatingIncomeRatio": 0.1111948737,
        "totalOtherIncomeExpensesNet": -2800000,
        "incomeBeforeTax": 26700000,
        "incomeBeforeTaxRatio": 0.100640784,
        "incomeTaxExpense": 10400000,
        "netIncome": 16300000,
        "netIncomeRatio": 0.0614398794,
        "eps": 0.06,
        "epsdiluted": 0.06,
        "weightedAverageShsOut": 271666667,
        "weightedAverageShsOutDil": 271666667,
        "link": null,
        "finalLink": null
    },
    {
        "date": "1991-03-31",
        "symbol": "HOG",
        "reportedCurrency": "USD",
        "cik": "0000793952",
        "fillingDate": "1991-03-31",
        "acceptedDate": "1991-03-31 00:00:00",
        "calendarYear": "1991",
        "period": "Q1",
        "revenue": 196200000,
        "costOfRevenue": 144300000,
        "grossProfit": 51900000,
        "grossProfitRatio": 0.2645259939,
        "researchAndDevelopmentExpenses": 0,
        "generalAndAdministrativeExpenses": 0,
        "sellingAndMarketingExpenses": 0,
        "sellingGeneralAndAdministrativeExpenses": 35900000,
        "otherExpenses": 6100000,
        "operatingExpenses": 42000000,
        "costAndExpenses": 186300000,
        "interestIncome": 0,
        "interestExpense": 0,
        "depreciationAndAmortization": 6100000,
        "ebitda": 16000000,
        "ebitdaratio": 0.0815494393,
        "operatingIncome": 9900000,
        "operatingIncomeRatio": 0.0504587156,
        "totalOtherIncomeExpensesNet": -2500000,
        "incomeBeforeTax": 7400000,
        "incomeBeforeTaxRatio": 0.0377166157,
        "incomeTaxExpense": 2900000,
        "netIncome": 4500000,
        "netIncomeRatio": 0.0229357798,
        "eps": 0.02,
        "epsdiluted": 0.02,
        "weightedAverageShsOut": 225000000,
        "weightedAverageShsOutDil": 225000000,
        "link": null,
        "finalLink": null
    },
    {
        "date": "1990-12-31",
        "symbol": "HOG",
        "reportedCurrency": "USD",
        "cik": "0000793952",
        "fillingDate": "1990-12-31",
        "acceptedDate": "1990-12-31 00:00:00",
        "calendarYear": "1990",
        "period": "Q4",
        "revenue": 194300000,
        "costOfRevenue": 134400000,
        "grossProfit": 59900000,
        "grossProfitRatio": 0.3082861554,
        "researchAndDevelopmentExpenses": 0,
        "generalAndAdministrativeExpenses": 0,
        "sellingAndMarketingExpenses": 0,
        "sellingGeneralAndAdministrativeExpenses": 40800000,
        "otherExpenses": 5800000,
        "operatingExpenses": 46600000,
        "costAndExpenses": 181000000,
        "interestIncome": 0,
        "interestExpense": 0,
        "depreciationAndAmortization": 5800000,
        "ebitda": 19100000,
        "ebitdaratio": 0.0983015955,
        "operatingIncome": 13300000,
        "operatingIncomeRatio": 0.0684508492,
        "totalOtherIncomeExpensesNet": -9700000,
        "incomeBeforeTax": 3600000,
        "incomeBeforeTaxRatio": 0.0185280494,
        "incomeTaxExpense": 700000,
        "netIncome": 2900000,
        "netIncomeRatio": 0.0149253731,
        "eps": 0.0121,
        "epsdiluted": 0.0121,
        "weightedAverageShsOut": 240000000,
        "weightedAverageShsOutDil": 240000000,
        "link": null,
        "finalLink": null
    },
    {
        "date": "1990-09-30",
        "symbol": "HOG",
        "reportedCurrency": "USD",
        "cik": "0000793952",
        "fillingDate": "1990-09-30",
        "acceptedDate": "1990-09-30 00:00:00",
        "calendarYear": "1990",
        "period": "Q3",
        "revenue": 203100000,
        "costOfRevenue": 145700000,
        "grossProfit": 57400000,
        "grossProfitRatio": 0.2826193993,
        "researchAndDevelopmentExpenses": 0,
        "generalAndAdministrativeExpenses": 0,
        "sellingAndMarketingExpenses": 0,
        "sellingGeneralAndAdministrativeExpenses": 37200000,
        "otherExpenses": 6600000,
        "operatingExpenses": 43800000,
        "costAndExpenses": 189500000,
        "interestIncome": 0,
        "interestExpense": 0,
        "depreciationAndAmortization": 6500000,
        "ebitda": 20200000,
        "ebitdaratio": 0.0994583949,
        "operatingIncome": 13600000,
        "operatingIncomeRatio": 0.0669620876,
        "totalOtherIncomeExpensesNet": -3200000,
        "incomeBeforeTax": 10400000,
        "incomeBeforeTaxRatio": 0.0512063023,
        "incomeTaxExpense": 3200000,
        "netIncome": 7200000,
        "netIncomeRatio": 0.035450517,
        "eps": 0.03,
        "epsdiluted": 0.03,
        "weightedAverageShsOut": 240000000,
        "weightedAverageShsOutDil": 240000000,
        "link": null,
        "finalLink": null
    },
    {
        "date": "1990-06-30",
        "symbol": "HOG",
        "reportedCurrency": "USD",
        "cik": "0000793952",
        "fillingDate": "1990-06-30",
        "acceptedDate": "1990-06-30 00:00:00",
        "calendarYear": "1990",
        "period": "Q2",
        "revenue": 249700000,
        "costOfRevenue": 177800000,
        "grossProfit": 71900000,
        "grossProfitRatio": 0.2879455346,
        "researchAndDevelopmentExpenses": 0,
        "generalAndAdministrativeExpenses": 0,
        "sellingAndMarketingExpenses": 0,
        "sellingGeneralAndAdministrativeExpenses": 34400000,
        "otherExpenses": 5600000,
        "operatingExpenses": 40000000,
        "costAndExpenses": 217800000,
        "interestIncome": 0,
        "interestExpense": 0,
        "depreciationAndAmortization": 5600000,
        "ebitda": 37500000,
        "ebitdaratio": 0.1501802163,
        "operatingIncome": 31900000,
        "operatingIncomeRatio": 0.127753304,
        "totalOtherIncomeExpensesNet": -4000000,
        "incomeBeforeTax": 27900000,
        "incomeBeforeTaxRatio": 0.1117340809,
        "incomeTaxExpense": 11800000,
        "netIncome": 16100000,
        "netIncomeRatio": 0.0644773728,
        "eps": 0.06,
        "epsdiluted": 0.06,
        "weightedAverageShsOut": 268333333,
        "weightedAverageShsOutDil": 268333333,
        "link": null,
        "finalLink": null
    },
    {
        "date": "1990-03-31",
        "symbol": "HOG",
        "reportedCurrency": "USD",
        "cik": "0000793952",
        "fillingDate": "1990-03-31",
        "acceptedDate": "1990-03-31 00:00:00",
        "calendarYear": "1990",
        "period": "Q1",
        "revenue": 217600000,
        "costOfRevenue": 155300000,
        "grossProfit": 62300000,
        "grossProfitRatio": 0.2863051471,
        "researchAndDevelopmentExpenses": 0,
        "generalAndAdministrativeExpenses": 0,
        "sellingAndMarketingExpenses": 0,
        "sellingGeneralAndAdministrativeExpenses": 33300000,
        "otherExpenses": 4500000,
        "operatingExpenses": 37800000,
        "costAndExpenses": 193100000,
        "interestIncome": 0,
        "interestExpense": 0,
        "depreciationAndAmortization": 4500000,
        "ebitda": 29000000,
        "ebitdaratio": 0.1332720588,
        "operatingIncome": 24500000,
        "operatingIncomeRatio": 0.1125919118,
        "totalOtherIncomeExpensesNet": -3900000,
        "incomeBeforeTax": 20600000,
        "incomeBeforeTaxRatio": 0.0946691176,
        "incomeTaxExpense": 8500000,
        "netIncome": 12100000,
        "netIncomeRatio": 0.0556066176,
        "eps": 0.05,
        "epsdiluted": 0.05,
        "weightedAverageShsOut": 242000000,
        "weightedAverageShsOutDil": 242000000,
        "link": null,
        "finalLink": null
    },
    {
        "date": "1989-12-31",
        "symbol": "HOG",
        "reportedCurrency": "USD",
        "cik": "0000793952",
        "fillingDate": "1989-12-31",
        "acceptedDate": "1989-12-31 00:00:00",
        "calendarYear": "1989",
        "period": "Q4",
        "revenue": 203600000,
        "costOfRevenue": 144500000,
        "grossProfit": 59100000,
        "grossProfitRatio": 0.2902750491,
        "researchAndDevelopmentExpenses": 0,
        "generalAndAdministrativeExpenses": 0,
        "sellingAndMarketingExpenses": 0,
        "sellingGeneralAndAdministrativeExpenses": 39700000,
        "otherExpenses": 6300000,
        "operatingExpenses": 46000000,
        "costAndExpenses": 190500000,
        "interestIncome": 0,
        "interestExpense": 0,
        "depreciationAndAmortization": 6300000,
        "ebitda": 19400000,
        "ebitdaratio": 0.0952848723,
        "operatingIncome": 13100000,
        "operatingIncomeRatio": 0.0643418468,
        "totalOtherIncomeExpensesNet": -800000,
        "incomeBeforeTax": 12300000,
        "incomeBeforeTaxRatio": 0.0604125737,
        "incomeTaxExpense": 4600000,
        "netIncome": 10100000,
        "netIncomeRatio": 0.0496070727,
        "eps": 0.0366,
        "epsdiluted": 0.0366,
        "weightedAverageShsOut": 276320000,
        "weightedAverageShsOutDil": 276320000,
        "link": null,
        "finalLink": null
    },
    {
        "date": "1989-09-30",
        "symbol": "HOG",
        "reportedCurrency": "USD",
        "cik": "0000793952",
        "fillingDate": "1989-09-30",
        "acceptedDate": "1989-09-29 20:00:00",
        "calendarYear": "1989",
        "period": "Q3",
        "revenue": 181900000,
        "costOfRevenue": 131400000,
        "grossProfit": 50500000,
        "grossProfitRatio": 0.2776250687,
        "researchAndDevelopmentExpenses": 0,
        "generalAndAdministrativeExpenses": 0,
        "sellingAndMarketingExpenses": 0,
        "sellingGeneralAndAdministrativeExpenses": 31300000,
        "otherExpenses": 4600000,
        "operatingExpenses": 35900000,
        "costAndExpenses": 167300000,
        "interestIncome": 0,
        "interestExpense": 0,
        "depreciationAndAmortization": 4600000,
        "ebitda": 19200000,
        "ebitdaratio": 0.1055525014,
        "operatingIncome": 14600000,
        "operatingIncomeRatio": 0.0802638813,
        "totalOtherIncomeExpensesNet": -3600000,
        "incomeBeforeTax": 11000000,
        "incomeBeforeTaxRatio": 0.0604727872,
        "incomeTaxExpense": 4100000,
        "netIncome": 7300000,
        "netIncomeRatio": 0.0401319406,
        "eps": 0.04,
        "epsdiluted": 0.04,
        "weightedAverageShsOut": 276320000,
        "weightedAverageShsOutDil": 276320000,
        "link": "",
        "finalLink": ""
    },
    {
        "date": "1989-06-30",
        "symbol": "HOG",
        "reportedCurrency": "USD",
        "cik": "0000793952",
        "fillingDate": "1989-06-30",
        "acceptedDate": "1989-06-29 20:00:00",
        "calendarYear": "1989",
        "period": "Q2",
        "revenue": 234100000,
        "costOfRevenue": 0,
        "grossProfit": 234100000,
        "grossProfitRatio": 1,
        "researchAndDevelopmentExpenses": 0,
        "generalAndAdministrativeExpenses": 0,
        "sellingAndMarketingExpenses": 0,
        "sellingGeneralAndAdministrativeExpenses": 0,
        "otherExpenses": 0,
        "operatingExpenses": 0,
        "costAndExpenses": 0,
        "interestIncome": 0,
        "interestExpense": 0,
        "depreciationAndAmortization": 0,
        "ebitda": 234100000,
        "ebitdaratio": 1,
        "operatingIncome": 234100000,
        "operatingIncomeRatio": 1,
        "totalOtherIncomeExpensesNet": 0,
        "incomeBeforeTax": 234100000,
        "incomeBeforeTaxRatio": 1,
        "incomeTaxExpense": 0,
        "netIncome": 10900000,
        "netIncomeRatio": 0.0465612986,
        "eps": 0.04,
        "epsdiluted": 0.04,
        "weightedAverageShsOut": 276320000,
        "weightedAverageShsOutDil": 276320000,
        "link": "",
        "finalLink": ""
    },
    {
        "date": "1989-03-31",
        "symbol": "HOG",
        "reportedCurrency": "USD",
        "cik": "0000793952",
        "fillingDate": "1989-03-31",
        "acceptedDate": "1989-03-30 19:00:00",
        "calendarYear": "1989",
        "period": "Q1",
        "revenue": 197000000,
        "costOfRevenue": 0,
        "grossProfit": 197000000,
        "grossProfitRatio": 1,
        "researchAndDevelopmentExpenses": 0,
        "generalAndAdministrativeExpenses": 0,
        "sellingAndMarketingExpenses": 0,
        "sellingGeneralAndAdministrativeExpenses": 0,
        "otherExpenses": 0,
        "operatingExpenses": 0,
        "costAndExpenses": 0,
        "interestIncome": 0,
        "interestExpense": 0,
        "depreciationAndAmortization": 0,
        "ebitda": 197000000,
        "ebitdaratio": 1,
        "operatingIncome": 197000000,
        "operatingIncomeRatio": 1,
        "totalOtherIncomeExpensesNet": 0,
        "incomeBeforeTax": 197000000,
        "incomeBeforeTaxRatio": 1,
        "incomeTaxExpense": 0,
        "netIncome": 7800000,
        "netIncomeRatio": 0.0395939086,
        "eps": 0.03,
        "epsdiluted": 0.03,
        "weightedAverageShsOut": 276320000,
        "weightedAverageShsOutDil": 276320000,
        "link": "",
        "finalLink": ""
    },
    {
        "date": "1988-12-31",
        "symbol": "HOG",
        "reportedCurrency": "USD",
        "cik": "0000793952",
        "fillingDate": "1988-12-31",
        "acceptedDate": "1988-12-30 19:00:00",
        "calendarYear": "1988",
        "period": "Q4",
        "revenue": 197400000,
        "costOfRevenue": 0,
        "grossProfit": 197400000,
        "grossProfitRatio": 1,
        "researchAndDevelopmentExpenses": 0,
        "generalAndAdministrativeExpenses": 0,
        "sellingAndMarketingExpenses": 0,
        "sellingGeneralAndAdministrativeExpenses": 0,
        "otherExpenses": 691100000,
        "operatingExpenses": 691100000,
        "costAndExpenses": 691100000,
        "interestIncome": 0,
        "interestExpense": 0,
        "depreciationAndAmortization": 0,
        "ebitda": -493700000,
        "ebitdaratio": -2.5010131712,
        "operatingIncome": -493700000,
        "operatingIncomeRatio": -2.5010131712,
        "totalOtherIncomeExpensesNet": 0,
        "incomeBeforeTax": -493700000,
        "incomeBeforeTaxRatio": -2.5010131712,
        "incomeTaxExpense": 0,
        "netIncome": 6100000,
        "netIncomeRatio": 0.0309017224,
        "eps": 0.0220758541,
        "epsdiluted": 0.0220758541,
        "weightedAverageShsOut": 276320000,
        "weightedAverageShsOutDil": 276320000,
        "link": "",
        "finalLink": ""
    },
    {
        "date": "1988-09-30",
        "symbol": "HOG",
        "reportedCurrency": "USD",
        "cik": "0000793952",
        "fillingDate": "1988-09-30",
        "acceptedDate": "1988-09-29 20:00:00",
        "calendarYear": "1988",
        "period": "Q3",
        "revenue": 181500000,
        "costOfRevenue": 0,
        "grossProfit": 181500000,
        "grossProfitRatio": 1,
        "researchAndDevelopmentExpenses": 0,
        "generalAndAdministrativeExpenses": 0,
        "sellingAndMarketingExpenses": 0,
        "sellingGeneralAndAdministrativeExpenses": 0,
        "otherExpenses": 0,
        "operatingExpenses": 0,
        "costAndExpenses": 0,
        "interestIncome": 0,
        "interestExpense": 0,
        "depreciationAndAmortization": 0,
        "ebitda": 181500000,
        "ebitdaratio": 1,
        "operatingIncome": 181500000,
        "operatingIncomeRatio": 1,
        "totalOtherIncomeExpensesNet": 0,
        "incomeBeforeTax": 181500000,
        "incomeBeforeTaxRatio": 1,
        "incomeTaxExpense": 0,
        "netIncome": 6300000,
        "netIncomeRatio": 0.0347107438,
        "eps": 0.03,
        "epsdiluted": 0.03,
        "weightedAverageShsOut": 276320000,
        "weightedAverageShsOutDil": 276320000,
        "link": "",
        "finalLink": ""
    },
    {
        "date": "1988-06-30",
        "symbol": "HOG",
        "reportedCurrency": "USD",
        "cik": "0000793952",
        "fillingDate": "1988-06-30",
        "acceptedDate": "1988-06-29 20:00:00",
        "calendarYear": "1988",
        "period": "Q2",
        "revenue": 204900000,
        "costOfRevenue": 0,
        "grossProfit": 204900000,
        "grossProfitRatio": 1,
        "researchAndDevelopmentExpenses": 0,
        "generalAndAdministrativeExpenses": 0,
        "sellingAndMarketingExpenses": 0,
        "sellingGeneralAndAdministrativeExpenses": 0,
        "otherExpenses": 0,
        "operatingExpenses": 0,
        "costAndExpenses": 0,
        "interestIncome": 0,
        "interestExpense": 0,
        "depreciationAndAmortization": 0,
        "ebitda": 204900000,
        "ebitdaratio": 1,
        "operatingIncome": 204900000,
        "operatingIncomeRatio": 1,
        "totalOtherIncomeExpensesNet": 0,
        "incomeBeforeTax": 204900000,
        "incomeBeforeTaxRatio": 1,
        "incomeTaxExpense": 0,
        "netIncome": 8700000,
        "netIncomeRatio": 0.0424597365,
        "eps": 0.04,
        "epsdiluted": 0.04,
        "weightedAverageShsOut": 269120000,
        "weightedAverageShsOutDil": 269120000,
        "link": "",
        "finalLink": ""
    },
    {
        "date": "1988-03-31",
        "symbol": "HOG",
        "reportedCurrency": "USD",
        "cik": "0000793952",
        "fillingDate": "1988-03-31",
        "acceptedDate": "1988-03-30 19:00:00",
        "calendarYear": "1988",
        "period": "Q1",
        "revenue": 173400000,
        "costOfRevenue": 0,
        "grossProfit": 173400000,
        "grossProfitRatio": 1,
        "researchAndDevelopmentExpenses": 0,
        "generalAndAdministrativeExpenses": 0,
        "sellingAndMarketingExpenses": 0,
        "sellingGeneralAndAdministrativeExpenses": 0,
        "otherExpenses": 0,
        "operatingExpenses": 0,
        "costAndExpenses": 0,
        "interestIncome": 0,
        "interestExpense": 0,
        "depreciationAndAmortization": 0,
        "ebitda": 173400000,
        "ebitdaratio": 1,
        "operatingIncome": 173400000,
        "operatingIncomeRatio": 1,
        "totalOtherIncomeExpensesNet": 0,
        "incomeBeforeTax": 173400000,
        "incomeBeforeTaxRatio": 1,
        "incomeTaxExpense": 0,
        "netIncome": 6200000,
        "netIncomeRatio": 0.0357554787,
        "eps": 0.03,
        "epsdiluted": 0.03,
        "weightedAverageShsOut": 269120000,
        "weightedAverageShsOutDil": 269120000,
        "link": "",
        "finalLink": ""
    },
    {
        "date": "1987-12-31",
        "symbol": "HOG",
        "reportedCurrency": "USD",
        "cik": "0000793952",
        "fillingDate": "1987-12-31",
        "acceptedDate": "1987-12-30 19:00:00",
        "calendarYear": "1987",
        "period": "Q4",
        "revenue": 167100000,
        "costOfRevenue": 0,
        "grossProfit": 167100000,
        "grossProfitRatio": 1,
        "researchAndDevelopmentExpenses": 0,
        "generalAndAdministrativeExpenses": 0,
        "sellingAndMarketingExpenses": 0,
        "sellingGeneralAndAdministrativeExpenses": 0,
        "otherExpenses": 629500000,
        "operatingExpenses": 629500000,
        "costAndExpenses": 629500000,
        "interestIncome": 0,
        "interestExpense": 0,
        "depreciationAndAmortization": 0,
        "ebitda": -462400000,
        "ebitdaratio": -2.7672052663,
        "operatingIncome": -462400000,
        "operatingIncomeRatio": -2.7672052663,
        "totalOtherIncomeExpensesNet": 0,
        "incomeBeforeTax": -462400000,
        "incomeBeforeTaxRatio": -2.7672052663,
        "incomeTaxExpense": 0,
        "netIncome": 4400000,
        "netIncomeRatio": 0.026331538,
        "eps": 0.0198986975,
        "epsdiluted": 0.0198986975,
        "weightedAverageShsOut": 221120000,
        "weightedAverageShsOutDil": 221120000,
        "link": "",
        "finalLink": ""
    },
    {
        "date": "1987-09-30",
        "symbol": "HOG",
        "reportedCurrency": "USD",
        "cik": "0000793952",
        "fillingDate": "1987-09-30",
        "acceptedDate": "1987-09-29 20:00:00",
        "calendarYear": "1987",
        "period": "Q3",
        "revenue": 170500000,
        "costOfRevenue": 0,
        "grossProfit": 170500000,
        "grossProfitRatio": 1,
        "researchAndDevelopmentExpenses": 0,
        "generalAndAdministrativeExpenses": 0,
        "sellingAndMarketingExpenses": 0,
        "sellingGeneralAndAdministrativeExpenses": 0,
        "otherExpenses": 0,
        "operatingExpenses": 0,
        "costAndExpenses": 0,
        "interestIncome": 0,
        "interestExpense": 0,
        "depreciationAndAmortization": 0,
        "ebitda": 170500000,
        "ebitdaratio": 1,
        "operatingIncome": 170500000,
        "operatingIncomeRatio": 1,
        "totalOtherIncomeExpensesNet": 0,
        "incomeBeforeTax": 170500000,
        "incomeBeforeTaxRatio": 1,
        "incomeTaxExpense": 0,
        "netIncome": 4100000,
        "netIncomeRatio": 0.0240469208,
        "eps": 0.02,
        "epsdiluted": 0.02,
        "weightedAverageShsOut": 221120000,
        "weightedAverageShsOutDil": 221120000,
        "link": "",
        "finalLink": ""
    },
    {
        "date": "1987-06-30",
        "symbol": "HOG",
        "reportedCurrency": "USD",
        "cik": "0000793952",
        "fillingDate": "1987-06-30",
        "acceptedDate": "1987-06-29 20:00:00",
        "calendarYear": "1987",
        "period": "Q2",
        "revenue": 185500000,
        "costOfRevenue": 0,
        "grossProfit": 185500000,
        "grossProfitRatio": 1,
        "researchAndDevelopmentExpenses": 0,
        "generalAndAdministrativeExpenses": 0,
        "sellingAndMarketingExpenses": 0,
        "sellingGeneralAndAdministrativeExpenses": 0,
        "otherExpenses": 0,
        "operatingExpenses": 0,
        "costAndExpenses": 0,
        "interestIncome": 0,
        "interestExpense": 0,
        "depreciationAndAmortization": 0,
        "ebitda": 185500000,
        "ebitdaratio": 1,
        "operatingIncome": 185500000,
        "operatingIncomeRatio": 1,
        "totalOtherIncomeExpensesNet": 0,
        "incomeBeforeTax": 185500000,
        "incomeBeforeTaxRatio": 1,
        "incomeTaxExpense": 0,
        "netIncome": 5400000,
        "netIncomeRatio": 0.0291105121,
        "eps": 0.03,
        "epsdiluted": 0.03,
        "weightedAverageShsOut": 218240000,
        "weightedAverageShsOutDil": 218240000,
        "link": "",
        "finalLink": ""
    },
    {
        "date": "1987-03-31",
        "symbol": "HOG",
        "reportedCurrency": "USD",
        "cik": "0000793952",
        "fillingDate": "1987-03-31",
        "acceptedDate": "1987-03-30 19:00:00",
        "calendarYear": "1987",
        "period": "Q1",
        "revenue": 162400000,
        "costOfRevenue": 0,
        "grossProfit": 162400000,
        "grossProfitRatio": 1,
        "researchAndDevelopmentExpenses": 0,
        "generalAndAdministrativeExpenses": 0,
        "sellingAndMarketingExpenses": 0,
        "sellingGeneralAndAdministrativeExpenses": 0,
        "otherExpenses": 0,
        "operatingExpenses": 0,
        "costAndExpenses": 0,
        "interestIncome": 0,
        "interestExpense": 0,
        "depreciationAndAmortization": 0,
        "ebitda": 162400000,
        "ebitdaratio": 1,
        "operatingIncome": 162400000,
        "operatingIncomeRatio": 1,
        "totalOtherIncomeExpensesNet": 0,
        "incomeBeforeTax": 162400000,
        "incomeBeforeTaxRatio": 1,
        "incomeTaxExpense": 0,
        "netIncome": 3700000,
        "netIncomeRatio": 0.0227832512,
        "eps": 0.02,
        "epsdiluted": 0.02,
        "weightedAverageShsOut": 181760000,
        "weightedAverageShsOutDil": 181760000,
        "link": "",
        "finalLink": ""
    },
    {
        "date": "1986-12-31",
        "symbol": "HOG",
        "reportedCurrency": "USD",
        "cik": "0000793952",
        "fillingDate": "1986-12-31",
        "acceptedDate": "1986-12-30 19:00:00",
        "calendarYear": "1986",
        "period": "Q4",
        "revenue": 72200000,
        "costOfRevenue": 0,
        "grossProfit": 72200000,
        "grossProfitRatio": 1,
        "researchAndDevelopmentExpenses": 0,
        "generalAndAdministrativeExpenses": 0,
        "sellingAndMarketingExpenses": 0,
        "sellingGeneralAndAdministrativeExpenses": 0,
        "otherExpenses": 279300000,
        "operatingExpenses": 279300000,
        "costAndExpenses": 279300000,
        "interestIncome": 0,
        "interestExpense": 0,
        "depreciationAndAmortization": 0,
        "ebitda": -207100000,
        "ebitdaratio": -2.8684210526,
        "operatingIncome": -207100000,
        "operatingIncomeRatio": -2.8684210526,
        "totalOtherIncomeExpensesNet": 0,
        "incomeBeforeTax": -207100000,
        "incomeBeforeTaxRatio": -2.8684210526,
        "incomeTaxExpense": 0,
        "netIncome": 1300000,
        "netIncomeRatio": 0.0180055402,
        "eps": 0.0071522887,
        "epsdiluted": 0.0071522887,
        "weightedAverageShsOut": 181760000,
        "weightedAverageShsOutDil": 181760000,
        "link": "",
        "finalLink": ""
    },
    {
        "date": "1986-09-30",
        "symbol": "HOG",
        "reportedCurrency": "USD",
        "cik": "0000793952",
        "fillingDate": "1986-09-30",
        "acceptedDate": "1986-09-29 20:00:00",
        "calendarYear": "1986",
        "period": "Q3",
        "revenue": 68000000,
        "costOfRevenue": 0,
        "grossProfit": 68000000,
        "grossProfitRatio": 1,
        "researchAndDevelopmentExpenses": 0,
        "generalAndAdministrativeExpenses": 0,
        "sellingAndMarketingExpenses": 0,
        "sellingGeneralAndAdministrativeExpenses": 0,
        "otherExpenses": 0,
        "operatingExpenses": 0,
        "costAndExpenses": 0,
        "interestIncome": 0,
        "interestExpense": 0,
        "depreciationAndAmortization": 0,
        "ebitda": 68000000,
        "ebitdaratio": 1,
        "operatingIncome": 68000000,
        "operatingIncomeRatio": 1,
        "totalOtherIncomeExpensesNet": 0,
        "incomeBeforeTax": 68000000,
        "incomeBeforeTaxRatio": 1,
        "incomeTaxExpense": 0,
        "netIncome": 300000,
        "netIncomeRatio": 0.0044117647,
        "eps": 0.01,
        "epsdiluted": 0.01,
        "weightedAverageShsOut": 181760000,
        "weightedAverageShsOutDil": 181760000,
        "link": "",
        "finalLink": ""
    },
    {
        "date": "1986-06-30",
        "symbol": "HOG",
        "reportedCurrency": "USD",
        "cik": "0000793952",
        "fillingDate": "1986-06-30",
        "acceptedDate": "1986-06-29 20:00:00",
        "calendarYear": "1986",
        "period": "Q2",
        "revenue": 84700000,
        "costOfRevenue": 0,
        "grossProfit": 84700000,
        "grossProfitRatio": 1,
        "researchAndDevelopmentExpenses": 0,
        "generalAndAdministrativeExpenses": 0,
        "sellingAndMarketingExpenses": 0,
        "sellingGeneralAndAdministrativeExpenses": 0,
        "otherExpenses": 0,
        "operatingExpenses": 0,
        "costAndExpenses": 0,
        "interestIncome": 0,
        "interestExpense": 0,
        "depreciationAndAmortization": 0,
        "ebitda": 84700000,
        "ebitdaratio": 1,
        "operatingIncome": 84700000,
        "operatingIncomeRatio": 1,
        "totalOtherIncomeExpensesNet": 0,
        "incomeBeforeTax": 84700000,
        "incomeBeforeTaxRatio": 1,
        "incomeTaxExpense": 0,
        "netIncome": 3100000,
        "netIncomeRatio": 0.0365997639,
        "eps": 0.03,
        "epsdiluted": 0.03,
        "weightedAverageShsOut": 181760000,
        "weightedAverageShsOutDil": 181760000,
        "link": "",
        "finalLink": ""
    },
    {
        "date": "1986-03-31",
        "symbol": "HOG",
        "reportedCurrency": "USD",
        "cik": "0000793952",
        "fillingDate": "1986-03-31",
        "acceptedDate": "1986-03-30 19:00:00",
        "calendarYear": "1986",
        "period": "Q1",
        "revenue": 70400000,
        "costOfRevenue": 0,
        "grossProfit": 70400000,
        "grossProfitRatio": 1,
        "researchAndDevelopmentExpenses": 0,
        "generalAndAdministrativeExpenses": 0,
        "sellingAndMarketingExpenses": 0,
        "sellingGeneralAndAdministrativeExpenses": 0,
        "otherExpenses": 0,
        "operatingExpenses": 0,
        "costAndExpenses": 0,
        "interestIncome": 0,
        "interestExpense": 0,
        "depreciationAndAmortization": 0,
        "ebitda": 70400000,
        "ebitdaratio": 1,
        "operatingIncome": 70400000,
        "operatingIncomeRatio": 1,
        "totalOtherIncomeExpensesNet": 0,
        "incomeBeforeTax": 70400000,
        "incomeBeforeTaxRatio": 1,
        "incomeTaxExpense": 0,
        "netIncome": -400000,
        "netIncomeRatio": -0.0056818182,
        "eps": -0.01,
        "epsdiluted": -0.01,
        "weightedAverageShsOut": 181760000,
        "weightedAverageShsOutDil": 181760000,
        "link": "",
        "finalLink": ""
    },
    {
        "date": "1985-12-31",
        "symbol": "HOG",
        "reportedCurrency": "USD",
        "cik": "0000793952",
        "fillingDate": "1985-12-31",
        "acceptedDate": "1985-12-30 19:00:00",
        "calendarYear": "1985",
        "period": "Q4",
        "revenue": 73500000,
        "costOfRevenue": 0,
        "grossProfit": 73500000,
        "grossProfitRatio": 1,
        "researchAndDevelopmentExpenses": 0,
        "generalAndAdministrativeExpenses": 0,
        "sellingAndMarketingExpenses": 0,
        "sellingGeneralAndAdministrativeExpenses": 0,
        "otherExpenses": 274600000,
        "operatingExpenses": 274600000,
        "costAndExpenses": 274600000,
        "interestIncome": 0,
        "interestExpense": 0,
        "depreciationAndAmortization": 0,
        "ebitda": -201100000,
        "ebitdaratio": -2.7360544218,
        "operatingIncome": -201100000,
        "operatingIncomeRatio": -2.7360544218,
        "totalOtherIncomeExpensesNet": 0,
        "incomeBeforeTax": -201100000,
        "incomeBeforeTaxRatio": -2.7360544218,
        "incomeTaxExpense": 0,
        "netIncome": 1800000,
        "netIncomeRatio": 0.0244897959,
        "eps": 0.0152853261,
        "epsdiluted": 0.0152853261,
        "weightedAverageShsOut": 117760000,
        "weightedAverageShsOutDil": 117760000,
        "link": "",
        "finalLink": ""
    },
    {
        "date": "1985-09-30",
        "symbol": "HOG",
        "reportedCurrency": "USD",
        "cik": "0000793952",
        "fillingDate": "1985-09-30",
        "acceptedDate": "1985-09-29 20:00:00",
        "calendarYear": "1985",
        "period": "Q3",
        "revenue": 74600000,
        "costOfRevenue": 0,
        "grossProfit": 74600000,
        "grossProfitRatio": 1,
        "researchAndDevelopmentExpenses": 0,
        "generalAndAdministrativeExpenses": 0,
        "sellingAndMarketingExpenses": 0,
        "sellingGeneralAndAdministrativeExpenses": 0,
        "otherExpenses": 0,
        "operatingExpenses": 0,
        "costAndExpenses": 0,
        "interestIncome": 0,
        "interestExpense": 0,
        "depreciationAndAmortization": 0,
        "ebitda": 74600000,
        "ebitdaratio": 1,
        "operatingIncome": 74600000,
        "operatingIncomeRatio": 1,
        "totalOtherIncomeExpensesNet": 0,
        "incomeBeforeTax": 74600000,
        "incomeBeforeTaxRatio": 1,
        "incomeTaxExpense": 0,
        "netIncome": -400000,
        "netIncomeRatio": -0.0053619303,
        "eps": -0.01,
        "epsdiluted": -0.01,
        "weightedAverageShsOut": 117760000,
        "weightedAverageShsOutDil": 117760000,
        "link": "",
        "finalLink": ""
    }
]