[
    {
        "date": "2025-06-30",
        "symbol": "HP",
        "reportedCurrency": "USD",
        "cik": "0000046765",
        "fillingDate": "2025-08-11",
        "acceptedDate": "2025-08-08 17:32:55",
        "calendarYear": "2025",
        "period": "Q3",
        "revenue": 1040924000,
        "costOfRevenue": 914774000,
        "grossProfit": 126150000,
        "grossProfitRatio": 0.1211904039,
        "researchAndDevelopmentExpenses": 7777000,
        "generalAndAdministrativeExpenses": 0,
        "sellingAndMarketingExpenses": 0,
        "sellingGeneralAndAdministrativeExpenses": 65506000,
        "otherExpenses": 0,
        "operatingExpenses": 73283000,
        "costAndExpenses": 1169193000,
        "interestIncome": 2856000,
        "interestExpense": 29200000,
        "depreciationAndAmortization": 179491000,
        "ebitda": 232358000,
        "ebitdaratio": 0.2232228289,
        "operatingIncome": 52867000,
        "operatingIncomeRatio": 0.0507885302,
        "totalOtherIncomeExpensesNet": -4639000,
        "incomeBeforeTax": -132908000,
        "incomeBeforeTaxRatio": -0.1276827127,
        "incomeTaxExpense": 28991000,
        "netIncome": -162758000,
        "netIncomeRatio": -0.1563591578,
        "eps": -1.64,
        "epsdiluted": -1.64,
        "weightedAverageShsOut": 99360000,
        "weightedAverageShsOutDil": 99381000,
        "link": "https://www.sec.gov/Archives/edgar/data/46765/000004676525000051/0000046765-25-000051-index.htm",
        "finalLink": "https://www.sec.gov/Archives/edgar/data/46765/000004676525000051/hp-20250630.htm"
    },
    {
        "date": "2025-03-31",
        "symbol": "HP",
        "reportedCurrency": "USD",
        "cik": "0000046765",
        "fillingDate": "2025-05-09",
        "acceptedDate": "2025-05-09 16:26:36",
        "calendarYear": "2025",
        "period": "Q2",
        "revenue": 1016039000,
        "costOfRevenue": 859314000,
        "grossProfit": 156725000,
        "grossProfitRatio": 0.1542509687,
        "researchAndDevelopmentExpenses": 9421000,
        "generalAndAdministrativeExpenses": 0,
        "sellingAndMarketingExpenses": 0,
        "sellingGeneralAndAdministrativeExpenses": 80802000,
        "otherExpenses": 24339000,
        "operatingExpenses": 114562000,
        "costAndExpenses": 973876000,
        "interestIncome": 7257000,
        "interestExpense": 28338000,
        "depreciationAndAmortization": 157657000,
        "ebitda": 230443000,
        "ebitdaratio": 0.2268052703,
        "operatingIncome": 42163000,
        "operatingIncomeRatio": 0.0414974228,
        "totalOtherIncomeExpensesNet": 2285000,
        "incomeBeforeTax": 44448000,
        "incomeBeforeTaxRatio": 0.0437463523,
        "incomeTaxExpense": 41462000,
        "netIncome": 1654000,
        "netIncomeRatio": 0.0016278903,
        "eps": 0.01,
        "epsdiluted": 0.01,
        "weightedAverageShsOut": 99360000,
        "weightedAverageShsOutDil": 99381000,
        "link": "https://www.sec.gov/Archives/edgar/data/46765/000004676525000030/0000046765-25-000030-index.htm",
        "finalLink": "https://www.sec.gov/Archives/edgar/data/46765/000004676525000030/hp-20250331.htm"
    },
    {
        "date": "2024-12-31",
        "symbol": "HP",
        "reportedCurrency": "USD",
        "cik": "0000046765",
        "fillingDate": "2025-02-05",
        "acceptedDate": "2025-02-05 16:55:00",
        "calendarYear": "2025",
        "period": "Q1",
        "revenue": 677302000,
        "costOfRevenue": 510937000,
        "grossProfit": 166365000,
        "grossProfitRatio": 0.2456289809,
        "researchAndDevelopmentExpenses": 9359000,
        "generalAndAdministrativeExpenses": 0,
        "sellingAndMarketingExpenses": 0,
        "sellingGeneralAndAdministrativeExpenses": 63062000,
        "otherExpenses": 3961000,
        "operatingExpenses": 76382000,
        "costAndExpenses": 587319000,
        "interestIncome": 21741000,
        "interestExpense": 22298000,
        "depreciationAndAmortization": 99080000,
        "ebitda": 197797000,
        "ebitdaratio": 0.2920366395,
        "operatingIncome": 89983000,
        "operatingIncomeRatio": 0.1328550632,
        "totalOtherIncomeExpensesNet": -13564000,
        "incomeBeforeTax": 76419000,
        "incomeBeforeTaxRatio": 0.1128285462,
        "incomeTaxExpense": 21647000,
        "netIncome": 54772000,
        "netIncomeRatio": 0.0808679142,
        "eps": 0.55,
        "epsdiluted": 0.54,
        "weightedAverageShsOut": 98867000,
        "weightedAverageShsOutDil": 99159000,
        "link": "https://www.sec.gov/Archives/edgar/data/46765/000004676525000008/0000046765-25-000008-index.htm",
        "finalLink": "https://www.sec.gov/Archives/edgar/data/46765/000004676525000008/hp-20241231.htm"
    },
    {
        "date": "2024-09-30",
        "symbol": "HP",
        "reportedCurrency": "USD",
        "cik": "0000046765",
        "fillingDate": "2024-11-13",
        "acceptedDate": "2024-11-13 16:59:14",
        "calendarYear": "2024",
        "period": "Q4",
        "revenue": 693793000,
        "costOfRevenue": 509035000,
        "grossProfit": 184758000,
        "grossProfitRatio": 0.266301332,
        "researchAndDevelopmentExpenses": 8862000,
        "generalAndAdministrativeExpenses": 0,
        "sellingAndMarketingExpenses": 0,
        "sellingGeneralAndAdministrativeExpenses": 59393000,
        "otherExpenses": 9957000,
        "operatingExpenses": 78212000,
        "costAndExpenses": 587247000,
        "interestIncome": 11979000,
        "interestExpense": 16124000,
        "depreciationAndAmortization": 100992000,
        "ebitda": 233470000,
        "ebitdaratio": 0.3365124756,
        "operatingIncome": 106546000,
        "operatingIncomeRatio": 0.1535703012,
        "totalOtherIncomeExpensesNet": 9808000,
        "incomeBeforeTax": 116354000,
        "incomeBeforeTaxRatio": 0.1677070827,
        "incomeTaxExpense": 40878000,
        "netIncome": 75476000,
        "netIncomeRatio": 0.1087874914,
        "eps": 0.75,
        "epsdiluted": 0.75,
        "weightedAverageShsOut": 98755000,
        "weightedAverageShsOutDil": 98995000,
        "link": "https://www.sec.gov/Archives/edgar/data/46765/000004676524000076/0000046765-24-000076-index.htm",
        "finalLink": "https://www.sec.gov/Archives/edgar/data/46765/000004676524000076/hp-20240930.htm"
    },
    {
        "date": "2024-06-30",
        "symbol": "HP",
        "reportedCurrency": "USD",
        "cik": "0000046765",
        "fillingDate": "2024-07-25",
        "acceptedDate": "2024-07-25 09:45:49",
        "calendarYear": "2024",
        "period": "Q3",
        "revenue": 697724000,
        "costOfRevenue": 514844000,
        "grossProfit": 182880000,
        "grossProfitRatio": 0.2621093728,
        "researchAndDevelopmentExpenses": 10555000,
        "generalAndAdministrativeExpenses": 0,
        "sellingAndMarketingExpenses": 0,
        "sellingGeneralAndAdministrativeExpenses": 66870000,
        "otherExpenses": -5858000,
        "operatingExpenses": 71567000,
        "costAndExpenses": 586411000,
        "interestIncome": 11888000,
        "interestExpense": 4336000,
        "depreciationAndAmortization": 97816000,
        "ebitda": 224540000,
        "ebitdaratio": 0.3218177961,
        "operatingIncome": 111313000,
        "operatingIncomeRatio": 0.1595372955,
        "totalOtherIncomeExpensesNet": 11075000,
        "incomeBeforeTax": 122388000,
        "incomeBeforeTaxRatio": 0.1754103342,
        "incomeTaxExpense": 33703000,
        "netIncome": 88685000,
        "netIncomeRatio": 0.1271061337,
        "eps": 0.89,
        "epsdiluted": 0.88,
        "weightedAverageShsOut": 98752000,
        "weightedAverageShsOutDil": 99007000,
        "link": "https://www.sec.gov/Archives/edgar/data/46765/000004676524000045/0000046765-24-000045-index.htm",
        "finalLink": "https://www.sec.gov/Archives/edgar/data/46765/000004676524000045/hp-20240630.htm"
    },
    {
        "date": "2024-03-31",
        "symbol": "HP",
        "reportedCurrency": "USD",
        "cik": "0000046765",
        "fillingDate": "2024-04-24",
        "acceptedDate": "2024-04-24 16:24:33",
        "calendarYear": "2024",
        "period": "Q2",
        "revenue": 687943000,
        "costOfRevenue": 505845000,
        "grossProfit": 182098000,
        "grossProfitRatio": 0.2646992556,
        "researchAndDevelopmentExpenses": 12908000,
        "generalAndAdministrativeExpenses": 0,
        "sellingAndMarketingExpenses": 0,
        "sellingGeneralAndAdministrativeExpenses": 61177000,
        "otherExpenses": -3154000,
        "operatingExpenses": 70931000,
        "costAndExpenses": 576776000,
        "interestIncome": 6567000,
        "interestExpense": 4261000,
        "depreciationAndAmortization": 104545000,
        "ebitda": 225831000,
        "ebitdaratio": 0.3282699293,
        "operatingIncome": 111167000,
        "operatingIncomeRatio": 0.1615933297,
        "totalOtherIncomeExpensesNet": 5858000,
        "incomeBeforeTax": 117025000,
        "incomeBeforeTaxRatio": 0.17010857,
        "incomeTaxExpense": 32194000,
        "netIncome": 84831000,
        "netIncomeRatio": 0.1233110883,
        "eps": 0.85,
        "epsdiluted": 0.84,
        "weightedAverageShsOut": 98774000,
        "weightedAverageShsOutDil": 99046000,
        "link": "https://www.sec.gov/Archives/edgar/data/46765/000004676524000030/0000046765-24-000030-index.htm",
        "finalLink": "https://www.sec.gov/Archives/edgar/data/46765/000004676524000030/hp-20240331.htm"
    },
    {
        "date": "2023-12-31",
        "symbol": "HP",
        "reportedCurrency": "USD",
        "cik": "0000046765",
        "fillingDate": "2024-01-29",
        "acceptedDate": "2024-01-29 16:27:43",
        "calendarYear": "2024",
        "period": "Q1",
        "revenue": 677147000,
        "costOfRevenue": 497294000,
        "grossProfit": 179853000,
        "grossProfitRatio": 0.2656040712,
        "researchAndDevelopmentExpenses": 8608000,
        "generalAndAdministrativeExpenses": 0,
        "sellingAndMarketingExpenses": 0,
        "sellingGeneralAndAdministrativeExpenses": 56577000,
        "otherExpenses": -8800000,
        "operatingExpenses": 56385000,
        "costAndExpenses": 553679000,
        "interestIncome": 10734000,
        "interestExpense": 4372000,
        "depreciationAndAmortization": 93991000,
        "ebitda": 223616000,
        "ebitdaratio": 0.3302325787,
        "operatingIncome": 123468000,
        "operatingIncomeRatio": 0.1823355933,
        "totalOtherIncomeExpensesNet": 1785000,
        "incomeBeforeTax": 125253000,
        "incomeBeforeTaxRatio": 0.1849716531,
        "incomeTaxExpense": 30080000,
        "netIncome": 95173000,
        "netIncomeRatio": 0.140549984,
        "eps": 0.95,
        "epsdiluted": 0.94,
        "weightedAverageShsOut": 99143000,
        "weightedAverageShsOutDil": 99628000,
        "link": "https://www.sec.gov/Archives/edgar/data/46765/000004676524000006/0000046765-24-000006-index.htm",
        "finalLink": "https://www.sec.gov/Archives/edgar/data/46765/000004676524000006/hp-20231231.htm"
    },
    {
        "date": "2023-09-30",
        "symbol": "HP",
        "reportedCurrency": "USD",
        "cik": "0000046765",
        "fillingDate": "2023-11-08",
        "acceptedDate": "2023-11-08 16:55:23",
        "calendarYear": "2023",
        "period": "Q4",
        "revenue": 659606000,
        "costOfRevenue": 503148000,
        "grossProfit": 156458000,
        "grossProfitRatio": 0.2371991765,
        "researchAndDevelopmentExpenses": 7326000,
        "generalAndAdministrativeExpenses": 0,
        "sellingAndMarketingExpenses": 0,
        "sellingGeneralAndAdministrativeExpenses": 56076000,
        "otherExpenses": -663000,
        "operatingExpenses": 62739000,
        "costAndExpenses": 565887000,
        "interestIncome": 7885000,
        "interestExpense": 4365000,
        "depreciationAndAmortization": 94593000,
        "ebitda": 212542000,
        "ebitdaratio": 0.3222256923,
        "operatingIncome": 93719000,
        "operatingIncomeRatio": 0.1420833043,
        "totalOtherIncomeExpensesNet": 19865000,
        "incomeBeforeTax": 113584000,
        "incomeBeforeTaxRatio": 0.1721997677,
        "incomeTaxExpense": 35092000,
        "netIncome": 77622000,
        "netIncomeRatio": 0.1176793419,
        "eps": 0.77,
        "epsdiluted": 0.77,
        "weightedAverageShsOut": 99427000,
        "weightedAverageShsOutDil": 99884000,
        "link": "https://www.sec.gov/Archives/edgar/data/46765/000004676523000069/0000046765-23-000069-index.htm",
        "finalLink": "https://www.sec.gov/Archives/edgar/data/46765/000004676523000069/hp-20230930.htm"
    },
    {
        "date": "2023-06-30",
        "symbol": "HP",
        "reportedCurrency": "USD",
        "cik": "0000046765",
        "fillingDate": "2023-07-26",
        "acceptedDate": "2023-07-26 17:10:49",
        "calendarYear": "2023",
        "period": "Q3",
        "revenue": 723956000,
        "costOfRevenue": 523993000,
        "grossProfit": 199963000,
        "grossProfitRatio": 0.2762087751,
        "researchAndDevelopmentExpenses": 7085000,
        "generalAndAdministrativeExpenses": 0,
        "sellingAndMarketingExpenses": 0,
        "sellingGeneralAndAdministrativeExpenses": 49271000,
        "otherExpenses": -5135000,
        "operatingExpenses": 51221000,
        "costAndExpenses": 575214000,
        "interestIncome": 10748000,
        "interestExpense": 4324000,
        "depreciationAndAmortization": 94821000,
        "ebitda": 235101000,
        "ebitdaratio": 0.324744874,
        "operatingIncome": 148742000,
        "operatingIncomeRatio": 0.2054572377,
        "totalOtherIncomeExpensesNet": -12786000,
        "incomeBeforeTax": 135956000,
        "incomeBeforeTaxRatio": 0.1877959434,
        "incomeTaxExpense": 40663000,
        "netIncome": 95293000,
        "netIncomeRatio": 0.1316281652,
        "eps": 0.93,
        "epsdiluted": 0.93,
        "weightedAverageShsOut": 101163000,
        "weightedAverageShsOutDil": 101550000,
        "link": "https://www.sec.gov/Archives/edgar/data/46765/000004676523000046/0000046765-23-000046-index.htm",
        "finalLink": "https://www.sec.gov/Archives/edgar/data/46765/000004676523000046/hp-20230630.htm"
    },
    {
        "date": "2023-03-31",
        "symbol": "HP",
        "reportedCurrency": "USD",
        "cik": "0000046765",
        "fillingDate": "2023-04-26",
        "acceptedDate": "2023-04-26 16:47:40",
        "calendarYear": "2023",
        "period": "Q2",
        "revenue": 769222000,
        "costOfRevenue": 545365000,
        "grossProfit": 223857000,
        "grossProfitRatio": 0.2910174176,
        "researchAndDevelopmentExpenses": 8702000,
        "generalAndAdministrativeExpenses": 0,
        "sellingAndMarketingExpenses": 0,
        "sellingGeneralAndAdministrativeExpenses": 52855000,
        "otherExpenses": -12905000,
        "operatingExpenses": 48652000,
        "costAndExpenses": 594017000,
        "interestIncome": 5055000,
        "interestExpense": 4239000,
        "depreciationAndAmortization": 96245000,
        "ebitda": 315653000,
        "ebitdaratio": 0.410353578,
        "operatingIncome": 175205000,
        "operatingIncomeRatio": 0.2277690966,
        "totalOtherIncomeExpensesNet": 39825000,
        "incomeBeforeTax": 215030000,
        "incomeBeforeTaxRatio": 0.2795421868,
        "incomeTaxExpense": 51129000,
        "netIncome": 164040000,
        "netIncomeRatio": 0.2132544311,
        "eps": 1.56,
        "epsdiluted": 1.55,
        "weightedAverageShsOut": 103968000,
        "weightedAverageShsOutDil": 104363000,
        "link": "https://www.sec.gov/Archives/edgar/data/46765/000004676523000030/0000046765-23-000030-index.htm",
        "finalLink": "https://www.sec.gov/Archives/edgar/data/46765/000004676523000030/hp-20230331.htm"
    },
    {
        "date": "2022-12-31",
        "symbol": "HP",
        "reportedCurrency": "USD",
        "cik": "0000046765",
        "fillingDate": "2023-01-30",
        "acceptedDate": "2023-01-30 16:27:18",
        "calendarYear": "2023",
        "period": "Q1",
        "revenue": 719637000,
        "costOfRevenue": 524906000,
        "grossProfit": 194731000,
        "grossProfitRatio": 0.2705961478,
        "researchAndDevelopmentExpenses": 6933000,
        "generalAndAdministrativeExpenses": 0,
        "sellingAndMarketingExpenses": 0,
        "sellingGeneralAndAdministrativeExpenses": 48455000,
        "otherExpenses": 1126000,
        "operatingExpenses": 56514000,
        "costAndExpenses": 581420000,
        "interestIncome": 4705000,
        "interestExpense": 4355000,
        "depreciationAndAmortization": 96655000,
        "ebitda": 229832000,
        "ebitdaratio": 0.3193721279,
        "operatingIncome": 144223000,
        "operatingIncomeRatio": 0.2004107626,
        "totalOtherIncomeExpensesNet": -15401000,
        "incomeBeforeTax": 128822000,
        "incomeBeforeTaxRatio": 0.1790096952,
        "incomeTaxExpense": 32395000,
        "netIncome": 97145000,
        "netIncomeRatio": 0.1349916694,
        "eps": 0.91,
        "epsdiluted": 0.91,
        "weightedAverageShsOut": 105248000,
        "weightedAverageShsOutDil": 106104000,
        "link": "https://www.sec.gov/Archives/edgar/data/46765/000004676523000009/0000046765-23-000009-index.htm",
        "finalLink": "https://www.sec.gov/Archives/edgar/data/46765/000004676523000009/hp-20221231.htm"
    },
    {
        "date": "2022-09-30",
        "symbol": "HP",
        "reportedCurrency": "USD",
        "cik": "0000046765",
        "fillingDate": "2022-11-17",
        "acceptedDate": "2022-11-16 17:35:51",
        "calendarYear": "2022",
        "period": "Q4",
        "revenue": 631332000,
        "costOfRevenue": 511245000,
        "grossProfit": 120087000,
        "grossProfitRatio": 0.1902121229,
        "researchAndDevelopmentExpenses": 7138000,
        "generalAndAdministrativeExpenses": 0,
        "sellingAndMarketingExpenses": 0,
        "sellingGeneralAndAdministrativeExpenses": 46667000,
        "otherExpenses": 0,
        "operatingExpenses": 53805000,
        "costAndExpenses": 565050000,
        "interestIncome": 6789000,
        "interestExpense": 4327000,
        "depreciationAndAmortization": 99055000,
        "ebitda": 175946000,
        "ebitdaratio": 0.2786901345,
        "operatingIncome": -34933000,
        "operatingIncomeRatio": -0.0553322182,
        "totalOtherIncomeExpensesNet": -4234000,
        "incomeBeforeTax": 72564000,
        "incomeBeforeTaxRatio": 0.1149379407,
        "incomeTaxExpense": 27532000,
        "netIncome": 45539000,
        "netIncomeRatio": 0.0721316201,
        "eps": 0.43,
        "epsdiluted": 0.43,
        "weightedAverageShsOut": 105292000,
        "weightedAverageShsOutDil": 106078000,
        "link": "https://www.sec.gov/Archives/edgar/data/46765/000004676522000070/0000046765-22-000070-index.htm",
        "finalLink": "https://www.sec.gov/Archives/edgar/data/46765/000004676522000070/hp-20220930.htm"
    },
    {
        "date": "2022-06-30",
        "symbol": "HP",
        "reportedCurrency": "USD",
        "cik": "0000046765",
        "fillingDate": "2022-07-27",
        "acceptedDate": "2022-07-27 16:32:13",
        "calendarYear": "2022",
        "period": "Q3",
        "revenue": 550233000,
        "costOfRevenue": 478004000,
        "grossProfit": 72229000,
        "grossProfitRatio": 0.1312698439,
        "researchAndDevelopmentExpenses": 6511000,
        "generalAndAdministrativeExpenses": 0,
        "sellingAndMarketingExpenses": 0,
        "sellingGeneralAndAdministrativeExpenses": 44933000,
        "otherExpenses": 0,
        "operatingExpenses": 51444000,
        "costAndExpenses": 529448000,
        "interestIncome": 5313000,
        "interestExpense": 4372000,
        "depreciationAndAmortization": 100741000,
        "ebitda": 124318000,
        "ebitdaratio": 0.2259370121,
        "operatingIncome": 24950000,
        "operatingIncomeRatio": 0.0453444268,
        "totalOtherIncomeExpensesNet": -14517000,
        "incomeBeforeTax": 19205000,
        "incomeBeforeTaxRatio": 0.0349033955,
        "incomeTaxExpense": 1730000,
        "netIncome": 17752000,
        "netIncomeRatio": 0.032262696,
        "eps": 0.17,
        "epsdiluted": 0.17,
        "weightedAverageShsOut": 105289000,
        "weightedAverageShsOutDil": 106021000,
        "link": "https://www.sec.gov/Archives/edgar/data/46765/000004676522000056/0000046765-22-000056-index.htm",
        "finalLink": "https://www.sec.gov/Archives/edgar/data/46765/000004676522000056/hp-20220630.htm"
    },
    {
        "date": "2022-03-31",
        "symbol": "HP",
        "reportedCurrency": "USD",
        "cik": "0000046765",
        "fillingDate": "2022-04-27",
        "acceptedDate": "2022-04-27 16:51:21",
        "calendarYear": "2022",
        "period": "Q2",
        "revenue": 467597000,
        "costOfRevenue": 443877000,
        "grossProfit": 23720000,
        "grossProfitRatio": 0.0507274426,
        "researchAndDevelopmentExpenses": 6387000,
        "generalAndAdministrativeExpenses": 0,
        "sellingAndMarketingExpenses": 0,
        "sellingGeneralAndAdministrativeExpenses": 47051000,
        "otherExpenses": -476000,
        "operatingExpenses": 53438000,
        "costAndExpenses": 497315000,
        "interestIncome": 3399000,
        "interestExpense": 4390000,
        "depreciationAndAmortization": 102937000,
        "ebitda": 105375000,
        "ebitdaratio": 0.2253543115,
        "operatingIncome": -26795000,
        "operatingIncomeRatio": -0.0573036183,
        "totalOtherIncomeExpensesNet": 20665000,
        "incomeBeforeTax": -1952000,
        "incomeBeforeTaxRatio": -0.0041745349,
        "incomeTaxExpense": 2672000,
        "netIncome": -4624000,
        "netIncomeRatio": -0.0098888573,
        "eps": -0.0461,
        "epsdiluted": -0.0439,
        "weightedAverageShsOut": 100400000,
        "weightedAverageShsOutDil": 105393000,
        "link": "https://www.sec.gov/Archives/edgar/data/46765/000004676522000047/0000046765-22-000047-index.htm",
        "finalLink": "https://www.sec.gov/Archives/edgar/data/46765/000004676522000047/hp-20220331.htm"
    },
    {
        "date": "2021-12-31",
        "symbol": "HP",
        "reportedCurrency": "USD",
        "cik": "0000046765",
        "fillingDate": "2022-01-31",
        "acceptedDate": "2022-01-31 17:23:47",
        "calendarYear": "2022",
        "period": "Q1",
        "revenue": 409782000,
        "costOfRevenue": 401271000,
        "grossProfit": 8511000,
        "grossProfitRatio": 0.0207695799,
        "researchAndDevelopmentExpenses": 6527000,
        "generalAndAdministrativeExpenses": 0,
        "sellingAndMarketingExpenses": 0,
        "sellingGeneralAndAdministrativeExpenses": 43715000,
        "otherExpenses": 0,
        "operatingExpenses": 50242000,
        "costAndExpenses": 451513000,
        "interestIncome": 2589000,
        "interestExpense": 6114000,
        "depreciationAndAmortization": 100437000,
        "ebitda": 47652000,
        "ebitdaratio": 0.1162862205,
        "operatingIncome": -42611000,
        "operatingIncomeRatio": -0.1039845576,
        "totalOtherIncomeExpensesNet": -16288000,
        "incomeBeforeTax": -58899000,
        "incomeBeforeTaxRatio": -0.1437325212,
        "incomeTaxExpense": -7568000,
        "netIncome": -51362000,
        "netIncomeRatio": -0.1253398148,
        "eps": -0.48,
        "epsdiluted": -0.48,
        "weightedAverageShsOut": 107571000,
        "weightedAverageShsOutDil": 107571000,
        "link": "https://www.sec.gov/Archives/edgar/data/46765/000004676522000006/0000046765-22-000006-index.htm",
        "finalLink": "https://www.sec.gov/Archives/edgar/data/46765/000004676522000006/hp-20211231.htm"
    },
    {
        "date": "2021-09-30",
        "symbol": "HP",
        "reportedCurrency": "USD",
        "cik": "0000046765",
        "fillingDate": "2021-11-18",
        "acceptedDate": "2021-11-18 16:50:41",
        "calendarYear": "2021",
        "period": "Q4",
        "revenue": 343807000,
        "costOfRevenue": 371103000,
        "grossProfit": -27296000,
        "grossProfitRatio": -0.0793933806,
        "researchAndDevelopmentExpenses": 5197000,
        "generalAndAdministrativeExpenses": 39303000,
        "sellingAndMarketingExpenses": 12521000,
        "sellingGeneralAndAdministrativeExpenses": 51824000,
        "otherExpenses": 0,
        "operatingExpenses": 57021000,
        "costAndExpenses": 428124000,
        "interestIncome": 2029000,
        "interestExpense": 6094000,
        "depreciationAndAmortization": 101955000,
        "ebitda": 3192000,
        "ebitdaratio": 0.0092842787,
        "operatingIncome": -97036000,
        "operatingIncomeRatio": -0.282239745,
        "totalOtherIncomeExpensesNet": -7821000,
        "incomeBeforeTax": -104857000,
        "incomeBeforeTaxRatio": -0.3049879729,
        "incomeTaxExpense": -25323000,
        "netIncome": -79161000,
        "netIncomeRatio": -0.2302483661,
        "eps": -0.73,
        "epsdiluted": -0.73,
        "weightedAverageShsOut": 107899000,
        "weightedAverageShsOutDil": 107899000,
        "link": "https://www.sec.gov/Archives/edgar/data/46765/000004676521000044/0000046765-21-000044-index.htm",
        "finalLink": "https://www.sec.gov/Archives/edgar/data/46765/000004676521000044/hp-20210930.htm"
    },
    {
        "date": "2021-06-30",
        "symbol": "HP",
        "reportedCurrency": "USD",
        "cik": "0000046765",
        "fillingDate": "2021-07-28",
        "acceptedDate": "2021-07-28 17:07:00",
        "calendarYear": "2021",
        "period": "Q3",
        "revenue": 332213000,
        "costOfRevenue": 361445000,
        "grossProfit": -29232000,
        "grossProfitRatio": -0.0879917402,
        "researchAndDevelopmentExpenses": 5610000,
        "generalAndAdministrativeExpenses": 0,
        "sellingAndMarketingExpenses": 0,
        "sellingGeneralAndAdministrativeExpenses": 41719000,
        "otherExpenses": 0,
        "operatingExpenses": 47329000,
        "costAndExpenses": 408774000,
        "interestIncome": 1527000,
        "interestExpense": 5963000,
        "depreciationAndAmortization": 104493000,
        "ebitda": 30092000,
        "ebitdaratio": 0.0905804409,
        "operatingIncome": -77367000,
        "operatingIncomeRatio": -0.2328837222,
        "totalOtherIncomeExpensesNet": -2997000,
        "incomeBeforeTax": -80364000,
        "incomeBeforeTaxRatio": -0.2419050428,
        "incomeTaxExpense": -23659000,
        "netIncome": -55555000,
        "netIncomeRatio": -0.1672270501,
        "eps": -0.52,
        "epsdiluted": -0.51,
        "weightedAverageShsOut": 107647169,
        "weightedAverageShsOutDil": 107896000,
        "link": "https://www.sec.gov/Archives/edgar/data/46765/000004676521000030/0000046765-21-000030-index.htm",
        "finalLink": "https://www.sec.gov/Archives/edgar/data/46765/000004676521000030/hp-20210630.htm"
    },
    {
        "date": "2021-03-31",
        "symbol": "HP",
        "reportedCurrency": "USD",
        "cik": "0000046765",
        "fillingDate": "2021-04-29",
        "acceptedDate": "2021-04-29 16:54:53",
        "calendarYear": "2021",
        "period": "Q2",
        "revenue": 296171000,
        "costOfRevenue": 338004000,
        "grossProfit": -41833000,
        "grossProfitRatio": -0.1412461044,
        "researchAndDevelopmentExpenses": 5334000,
        "generalAndAdministrativeExpenses": 0,
        "sellingAndMarketingExpenses": 0,
        "sellingGeneralAndAdministrativeExpenses": 39349000,
        "otherExpenses": 0,
        "operatingExpenses": 44683000,
        "costAndExpenses": 382687000,
        "interestIncome": 4819000,
        "interestExpense": 5759000,
        "depreciationAndAmortization": 106417000,
        "ebitda": -47744000,
        "ebitdaratio": -0.1612041692,
        "operatingIncome": -160923000,
        "operatingIncomeRatio": -0.543344892,
        "totalOtherIncomeExpensesNet": 1003000,
        "incomeBeforeTax": -159920000,
        "incomeBeforeTaxRatio": -0.5399583349,
        "incomeTaxExpense": -36624000,
        "netIncome": -121003000,
        "netIncomeRatio": -0.4085578939,
        "eps": -1.13,
        "epsdiluted": -1.12,
        "weightedAverageShsOut": 107521739,
        "weightedAverageShsOutDil": 107861000,
        "link": "https://www.sec.gov/Archives/edgar/data/46765/000004676521000019/0000046765-21-000019-index.htm",
        "finalLink": "https://www.sec.gov/Archives/edgar/data/46765/000004676521000019/hp-20210331.htm"
    },
    {
        "date": "2020-12-31",
        "symbol": "HP",
        "reportedCurrency": "USD",
        "cik": "0000046765",
        "fillingDate": "2021-02-09",
        "acceptedDate": "2021-02-09 16:48:32",
        "calendarYear": "2021",
        "period": "Q1",
        "revenue": 246377000,
        "costOfRevenue": 306912000,
        "grossProfit": -60535000,
        "grossProfitRatio": -0.2457006945,
        "researchAndDevelopmentExpenses": 5583000,
        "generalAndAdministrativeExpenses": 39303000,
        "sellingAndMarketingExpenses": 0,
        "sellingGeneralAndAdministrativeExpenses": 39303000,
        "otherExpenses": 0,
        "operatingExpenses": 44886000,
        "costAndExpenses": 351798000,
        "interestIncome": 1879000,
        "interestExpense": 6139000,
        "depreciationAndAmortization": 106861000,
        "ebitda": 16961000,
        "ebitdaratio": 0.0688416532,
        "operatingIncome": -93223000,
        "operatingIncomeRatio": -0.3783754165,
        "totalOtherIncomeExpensesNet": -2816000,
        "incomeBeforeTax": -96039000,
        "incomeBeforeTaxRatio": -0.3898050549,
        "incomeTaxExpense": -18115000,
        "netIncome": -70431000,
        "netIncomeRatio": -0.2858667814,
        "eps": -0.66,
        "epsdiluted": -0.65,
        "weightedAverageShsOut": 107239726,
        "weightedAverageShsOutDil": 107617000,
        "link": "https://www.sec.gov/Archives/edgar/data/46765/000004676521000006/0000046765-21-000006-index.htm",
        "finalLink": "https://www.sec.gov/Archives/edgar/data/46765/000004676521000006/hp-20201231.htm"
    },
    {
        "date": "2020-09-30",
        "symbol": "HP",
        "reportedCurrency": "USD",
        "cik": "0000046765",
        "fillingDate": "2020-11-20",
        "acceptedDate": "2020-11-20 17:09:13",
        "calendarYear": "2020",
        "period": "Q4",
        "revenue": 208267000,
        "costOfRevenue": 273596000,
        "grossProfit": -65329000,
        "grossProfitRatio": -0.3136790754,
        "researchAndDevelopmentExpenses": 4915000,
        "generalAndAdministrativeExpenses": 134894000,
        "sellingAndMarketingExpenses": -102275000,
        "sellingGeneralAndAdministrativeExpenses": 32619000,
        "otherExpenses": 0,
        "operatingExpenses": 37534000,
        "costAndExpenses": 311130000,
        "interestIncome": 753000,
        "interestExpense": 6154000,
        "depreciationAndAmortization": 109587000,
        "ebitda": 31742000,
        "ebitdaratio": 0.1524101274,
        "operatingIncome": -75430000,
        "operatingIncomeRatio": -0.3621793179,
        "totalOtherIncomeExpensesNet": -8469000,
        "incomeBeforeTax": -83899000,
        "incomeBeforeTaxRatio": -0.4028434654,
        "incomeTaxExpense": -23253000,
        "netIncome": -58963000,
        "netIncomeRatio": -0.283112543,
        "eps": -0.55,
        "epsdiluted": -0.55,
        "weightedAverageShsOut": 107484000,
        "weightedAverageShsOutDil": 107484000,
        "link": "https://www.sec.gov/Archives/edgar/data/46765/000004676520000032/0000046765-20-000032-index.htm",
        "finalLink": "https://www.sec.gov/Archives/edgar/data/46765/000004676520000032/hp-20200930x10k.htm"
    },
    {
        "date": "2020-06-30",
        "symbol": "HP",
        "reportedCurrency": "USD",
        "cik": "0000046765",
        "fillingDate": "2020-07-29",
        "acceptedDate": "2020-07-29 08:08:14",
        "calendarYear": "2020",
        "period": "Q3",
        "revenue": 317364000,
        "costOfRevenue": 316908000,
        "grossProfit": 456000,
        "grossProfitRatio": 0.0014368359,
        "researchAndDevelopmentExpenses": 3638000,
        "generalAndAdministrativeExpenses": 43108000,
        "sellingAndMarketingExpenses": 0,
        "sellingGeneralAndAdministrativeExpenses": 43108000,
        "otherExpenses": 0,
        "operatingExpenses": 46746000,
        "costAndExpenses": 363654000,
        "interestIncome": 771000,
        "interestExpense": 6125000,
        "depreciationAndAmortization": 110161000,
        "ebitda": 52301000,
        "ebitdaratio": 0.1647981498,
        "operatingIncome": -57584000,
        "operatingIncomeRatio": -0.1814446503,
        "totalOtherIncomeExpensesNet": -6001000,
        "incomeBeforeTax": -63585000,
        "incomeBeforeTaxRatio": -0.2003535373,
        "incomeTaxExpense": -17578000,
        "netIncome": -45599000,
        "netIncomeRatio": -0.1436804426,
        "eps": -0.42,
        "epsdiluted": -0.42,
        "weightedAverageShsOut": 107439000,
        "weightedAverageShsOutDil": 107439000,
        "link": "https://www.sec.gov/Archives/edgar/data/46765/000004676520000022/0000046765-20-000022-index.htm",
        "finalLink": "https://www.sec.gov/Archives/edgar/data/46765/000004676520000022/hp-20200630x10q.htm"
    },
    {
        "date": "2020-03-31",
        "symbol": "HP",
        "reportedCurrency": "USD",
        "cik": "0000046765",
        "fillingDate": "2020-05-04",
        "acceptedDate": "2020-05-04 15:12:26",
        "calendarYear": "2020",
        "period": "Q2",
        "revenue": 633639000,
        "costOfRevenue": 551064000,
        "grossProfit": 82575000,
        "grossProfitRatio": 0.130318683,
        "researchAndDevelopmentExpenses": 6214000,
        "generalAndAdministrativeExpenses": 41978000,
        "sellingAndMarketingExpenses": 0,
        "sellingGeneralAndAdministrativeExpenses": 41978000,
        "otherExpenses": -398000,
        "operatingExpenses": 48192000,
        "costAndExpenses": 599256000,
        "interestIncome": 3566000,
        "interestExpense": 6095000,
        "depreciationAndAmortization": 132006000,
        "ebitda": -396280000,
        "ebitdaratio": -0.6254034237,
        "operatingIncome": -518541000,
        "operatingIncomeRatio": -0.8183539839,
        "totalOtherIncomeExpensesNet": -15340000,
        "incomeBeforeTax": -533881000,
        "incomeBeforeTaxRatio": -0.8425633523,
        "incomeTaxExpense": -113413000,
        "netIncome": -420540000,
        "netIncomeRatio": -0.6636902085,
        "eps": -3.87,
        "epsdiluted": -3.87,
        "weightedAverageShsOut": 108557000,
        "weightedAverageShsOutDil": 108557000,
        "link": "https://www.sec.gov/Archives/edgar/data/46765/000004676520000013/0000046765-20-000013-index.htm",
        "finalLink": "https://www.sec.gov/Archives/edgar/data/46765/000004676520000013/hp-2020331x10q.htm"
    },
    {
        "date": "2019-12-31",
        "symbol": "HP",
        "reportedCurrency": "USD",
        "cik": "0000046765",
        "fillingDate": "2020-02-05",
        "acceptedDate": "2020-02-05 08:15:19",
        "calendarYear": "2020",
        "period": "Q1",
        "revenue": 614657000,
        "costOfRevenue": 530882000,
        "grossProfit": 83775000,
        "grossProfitRatio": 0.1362955274,
        "researchAndDevelopmentExpenses": 6878000,
        "generalAndAdministrativeExpenses": 49808000,
        "sellingAndMarketingExpenses": 0,
        "sellingGeneralAndAdministrativeExpenses": 49808000,
        "otherExpenses": -399000,
        "operatingExpenses": 56686000,
        "costAndExpenses": 587568000,
        "interestIncome": 2214000,
        "interestExpense": 6100000,
        "depreciationAndAmortization": 130131000,
        "ebitda": 159035000,
        "ebitdaratio": 0.2587378001,
        "operatingIncome": 31368000,
        "operatingIncomeRatio": 0.0510333405,
        "totalOtherIncomeExpensesNet": 13499000,
        "incomeBeforeTax": 44867000,
        "incomeBeforeTaxRatio": 0.0729951827,
        "incomeTaxExpense": 14138000,
        "netIncome": 30605000,
        "netIncomeRatio": 0.0497919978,
        "eps": 0.27,
        "epsdiluted": 0.27,
        "weightedAverageShsOut": 108555000,
        "weightedAverageShsOutDil": 108724000,
        "link": "https://www.sec.gov/Archives/edgar/data/46765/000004676520000007/0000046765-20-000007-index.htm",
        "finalLink": "https://www.sec.gov/Archives/edgar/data/46765/000004676520000007/hp-20191231x10q.htm"
    },
    {
        "date": "2019-09-30",
        "symbol": "HP",
        "reportedCurrency": "USD",
        "cik": "0000046765",
        "fillingDate": "2019-11-15",
        "acceptedDate": "2019-11-15 17:19:51",
        "calendarYear": "2019",
        "period": "Q4",
        "revenue": 649050000,
        "costOfRevenue": 566737000,
        "grossProfit": 82313000,
        "grossProfitRatio": 0.126820738,
        "researchAndDevelopmentExpenses": 6121000,
        "generalAndAdministrativeExpenses": 49812000,
        "sellingAndMarketingExpenses": 0,
        "sellingGeneralAndAdministrativeExpenses": 49812000,
        "otherExpenses": -546000,
        "operatingExpenses": 55933000,
        "costAndExpenses": 622670000,
        "interestIncome": 2607000,
        "interestExpense": 8043000,
        "depreciationAndAmortization": 134886000,
        "ebitda": 171709000,
        "ebitdaratio": 0.2645543487,
        "operatingIncome": 39021000,
        "operatingIncomeRatio": 0.0601201756,
        "totalOtherIncomeExpensesNet": -10242000,
        "incomeBeforeTax": 28779000,
        "incomeBeforeTaxRatio": 0.0443401895,
        "incomeTaxExpense": -13110000,
        "netIncome": 41176000,
        "netIncomeRatio": 0.0634404129,
        "eps": 0.37,
        "epsdiluted": 0.37,
        "weightedAverageShsOut": 108896000,
        "weightedAverageShsOutDil": 108950000,
        "link": "https://www.sec.gov/Archives/edgar/data/46765/000004676519000019/0000046765-19-000019-index.htm",
        "finalLink": "https://www.sec.gov/Archives/edgar/data/46765/000004676519000019/hp-20190930x10k.htm"
    },
    {
        "date": "2019-06-30",
        "symbol": "HP",
        "reportedCurrency": "USD",
        "cik": "0000046765",
        "fillingDate": "2019-07-26",
        "acceptedDate": "2019-07-26 07:30:30",
        "calendarYear": "2019",
        "period": "Q3",
        "revenue": 687974000,
        "costOfRevenue": 587825000,
        "grossProfit": 100149000,
        "grossProfitRatio": 0.1455709082,
        "researchAndDevelopmentExpenses": 7066000,
        "generalAndAdministrativeExpenses": 46590000,
        "sellingAndMarketingExpenses": 0,
        "sellingGeneralAndAdministrativeExpenses": 46590000,
        "otherExpenses": 0,
        "operatingExpenses": 53656000,
        "costAndExpenses": 641481000,
        "interestIncome": 2349000,
        "interestExpense": 6257000,
        "depreciationAndAmortization": 143297000,
        "ebitda": -38098000,
        "ebitdaratio": -0.0553770927,
        "operatingIncome": -167874000,
        "operatingIncomeRatio": -0.2440121284,
        "totalOtherIncomeExpensesNet": -18778000,
        "incomeBeforeTax": -186652000,
        "incomeBeforeTaxRatio": -0.2713067645,
        "incomeTaxExpense": -32031000,
        "netIncome": -154683000,
        "netIncomeRatio": -0.2248384387,
        "eps": -1.41,
        "epsdiluted": -1.41,
        "weightedAverageShsOut": 109425000,
        "weightedAverageShsOutDil": 109425000,
        "link": "https://www.sec.gov/Archives/edgar/data/46765/000162828019009063/0001628280-19-009063-index.htm",
        "finalLink": "https://www.sec.gov/Archives/edgar/data/46765/000162828019009063/hp-20190630x10q.htm"
    },
    {
        "date": "2019-03-31",
        "symbol": "HP",
        "reportedCurrency": "USD",
        "cik": "0000046765",
        "fillingDate": "2019-04-29",
        "acceptedDate": "2019-04-29 06:24:22",
        "calendarYear": "2019",
        "period": "Q2",
        "revenue": 720868000,
        "costOfRevenue": 586500000,
        "grossProfit": 134368000,
        "grossProfitRatio": 0.1863975097,
        "researchAndDevelopmentExpenses": 7262000,
        "generalAndAdministrativeExpenses": 43506000,
        "sellingAndMarketingExpenses": 0,
        "sellingGeneralAndAdministrativeExpenses": 43506000,
        "otherExpenses": 17000,
        "operatingExpenses": 50768000,
        "costAndExpenses": 637268000,
        "interestIncome": 2061000,
        "interestExpense": 6167000,
        "depreciationAndAmortization": 143160000,
        "ebitda": 245163000,
        "ebitdaratio": 0.3400941643,
        "operatingIncome": 95146000,
        "operatingIncomeRatio": 0.1319881032,
        "totalOtherIncomeExpensesNet": 1789000,
        "incomeBeforeTax": 96935000,
        "incomeBeforeTaxRatio": 0.1344698336,
        "incomeTaxExpense": 25078000,
        "netIncome": 60891000,
        "netIncomeRatio": 0.0844690013,
        "eps": 0.55,
        "epsdiluted": 0.55,
        "weightedAverageShsOut": 109406000,
        "weightedAverageShsOutDil": 109503000,
        "link": "https://www.sec.gov/Archives/edgar/data/46765/000155837019003441/0001558370-19-003441-index.htm",
        "finalLink": "https://www.sec.gov/Archives/edgar/data/46765/000155837019003441/hp-20190331x10q.htm"
    },
    {
        "date": "2018-12-31",
        "symbol": "HP",
        "reportedCurrency": "USD",
        "cik": "0000046765",
        "fillingDate": "2019-01-30",
        "acceptedDate": "2019-01-30 17:08:39",
        "calendarYear": "2019",
        "period": "Q1",
        "revenue": 740598000,
        "costOfRevenue": 630327000,
        "grossProfit": 110271000,
        "grossProfitRatio": 0.148894542,
        "researchAndDevelopmentExpenses": 7019000,
        "generalAndAdministrativeExpenses": 54508000,
        "sellingAndMarketingExpenses": 0,
        "sellingGeneralAndAdministrativeExpenses": 54508000,
        "otherExpenses": 541000,
        "operatingExpenses": 61527000,
        "costAndExpenses": 691854000,
        "interestIncome": 2450000,
        "interestExpense": 4720000,
        "depreciationAndAmortization": 141460000,
        "ebitda": 193195000,
        "ebitdaratio": 0.2608635184,
        "operatingIncome": 54289000,
        "operatingIncomeRatio": 0.0733042757,
        "totalOtherIncomeExpensesNet": -44573000,
        "incomeBeforeTax": 9716000,
        "incomeBeforeTaxRatio": 0.0131191281,
        "incomeTaxExpense": 1352000,
        "netIncome": 18959000,
        "netIncomeRatio": 0.025599583,
        "eps": 0.17,
        "epsdiluted": 0.17,
        "weightedAverageShsOut": 109142000,
        "weightedAverageShsOutDil": 109425000,
        "link": "https://www.sec.gov/Archives/edgar/data/46765/000155837019000295/0001558370-19-000295-index.htm",
        "finalLink": "https://www.sec.gov/Archives/edgar/data/46765/000155837019000295/hp-20181231x10q.htm"
    },
    {
        "date": "2018-09-30",
        "symbol": "HP",
        "reportedCurrency": "USD",
        "cik": "0000046765",
        "fillingDate": "2018-11-16",
        "acceptedDate": "2018-11-16 17:09:54",
        "calendarYear": "2018",
        "period": "Q4",
        "revenue": 696825000,
        "costOfRevenue": 599741000,
        "grossProfit": 97084000,
        "grossProfitRatio": 0.1393233595,
        "researchAndDevelopmentExpenses": 5018000,
        "generalAndAdministrativeExpenses": 53347000,
        "sellingAndMarketingExpenses": 0,
        "sellingGeneralAndAdministrativeExpenses": 53347000,
        "otherExpenses": 51000,
        "operatingExpenses": 58365000,
        "costAndExpenses": 658106000,
        "interestIncome": 2337000,
        "interestExpense": 6471000,
        "depreciationAndAmortization": 150281000,
        "ebitda": 175786000,
        "ebitdaratio": 0.2522670685,
        "operatingIncome": 23118000,
        "operatingIncomeRatio": 0.033176192,
        "totalOtherIncomeExpensesNet": -4084000,
        "incomeBeforeTax": 19034000,
        "incomeBeforeTaxRatio": 0.0273153231,
        "incomeTaxExpense": 16859000,
        "netIncome": 2453000,
        "netIncomeRatio": 0.0035202526,
        "eps": 0.02,
        "epsdiluted": 0.02,
        "weightedAverageShsOut": 108948000,
        "weightedAverageShsOutDil": 109397000,
        "link": "https://www.sec.gov/Archives/edgar/data/46765/000155837018009412/0001558370-18-009412-index.htm",
        "finalLink": "https://www.sec.gov/Archives/edgar/data/46765/000155837018009412/hp-20180930x10k.htm"
    },
    {
        "date": "2018-06-30",
        "symbol": "HP",
        "reportedCurrency": "USD",
        "cik": "0000046765",
        "fillingDate": "2018-08-01",
        "acceptedDate": "2018-08-01 16:46:04",
        "calendarYear": "2018",
        "period": "Q3",
        "revenue": 648872000,
        "costOfRevenue": 589090000,
        "grossProfit": 59782000,
        "grossProfitRatio": 0.0921321925,
        "researchAndDevelopmentExpenses": 5479000,
        "generalAndAdministrativeExpenses": 52399000,
        "sellingAndMarketingExpenses": 0,
        "sellingGeneralAndAdministrativeExpenses": 52399000,
        "otherExpenses": 28000,
        "operatingExpenses": 57878000,
        "costAndExpenses": 646968000,
        "interestIncome": 2109000,
        "interestExpense": 5993000,
        "depreciationAndAmortization": 144579000,
        "ebitda": 152933000,
        "ebitdaratio": 0.2356905522,
        "operatingIncome": 6217000,
        "operatingIncomeRatio": 0.0095812425,
        "totalOtherIncomeExpensesNet": -3945000,
        "incomeBeforeTax": 2361000,
        "incomeBeforeTaxRatio": 0.0036386221,
        "incomeTaxExpense": 10535000,
        "netIncome": -8008000,
        "netIncomeRatio": -0.0123414171,
        "eps": -0.0735,
        "epsdiluted": -0.0735,
        "weightedAverageShsOut": 108905000,
        "weightedAverageShsOutDil": 108905000,
        "link": "https://www.sec.gov/Archives/edgar/data/46765/000155837018006102/0001558370-18-006102-index.htm",
        "finalLink": "https://www.sec.gov/Archives/edgar/data/46765/000155837018006102/hp-20180630x10q.htm"
    },
    {
        "date": "2018-03-31",
        "symbol": "HP",
        "reportedCurrency": "USD",
        "cik": "0000046765",
        "fillingDate": "2018-05-04",
        "acceptedDate": "2018-05-04 14:34:16",
        "calendarYear": "2018",
        "period": "Q2",
        "revenue": 577484000,
        "costOfRevenue": 531231000,
        "grossProfit": 46253000,
        "grossProfitRatio": 0.0800939939,
        "researchAndDevelopmentExpenses": 4436000,
        "generalAndAdministrativeExpenses": 48325000,
        "sellingAndMarketingExpenses": 0,
        "sellingGeneralAndAdministrativeExpenses": 48325000,
        "otherExpenses": -121000,
        "operatingExpenses": 52761000,
        "costAndExpenses": 583992000,
        "interestIncome": 1847000,
        "interestExpense": 6028000,
        "depreciationAndAmortization": 145675000,
        "ebitda": 146148000,
        "ebitdaratio": 0.2530771415,
        "operatingIncome": -1253000,
        "operatingIncomeRatio": -0.0021697571,
        "totalOtherIncomeExpensesNet": -4391000,
        "incomeBeforeTax": -5555000,
        "incomeBeforeTaxRatio": -0.0096193141,
        "incomeTaxExpense": -3922000,
        "netIncome": -11879000,
        "netIncomeRatio": -0.0205702669,
        "eps": -0.11,
        "epsdiluted": -0.11,
        "weightedAverageShsOut": 108868000,
        "weightedAverageShsOutDil": 108868000,
        "link": "https://www.sec.gov/Archives/edgar/data/46765/000155837018004007/0001558370-18-004007-index.htm",
        "finalLink": "https://www.sec.gov/Archives/edgar/data/46765/000155837018004007/hp-20180331x10q.htm"
    },
    {
        "date": "2017-12-31",
        "symbol": "HP",
        "reportedCurrency": "USD",
        "cik": "0000046765",
        "fillingDate": "2018-02-02",
        "acceptedDate": "2018-02-02 16:53:50",
        "calendarYear": "2018",
        "period": "Q1",
        "revenue": 564087000,
        "costOfRevenue": 516350000,
        "grossProfit": 47737000,
        "grossProfitRatio": 0.0846270168,
        "researchAndDevelopmentExpenses": 3234000,
        "generalAndAdministrativeExpenses": 46548000,
        "sellingAndMarketingExpenses": 0,
        "sellingGeneralAndAdministrativeExpenses": 46548000,
        "otherExpenses": 0,
        "operatingExpenses": 49782000,
        "costAndExpenses": 566132000,
        "interestIncome": 1724000,
        "interestExpense": 5773000,
        "depreciationAndAmortization": 143267000,
        "ebitda": 149041000,
        "ebitdaratio": 0.2642163354,
        "operatingIncome": 3520000,
        "operatingIncomeRatio": 0.0062401722,
        "totalOtherIncomeExpensesNet": -3608000,
        "incomeBeforeTax": 1000,
        "incomeBeforeTaxRatio": 1.7728e-06,
        "incomeTaxExpense": -500641000,
        "netIncome": 500106000,
        "netIncomeRatio": 0.8865760069,
        "eps": 4.57,
        "epsdiluted": 4.55,
        "weightedAverageShsOut": 108683000,
        "weightedAverageShsOutDil": 109095000,
        "link": "https://www.sec.gov/Archives/edgar/data/46765/000155837018000377/0001558370-18-000377-index.htm",
        "finalLink": "https://www.sec.gov/Archives/edgar/data/46765/000155837018000377/hp-20171231x10q.htm"
    },
    {
        "date": "2017-09-30",
        "symbol": "HP",
        "reportedCurrency": "USD",
        "cik": "0000046765",
        "fillingDate": "2017-11-22",
        "acceptedDate": "2017-11-22 17:10:22",
        "calendarYear": "2017",
        "period": "Q4",
        "revenue": 532304000,
        "costOfRevenue": 521222000,
        "grossProfit": 11082000,
        "grossProfitRatio": 0.0208189305,
        "researchAndDevelopmentExpenses": 3462000,
        "generalAndAdministrativeExpenses": 40331000,
        "sellingAndMarketingExpenses": 0,
        "sellingGeneralAndAdministrativeExpenses": 40331000,
        "otherExpenses": 0,
        "operatingExpenses": 43793000,
        "costAndExpenses": 565015000,
        "interestIncome": 1887000,
        "interestExpense": 2244000,
        "depreciationAndAmortization": 153876000,
        "ebitda": 128211000,
        "ebitdaratio": 0.2408604857,
        "operatingIncome": -29677000,
        "operatingIncomeRatio": -0.0557519763,
        "totalOtherIncomeExpensesNet": 1768000,
        "incomeBeforeTax": -27909000,
        "incomeBeforeTaxRatio": -0.052430566,
        "incomeTaxExpense": -6198000,
        "netIncome": -22532000,
        "netIncomeRatio": -0.0423291953,
        "eps": -0.21,
        "epsdiluted": -0.21,
        "weightedAverageShsOut": 105533952,
        "weightedAverageShsOutDil": 108588000,
        "link": "https://www.sec.gov/Archives/edgar/data/46765/000155837017009052/0001558370-17-009052-index.htm",
        "finalLink": "https://www.sec.gov/Archives/edgar/data/46765/000155837017009052/hp-20170930x10k.htm"
    },
    {
        "date": "2017-06-30",
        "symbol": "HP",
        "reportedCurrency": "USD",
        "cik": "0000046765",
        "fillingDate": "2017-08-04",
        "acceptedDate": "2017-08-04 14:42:25",
        "calendarYear": "2017",
        "period": "Q3",
        "revenue": 498564000,
        "costOfRevenue": 482506000,
        "grossProfit": 16058000,
        "grossProfitRatio": 0.0322085028,
        "researchAndDevelopmentExpenses": 3058000,
        "generalAndAdministrativeExpenses": 42890000,
        "sellingAndMarketingExpenses": 0,
        "sellingGeneralAndAdministrativeExpenses": 42890000,
        "otherExpenses": 0,
        "operatingExpenses": 45948000,
        "costAndExpenses": 528454000,
        "interestIncome": 1700000,
        "interestExpense": 6364000,
        "depreciationAndAmortization": 145043000,
        "ebitda": 117804000,
        "ebitdaratio": 0.2362866152,
        "operatingIncome": -28028000,
        "operatingIncomeRatio": -0.0562174565,
        "totalOtherIncomeExpensesNet": -5575000,
        "incomeBeforeTax": -33603000,
        "incomeBeforeTaxRatio": -0.0673995716,
        "incomeTaxExpense": -10478000,
        "netIncome": -21799000,
        "netIncomeRatio": -0.0437235741,
        "eps": -0.2,
        "epsdiluted": -0.2,
        "weightedAverageShsOut": 107195454,
        "weightedAverageShsOutDil": 108572000,
        "link": "https://www.sec.gov/Archives/edgar/data/46765/000155837017005949/0001558370-17-005949-index.htm",
        "finalLink": "https://www.sec.gov/Archives/edgar/data/46765/000155837017005949/hp-20170630x10q.htm"
    },
    {
        "date": "2017-03-31",
        "symbol": "HP",
        "reportedCurrency": "USD",
        "cik": "0000046765",
        "fillingDate": "2017-05-05",
        "acceptedDate": "2017-05-05 15:47:16",
        "calendarYear": "2017",
        "period": "Q2",
        "revenue": 405283000,
        "costOfRevenue": 449606000,
        "grossProfit": -44323000,
        "grossProfitRatio": -0.109363087,
        "researchAndDevelopmentExpenses": 2719000,
        "generalAndAdministrativeExpenses": 33519000,
        "sellingAndMarketingExpenses": 0,
        "sellingGeneralAndAdministrativeExpenses": 33519000,
        "otherExpenses": 174000,
        "operatingExpenses": 36238000,
        "costAndExpenses": 485844000,
        "interestIncome": 1338000,
        "interestExpense": 6084000,
        "depreciationAndAmortization": 152777000,
        "ebitda": 88617000,
        "ebitdaratio": 0.2186546191,
        "operatingIncome": -65672000,
        "operatingIncomeRatio": -0.1620398586,
        "totalOtherIncomeExpensesNet": -4572000,
        "incomeBeforeTax": -70244000,
        "incomeBeforeTaxRatio": -0.1733208647,
        "incomeTaxExpense": -21771000,
        "netIncome": -48818000,
        "netIncomeRatio": -0.1204541024,
        "eps": -0.45,
        "epsdiluted": -0.45,
        "weightedAverageShsOut": 108565000,
        "weightedAverageShsOutDil": 108565000,
        "link": "https://www.sec.gov/Archives/edgar/data/46765/000155837017003647/0001558370-17-003647-index.htm",
        "finalLink": "https://www.sec.gov/Archives/edgar/data/46765/000155837017003647/hp-20170331x10q.htm"
    },
    {
        "date": "2016-12-31",
        "symbol": "HP",
        "reportedCurrency": "USD",
        "cik": "0000046765",
        "fillingDate": "2017-02-03",
        "acceptedDate": "2017-02-03 15:27:41",
        "calendarYear": "2017",
        "period": "Q1",
        "revenue": 368590000,
        "costOfRevenue": 381526000,
        "grossProfit": -12936000,
        "grossProfitRatio": -0.035095906,
        "researchAndDevelopmentExpenses": 2808000,
        "generalAndAdministrativeExpenses": 34262000,
        "sellingAndMarketingExpenses": 0,
        "sellingGeneralAndAdministrativeExpenses": 34262000,
        "otherExpenses": 0,
        "operatingExpenses": 37070000,
        "costAndExpenses": 418596000,
        "interestIncome": 990000,
        "interestExpense": 5055000,
        "depreciationAndAmortization": 133847000,
        "ebitda": 86060000,
        "ebitdaratio": 0.2334843593,
        "operatingIncome": -49164000,
        "operatingIncomeRatio": -0.1333839768,
        "totalOtherIncomeExpensesNet": -3678000,
        "incomeBeforeTax": -52842000,
        "incomeBeforeTaxRatio": -0.1433625437,
        "incomeTaxExpense": -18288000,
        "netIncome": -35063000,
        "netIncomeRatio": -0.0951273773,
        "eps": -0.33,
        "epsdiluted": -0.32,
        "weightedAverageShsOut": 106060606,
        "weightedAverageShsOutDil": 108276000,
        "link": "https://www.sec.gov/Archives/edgar/data/46765/000110465917006417/0001104659-17-006417-index.htm",
        "finalLink": "https://www.sec.gov/Archives/edgar/data/46765/000110465917006417/a17-1267_110q.htm"
    },
    {
        "date": "2016-09-30",
        "symbol": "HP",
        "reportedCurrency": "USD",
        "cik": "0000046765",
        "fillingDate": "2016-11-23",
        "acceptedDate": "2016-11-23 15:51:57",
        "calendarYear": "2016",
        "period": "Q4",
        "revenue": 331708000,
        "costOfRevenue": 390655000,
        "grossProfit": -58947000,
        "grossProfitRatio": -0.1777075018,
        "researchAndDevelopmentExpenses": 2328000,
        "generalAndAdministrativeExpenses": 33802000,
        "sellingAndMarketingExpenses": 0,
        "sellingGeneralAndAdministrativeExpenses": 33802000,
        "otherExpenses": 0,
        "operatingExpenses": 36130000,
        "costAndExpenses": 426785000,
        "interestIncome": 856000,
        "interestExpense": 6261000,
        "depreciationAndAmortization": 176251000,
        "ebitda": 56226000,
        "ebitdaratio": 0.169504504,
        "operatingIncome": -93001000,
        "operatingIncomeRatio": -0.2803700845,
        "totalOtherIncomeExpensesNet": -33285000,
        "incomeBeforeTax": -126286000,
        "incomeBeforeTaxRatio": -0.3807143632,
        "incomeTaxExpense": -53417000,
        "netIncome": -72835000,
        "netIncomeRatio": -0.2195756509,
        "eps": -0.67,
        "epsdiluted": -0.67,
        "weightedAverageShsOut": 108070000,
        "weightedAverageShsOutDil": 108070000,
        "link": "https://www.sec.gov/Archives/edgar/data/46765/000104746916016935/0001047469-16-016935-index.htm",
        "finalLink": "https://www.sec.gov/Archives/edgar/data/46765/000104746916016935/a2230277z10-k.htm"
    },
    {
        "date": "2016-06-30",
        "symbol": "HP",
        "reportedCurrency": "USD",
        "cik": "0000046765",
        "fillingDate": "2016-08-05",
        "acceptedDate": "2016-08-05 12:12:51",
        "calendarYear": "2016",
        "period": "Q3",
        "revenue": 366486000,
        "costOfRevenue": 324836000,
        "grossProfit": 41650000,
        "grossProfitRatio": 0.113646906,
        "researchAndDevelopmentExpenses": 2707000,
        "generalAndAdministrativeExpenses": 46496000,
        "sellingAndMarketingExpenses": 0,
        "sellingGeneralAndAdministrativeExpenses": 46496000,
        "otherExpenses": 0,
        "operatingExpenses": 49203000,
        "costAndExpenses": 374039000,
        "interestIncome": 778000,
        "interestExpense": 6407000,
        "depreciationAndAmortization": 138690000,
        "ebitda": 126746000,
        "ebitdaratio": 0.3458413145,
        "operatingIncome": -13256000,
        "operatingIncomeRatio": -0.0361705495,
        "totalOtherIncomeExpensesNet": -5095000,
        "incomeBeforeTax": -18351000,
        "incomeBeforeTaxRatio": -0.0500728541,
        "incomeTaxExpense": 2842000,
        "netIncome": -21200000,
        "netIncomeRatio": -0.0578466845,
        "eps": -0.2,
        "epsdiluted": -0.2,
        "weightedAverageShsOut": 108047000,
        "weightedAverageShsOutDil": 108047000,
        "link": "https://www.sec.gov/Archives/edgar/data/46765/000110465916137445/0001104659-16-137445-index.htm",
        "finalLink": "https://www.sec.gov/Archives/edgar/data/46765/000110465916137445/a16-11639_110q.htm"
    },
    {
        "date": "2016-03-31",
        "symbol": "HP",
        "reportedCurrency": "USD",
        "cik": "0000046765",
        "fillingDate": "2016-05-06",
        "acceptedDate": "2016-05-06 13:57:47",
        "calendarYear": "2016",
        "period": "Q2",
        "revenue": 438191000,
        "costOfRevenue": 363128000,
        "grossProfit": 75063000,
        "grossProfitRatio": 0.1713020121,
        "researchAndDevelopmentExpenses": 2315000,
        "generalAndAdministrativeExpenses": 33811000,
        "sellingAndMarketingExpenses": 0,
        "sellingGeneralAndAdministrativeExpenses": 33811000,
        "otherExpenses": 0,
        "operatingExpenses": 36126000,
        "costAndExpenses": 399254000,
        "interestIncome": 799000,
        "interestExpense": 5721000,
        "depreciationAndAmortization": 141517000,
        "ebitda": 184590000,
        "ebitdaratio": 0.4212546584,
        "operatingIncome": 41621000,
        "operatingIncomeRatio": 0.0949836943,
        "totalOtherIncomeExpensesNet": -4269000,
        "incomeBeforeTax": 37352000,
        "incomeBeforeTaxRatio": 0.0852413673,
        "incomeTaxExpense": 12178000,
        "netIncome": 21205000,
        "netIncomeRatio": 0.0483921395,
        "eps": 0.19,
        "epsdiluted": 0.19,
        "weightedAverageShsOut": 108014000,
        "weightedAverageShsOutDil": 108466000,
        "link": "https://www.sec.gov/Archives/edgar/data/46765/000110465916118693/0001104659-16-118693-index.htm",
        "finalLink": "https://www.sec.gov/Archives/edgar/data/46765/000110465916118693/a16-6982_110q.htm"
    },
    {
        "date": "2015-12-31",
        "symbol": "HP",
        "reportedCurrency": "USD",
        "cik": "0000046765",
        "fillingDate": "2016-02-05",
        "acceptedDate": "2016-02-05 16:13:28",
        "calendarYear": "2016",
        "period": "Q1",
        "revenue": 487847000,
        "costOfRevenue": 418773000,
        "grossProfit": 69074000,
        "grossProfitRatio": 0.1415894737,
        "researchAndDevelopmentExpenses": 2919000,
        "generalAndAdministrativeExpenses": 32074000,
        "sellingAndMarketingExpenses": 0,
        "sellingGeneralAndAdministrativeExpenses": 32074000,
        "otherExpenses": -261000,
        "operatingExpenses": 34993000,
        "costAndExpenses": 453766000,
        "interestIncome": 733000,
        "interestExpense": 4524000,
        "depreciationAndAmortization": 142129000,
        "ebitda": 181271000,
        "ebitdaratio": 0.3715734646,
        "operatingIncome": 38670000,
        "operatingIncomeRatio": 0.0792666553,
        "totalOtherIncomeExpensesNet": -4052000,
        "incomeBeforeTax": 34618000,
        "incomeBeforeTaxRatio": 0.0709607725,
        "incomeTaxExpense": 18720000,
        "netIncome": 16002000,
        "netIncomeRatio": 0.0328012676,
        "eps": 0.15,
        "epsdiluted": 0.15,
        "weightedAverageShsOut": 107852000,
        "weightedAverageShsOutDil": 108409000,
        "link": "https://www.sec.gov/Archives/edgar/data/46765/000110465916094292/0001104659-16-094292-index.htm",
        "finalLink": "https://www.sec.gov/Archives/edgar/data/46765/000110465916094292/a15-24918_110q.htm"
    },
    {
        "date": "2015-09-30",
        "symbol": "HP",
        "reportedCurrency": "USD",
        "cik": "0000046765",
        "fillingDate": "2015-11-25",
        "acceptedDate": "2015-11-25 14:02:07",
        "calendarYear": "2015",
        "period": "Q4",
        "revenue": 566110000,
        "costOfRevenue": 504298000,
        "grossProfit": 61812000,
        "grossProfitRatio": 0.1091872604,
        "researchAndDevelopmentExpenses": 3760000,
        "generalAndAdministrativeExpenses": 37693000,
        "sellingAndMarketingExpenses": 0,
        "sellingGeneralAndAdministrativeExpenses": 37693000,
        "otherExpenses": 0,
        "operatingExpenses": 41453000,
        "costAndExpenses": 545751000,
        "interestIncome": 1398000,
        "interestExpense": 5746000,
        "depreciationAndAmortization": 175376000,
        "ebitda": 159764000,
        "ebitdaratio": 0.2822137041,
        "operatingIncome": -16021000,
        "operatingIncomeRatio": -0.0283001537,
        "totalOtherIncomeExpensesNet": -5337000,
        "incomeBeforeTax": -21358000,
        "incomeBeforeTaxRatio": -0.0377276501,
        "incomeTaxExpense": -150000,
        "netIncome": -21214000,
        "netIncomeRatio": -0.0374732826,
        "eps": -0.2,
        "epsdiluted": -0.2,
        "weightedAverageShsOut": 107724405,
        "weightedAverageShsOutDil": 107740000,
        "link": "https://www.sec.gov/Archives/edgar/data/46765/000104746915008958/0001047469-15-008958-index.htm",
        "finalLink": "https://www.sec.gov/Archives/edgar/data/46765/000104746915008958/a2225827z10-k.htm"
    },
    {
        "date": "2015-06-30",
        "symbol": "HP",
        "reportedCurrency": "USD",
        "cik": "0000046765",
        "fillingDate": "2015-08-07",
        "acceptedDate": "2015-08-07 12:54:17",
        "calendarYear": "2015",
        "period": "Q3",
        "revenue": 659694000,
        "costOfRevenue": 495965000,
        "grossProfit": 163729000,
        "grossProfitRatio": 0.248189312,
        "researchAndDevelopmentExpenses": 3329000,
        "generalAndAdministrativeExpenses": 29404000,
        "sellingAndMarketingExpenses": 0,
        "sellingGeneralAndAdministrativeExpenses": 29404000,
        "otherExpenses": -281000,
        "operatingExpenses": 32733000,
        "costAndExpenses": 528698000,
        "interestIncome": 1602000,
        "interestExpense": 6258000,
        "depreciationAndAmortization": 144295000,
        "ebitda": 281321000,
        "ebitdaratio": 0.4264416533,
        "operatingIncome": 132780000,
        "operatingIncomeRatio": 0.2012751367,
        "totalOtherIncomeExpensesNet": -4829000,
        "incomeBeforeTax": 127843000,
        "incomeBeforeTaxRatio": 0.1937913639,
        "incomeTaxExpense": 36956000,
        "netIncome": 90860000,
        "netIncomeRatio": 0.1377305235,
        "eps": 0.84,
        "epsdiluted": 0.83,
        "weightedAverageShsOut": 107652000,
        "weightedAverageShsOutDil": 108469000,
        "link": "https://www.sec.gov/Archives/edgar/data/46765/000110465915057602/0001104659-15-057602-index.htm",
        "finalLink": "https://www.sec.gov/Archives/edgar/data/46765/000110465915057602/a15-11855_110q.htm"
    },
    {
        "date": "2015-03-31",
        "symbol": "HP",
        "reportedCurrency": "USD",
        "cik": "0000046765",
        "fillingDate": "2015-06-17",
        "acceptedDate": "2015-06-17 16:38:46",
        "calendarYear": "2015",
        "period": "Q2",
        "revenue": 883052000,
        "costOfRevenue": 619036000,
        "grossProfit": 264016000,
        "grossProfitRatio": 0.2989812604,
        "researchAndDevelopmentExpenses": 4857000,
        "generalAndAdministrativeExpenses": 34902000,
        "sellingAndMarketingExpenses": 0,
        "sellingGeneralAndAdministrativeExpenses": 34902000,
        "otherExpenses": 55000,
        "operatingExpenses": 39759000,
        "costAndExpenses": 658795000,
        "interestIncome": 2549000,
        "interestExpense": 2471000,
        "depreciationAndAmortization": 149708000,
        "ebitda": 384193000,
        "ebitdaratio": 0.4350740387,
        "operatingIncome": 227172000,
        "operatingIncomeRatio": 0.2572577832,
        "totalOtherIncomeExpensesNet": -4021000,
        "incomeBeforeTax": 227305000,
        "incomeBeforeTaxRatio": 0.2574083972,
        "incomeTaxExpense": 77769000,
        "netIncome": 149537000,
        "netIncomeRatio": 0.1693411034,
        "eps": 1.38,
        "epsdiluted": 1.37,
        "weightedAverageShsOut": 107646000,
        "weightedAverageShsOutDil": 108370000,
        "link": "https://www.sec.gov/Archives/edgar/data/46765/000110465915045970/0001104659-15-045970-index.htm",
        "finalLink": "https://www.sec.gov/Archives/edgar/data/46765/000110465915045970/a15-14145_110qa.htm"
    },
    {
        "date": "2014-12-31",
        "symbol": "HP",
        "reportedCurrency": "USD",
        "cik": "0000046765",
        "fillingDate": "2015-02-06",
        "acceptedDate": "2015-02-06 11:35:19",
        "calendarYear": "2015",
        "period": "Q1",
        "revenue": 1056585000,
        "costOfRevenue": 691856000,
        "grossProfit": 364729000,
        "grossProfitRatio": 0.3451960798,
        "researchAndDevelopmentExpenses": 4158000,
        "generalAndAdministrativeExpenses": 32907000,
        "sellingAndMarketingExpenses": 0,
        "sellingGeneralAndAdministrativeExpenses": 32907000,
        "otherExpenses": 314000,
        "operatingExpenses": 37065000,
        "costAndExpenses": 728921000,
        "interestIncome": 285000,
        "interestExpense": 561000,
        "depreciationAndAmortization": 137613000,
        "ebitda": 466630000,
        "ebitdaratio": 0.4416398113,
        "operatingIncome": 331819000,
        "operatingIncomeRatio": 0.3140485621,
        "totalOtherIncomeExpensesNet": 38000,
        "incomeBeforeTax": 331857000,
        "incomeBeforeTaxRatio": 0.314084527,
        "incomeTaxExpense": 128800000,
        "netIncome": 203042000,
        "netIncomeRatio": 0.1921681644,
        "eps": 1.87,
        "epsdiluted": 1.85,
        "weightedAverageShsOut": 107973000,
        "weightedAverageShsOutDil": 108843000,
        "link": "https://www.sec.gov/Archives/edgar/data/46765/000110465915007304/0001104659-15-007304-index.htm",
        "finalLink": "https://www.sec.gov/Archives/edgar/data/46765/000110465915007304/a14-26013_110q.htm"
    },
    {
        "date": "2014-09-30",
        "symbol": "HP",
        "reportedCurrency": "USD",
        "cik": "0000046765",
        "fillingDate": "2014-11-26",
        "acceptedDate": "2014-11-26 13:16:50",
        "calendarYear": "2014",
        "period": "Q4",
        "revenue": 985038000,
        "costOfRevenue": 690829000,
        "grossProfit": 294209000,
        "grossProfitRatio": 0.2986778175,
        "researchAndDevelopmentExpenses": 4159000,
        "generalAndAdministrativeExpenses": 34243000,
        "sellingAndMarketingExpenses": 0,
        "sellingGeneralAndAdministrativeExpenses": 34243000,
        "otherExpenses": 0,
        "operatingExpenses": 38402000,
        "costAndExpenses": 729231000,
        "interestIncome": 267000,
        "interestExpense": 300000,
        "depreciationAndAmortization": 150371000,
        "ebitda": 413535000,
        "ebitdaratio": 0.4198162914,
        "operatingIncome": 263502000,
        "operatingIncomeRatio": 0.2675044008,
        "totalOtherIncomeExpensesNet": -638000,
        "incomeBeforeTax": 262864000,
        "incomeBeforeTaxRatio": 0.2668567101,
        "incomeTaxExpense": 94159000,
        "netIncome": 168688000,
        "netIncomeRatio": 0.1712502462,
        "eps": 1.55,
        "epsdiluted": 1.53,
        "weightedAverageShsOut": 108226000,
        "weightedAverageShsOutDil": 109300000,
        "link": "https://www.sec.gov/Archives/edgar/data/46765/000104746914009586/0001047469-14-009586-index.htm",
        "finalLink": "https://www.sec.gov/Archives/edgar/data/46765/000104746914009586/a2221412z10-k.htm"
    },
    {
        "date": "2014-06-30",
        "symbol": "HP",
        "reportedCurrency": "USD",
        "cik": "0000046765",
        "fillingDate": "2014-08-08",
        "acceptedDate": "2014-08-08 12:33:27",
        "calendarYear": "2014",
        "period": "Q3",
        "revenue": 952087000,
        "costOfRevenue": 644217000,
        "grossProfit": 307870000,
        "grossProfitRatio": 0.3233633061,
        "researchAndDevelopmentExpenses": 3864000,
        "generalAndAdministrativeExpenses": 34222000,
        "sellingAndMarketingExpenses": 0,
        "sellingGeneralAndAdministrativeExpenses": 34222000,
        "otherExpenses": 346000,
        "operatingExpenses": 38086000,
        "costAndExpenses": 682303000,
        "interestIncome": 373000,
        "interestExpense": 1435000,
        "depreciationAndAmortization": 128978000,
        "ebitda": 425491000,
        "ebitdaratio": 0.4469034868,
        "operatingIncome": 271912000,
        "operatingIncomeRatio": 0.2855957491,
        "totalOtherIncomeExpensesNet": 23166000,
        "incomeBeforeTax": 295078000,
        "incomeBeforeTaxRatio": 0.3099275591,
        "incomeTaxExpense": 102788000,
        "netIncome": 192279000,
        "netIncomeRatio": 0.2019552835,
        "eps": 1.77,
        "epsdiluted": 1.75,
        "weightedAverageShsOut": 108137000,
        "weightedAverageShsOutDil": 109285000,
        "link": "https://www.sec.gov/Archives/edgar/data/46765/000110465914058760/0001104659-14-058760-index.htm",
        "finalLink": "https://www.sec.gov/Archives/edgar/data/46765/000110465914058760/a14-13855_110q.htm"
    },
    {
        "date": "2014-03-31",
        "symbol": "HP",
        "reportedCurrency": "USD",
        "cik": "0000046765",
        "fillingDate": "2014-05-02",
        "acceptedDate": "2014-05-02 09:14:30",
        "calendarYear": "2014",
        "period": "Q2",
        "revenue": 893430000,
        "costOfRevenue": 604130000,
        "grossProfit": 289300000,
        "grossProfitRatio": 0.3238082446,
        "researchAndDevelopmentExpenses": 3625000,
        "generalAndAdministrativeExpenses": 34431000,
        "sellingAndMarketingExpenses": 0,
        "sellingGeneralAndAdministrativeExpenses": 34431000,
        "otherExpenses": -32000,
        "operatingExpenses": 38056000,
        "costAndExpenses": 642186000,
        "interestIncome": 490000,
        "interestExpense": 1725000,
        "depreciationAndAmortization": 123963000,
        "ebitda": 401115000,
        "ebitdaratio": 0.4489607468,
        "operatingIncome": 255342000,
        "operatingIncomeRatio": 0.2857996709,
        "totalOtherIncomeExpensesNet": 20085000,
        "incomeBeforeTax": 275427000,
        "incomeBeforeTaxRatio": 0.3082804473,
        "incomeTaxExpense": 100838000,
        "netIncome": 174570000,
        "netIncomeRatio": 0.1953930358,
        "eps": 1.61,
        "epsdiluted": 1.59,
        "weightedAverageShsOut": 107692000,
        "weightedAverageShsOutDil": 109081000,
        "link": "https://www.sec.gov/Archives/edgar/data/46765/000110465914033820/0001104659-14-033820-index.htm",
        "finalLink": "https://www.sec.gov/Archives/edgar/data/46765/000110465914033820/a14-7929_110q.htm"
    },
    {
        "date": "2013-12-31",
        "symbol": "HP",
        "reportedCurrency": "USD",
        "cik": "0000046765",
        "fillingDate": "2014-02-07",
        "acceptedDate": "2014-02-07 10:54:39",
        "calendarYear": "2014",
        "period": "Q1",
        "revenue": 889152000,
        "costOfRevenue": 594285000,
        "grossProfit": 294867000,
        "grossProfitRatio": 0.3316272133,
        "researchAndDevelopmentExpenses": 4257000,
        "generalAndAdministrativeExpenses": 32243000,
        "sellingAndMarketingExpenses": 0,
        "sellingGeneralAndAdministrativeExpenses": 32243000,
        "otherExpenses": -345000,
        "operatingExpenses": 36500000,
        "costAndExpenses": 630785000,
        "interestIncome": 453000,
        "interestExpense": 1194000,
        "depreciationAndAmortization": 120237000,
        "ebitda": 378604000,
        "ebitdaratio": 0.4258034622,
        "operatingIncome": 264031000,
        "operatingIncomeRatio": 0.2969469787,
        "totalOtherIncomeExpensesNet": -1086000,
        "incomeBeforeTax": 262945000,
        "incomeBeforeTaxRatio": 0.2957255902,
        "incomeTaxExpense": 89763000,
        "netIncome": 173182000,
        "netIncomeRatio": 0.1947720975,
        "eps": 1.61,
        "epsdiluted": 1.59,
        "weightedAverageShsOut": 107149000,
        "weightedAverageShsOutDil": 108577000,
        "link": "https://www.sec.gov/Archives/edgar/data/46765/000110465914007389/0001104659-14-007389-index.htm",
        "finalLink": "https://www.sec.gov/Archives/edgar/data/46765/000110465914007389/a13-26147_110q.htm"
    },
    {
        "date": "2013-09-30",
        "symbol": "HP",
        "reportedCurrency": "USD",
        "cik": "0000046765",
        "fillingDate": "2013-12-10",
        "acceptedDate": "2013-12-10 16:09:31",
        "calendarYear": "2013",
        "period": "Q4",
        "revenue": 864536000,
        "costOfRevenue": 591971000,
        "grossProfit": 272565000,
        "grossProfitRatio": 0.3152731639,
        "researchAndDevelopmentExpenses": 3813000,
        "generalAndAdministrativeExpenses": 29903000,
        "sellingAndMarketingExpenses": 0,
        "sellingGeneralAndAdministrativeExpenses": 29903000,
        "otherExpenses": 0,
        "operatingExpenses": 33716000,
        "costAndExpenses": 625687000,
        "interestIncome": 571000,
        "interestExpense": 1544000,
        "depreciationAndAmortization": 118801000,
        "ebitda": 365792000,
        "ebitdaratio": 0.4231078868,
        "operatingIncome": 243234000,
        "operatingIncomeRatio": 0.2813462944,
        "totalOtherIncomeExpensesNet": 2213000,
        "incomeBeforeTax": 245447000,
        "incomeBeforeTaxRatio": 0.283906049,
        "incomeTaxExpense": 85650000,
        "netIncome": 159797000,
        "netIncomeRatio": 0.184835565,
        "eps": 1.49,
        "epsdiluted": 1.47,
        "weightedAverageShsOut": 106522000,
        "weightedAverageShsOutDil": 108057000,
        "link": "https://www.sec.gov/Archives/edgar/data/46765/000110465913089396/0001104659-13-089396-index.htm",
        "finalLink": "https://www.sec.gov/Archives/edgar/data/46765/000110465913089396/a13-20703_710ka.htm"
    },
    {
        "date": "2013-06-30",
        "symbol": "HP",
        "reportedCurrency": "USD",
        "cik": "0000046765",
        "fillingDate": "2013-08-02",
        "acceptedDate": "2013-08-02 09:11:22",
        "calendarYear": "2013",
        "period": "Q3",
        "revenue": 840197000,
        "costOfRevenue": 568780000,
        "grossProfit": 271417000,
        "grossProfitRatio": 0.3230397157,
        "researchAndDevelopmentExpenses": 4373000,
        "generalAndAdministrativeExpenses": 31090000,
        "sellingAndMarketingExpenses": 0,
        "sellingGeneralAndAdministrativeExpenses": 31090000,
        "otherExpenses": 0,
        "operatingExpenses": 35463000,
        "costAndExpenses": 604243000,
        "interestIncome": 341000,
        "interestExpense": 2091000,
        "depreciationAndAmortization": 117790000,
        "ebitda": 510246000,
        "ebitdaratio": 0.6072932895,
        "operatingIncome": 239960000,
        "operatingIncomeRatio": 0.2855996867,
        "totalOtherIncomeExpensesNet": 150405000,
        "incomeBeforeTax": 390365000,
        "incomeBeforeTaxRatio": 0.4646112757,
        "incomeTaxExpense": 139387000,
        "netIncome": 266159000,
        "netIncomeRatio": 0.3167816595,
        "eps": 2.49,
        "epsdiluted": 2.46,
        "weightedAverageShsOut": 106430000,
        "weightedAverageShsOutDil": 107826000,
        "link": "https://www.sec.gov/Archives/edgar/data/46765/000110465913059196/0001104659-13-059196-index.htm",
        "finalLink": "https://www.sec.gov/Archives/edgar/data/46765/000110465913059196/a13-13614_110q.htm"
    },
    {
        "date": "2013-03-31",
        "symbol": "HP",
        "reportedCurrency": "USD",
        "cik": "0000046765",
        "fillingDate": "2013-05-03",
        "acceptedDate": "2013-05-03 09:02:19",
        "calendarYear": "2013",
        "period": "Q2",
        "revenue": 838309000,
        "costOfRevenue": 574170000,
        "grossProfit": 264139000,
        "grossProfitRatio": 0.3150854876,
        "researchAndDevelopmentExpenses": 3696000,
        "generalAndAdministrativeExpenses": 32836000,
        "sellingAndMarketingExpenses": 0,
        "sellingGeneralAndAdministrativeExpenses": 32836000,
        "otherExpenses": 103000,
        "operatingExpenses": 36532000,
        "costAndExpenses": 610702000,
        "interestIncome": 315000,
        "interestExpense": 1186000,
        "depreciationAndAmortization": 112433000,
        "ebitda": 345771000,
        "ebitdaratio": 0.4124624691,
        "operatingIncome": 232920000,
        "operatingIncomeRatio": 0.2778450428,
        "totalOtherIncomeExpensesNet": -768000,
        "incomeBeforeTax": 232152000,
        "incomeBeforeTaxRatio": 0.2769289128,
        "incomeTaxExpense": 81085000,
        "netIncome": 151080000,
        "netIncomeRatio": 0.1802199428,
        "eps": 1.41,
        "epsdiluted": 1.39,
        "weightedAverageShsOut": 106326000,
        "weightedAverageShsOutDil": 107786000,
        "link": "https://www.sec.gov/Archives/edgar/data/46765/000110465913036837/0001104659-13-036837-index.htm",
        "finalLink": "https://www.sec.gov/Archives/edgar/data/46765/000110465913036837/a13-7679_110q.htm"
    },
    {
        "date": "2012-12-31",
        "symbol": "HP",
        "reportedCurrency": "USD",
        "cik": "0000046765",
        "fillingDate": "2013-02-07",
        "acceptedDate": "2013-02-07 12:08:47",
        "calendarYear": "2013",
        "period": "Q1",
        "revenue": 844572000,
        "costOfRevenue": 573470000,
        "grossProfit": 271102000,
        "grossProfitRatio": 0.3209933552,
        "researchAndDevelopmentExpenses": 3353000,
        "generalAndAdministrativeExpenses": 32421000,
        "sellingAndMarketingExpenses": 0,
        "sellingGeneralAndAdministrativeExpenses": 32421000,
        "otherExpenses": 0,
        "operatingExpenses": 35774000,
        "costAndExpenses": 609244000,
        "interestIncome": 426000,
        "interestExpense": 1308000,
        "depreciationAndAmortization": 106599000,
        "ebitda": 340269000,
        "ebitdaratio": 0.4028892741,
        "operatingIncome": 240547000,
        "operatingIncomeRatio": 0.2848152674,
        "totalOtherIncomeExpensesNet": 5786000,
        "incomeBeforeTax": 246333000,
        "incomeBeforeTaxRatio": 0.2916660747,
        "incomeTaxExpense": 86722000,
        "netIncome": 159603000,
        "netIncomeRatio": 0.1889750075,
        "eps": 1.5,
        "epsdiluted": 1.48,
        "weightedAverageShsOut": 105867000,
        "weightedAverageShsOutDil": 107412000,
        "link": "https://www.sec.gov/Archives/edgar/data/46765/000110465913008321/0001104659-13-008321-index.htm",
        "finalLink": "https://www.sec.gov/Archives/edgar/data/46765/000110465913008321/a12-28707_110q.htm"
    },
    {
        "date": "2012-09-30",
        "symbol": "HP",
        "reportedCurrency": "USD",
        "cik": "0000046765",
        "fillingDate": "2012-11-21",
        "acceptedDate": "2012-11-21 13:40:55",
        "calendarYear": "2012",
        "period": "Q4",
        "revenue": 829447000,
        "costOfRevenue": 447335000,
        "grossProfit": 382112000,
        "grossProfitRatio": 0.4606828405,
        "researchAndDevelopmentExpenses": 4682000,
        "generalAndAdministrativeExpenses": 27763000,
        "sellingAndMarketingExpenses": 0,
        "sellingGeneralAndAdministrativeExpenses": 27763000,
        "otherExpenses": 115145000,
        "operatingExpenses": 147590000,
        "costAndExpenses": 594925000,
        "interestIncome": 359000,
        "interestExpense": 1360000,
        "depreciationAndAmortization": 115145000,
        "ebitda": 354850000,
        "ebitdaratio": 0.4278151588,
        "operatingIncome": 234522000,
        "operatingIncomeRatio": 0.2827450096,
        "totalOtherIncomeExpensesNet": 3823000,
        "incomeBeforeTax": 238345000,
        "incomeBeforeTaxRatio": 0.2873541046,
        "incomeTaxExpense": 88739000,
        "netIncome": 157115000,
        "netIncomeRatio": 0.1894213856,
        "eps": 1.48,
        "epsdiluted": 1.46,
        "weightedAverageShsOut": 105695000,
        "weightedAverageShsOutDil": 107086000,
        "link": "https://www.sec.gov/Archives/edgar/data/46765/000104746912010732/0001047469-12-010732-index.htm",
        "finalLink": "https://www.sec.gov/Archives/edgar/data/46765/000104746912010732/a2211785z10-k.htm"
    },
    {
        "date": "2012-06-30",
        "symbol": "HP",
        "reportedCurrency": "USD",
        "cik": "0000046765",
        "fillingDate": "2012-08-03",
        "acceptedDate": "2012-08-03 09:12:06",
        "calendarYear": "2012",
        "period": "Q3",
        "revenue": 819785000,
        "costOfRevenue": 463935000,
        "grossProfit": 355850000,
        "grossProfitRatio": 0.4340772276,
        "researchAndDevelopmentExpenses": 4299000,
        "generalAndAdministrativeExpenses": 25576000,
        "sellingAndMarketingExpenses": 0,
        "sellingGeneralAndAdministrativeExpenses": 25576000,
        "otherExpenses": 95182000,
        "operatingExpenses": 125057000,
        "costAndExpenses": 588992000,
        "interestIncome": 329000,
        "interestExpense": 2411000,
        "depreciationAndAmortization": 95182000,
        "ebitda": 328475000,
        "ebitdaratio": 0.4006843258,
        "operatingIncome": 228711000,
        "operatingIncomeRatio": 0.2789890032,
        "totalOtherIncomeExpensesNet": -1773000,
        "incomeBeforeTax": 230882000,
        "incomeBeforeTaxRatio": 0.2816372585,
        "incomeTaxExpense": 80939000,
        "netIncome": 149925000,
        "netIncomeRatio": 0.182883317,
        "eps": 1.4,
        "epsdiluted": 1.38,
        "weightedAverageShsOut": 107016000,
        "weightedAverageShsOutDil": 108425000,
        "link": "https://www.sec.gov/Archives/edgar/data/46765/000110465912053968/0001104659-12-053968-index.htm",
        "finalLink": "https://www.sec.gov/Archives/edgar/data/46765/000110465912053968/a12-12338_110q.htm"
    },
    {
        "date": "2012-03-31",
        "symbol": "HP",
        "reportedCurrency": "USD",
        "cik": "0000046765",
        "fillingDate": "2012-05-04",
        "acceptedDate": "2012-05-04 10:24:04",
        "calendarYear": "2012",
        "period": "Q2",
        "revenue": 769982000,
        "costOfRevenue": 448208000,
        "grossProfit": 321774000,
        "grossProfitRatio": 0.4178980807,
        "researchAndDevelopmentExpenses": 3830000,
        "generalAndAdministrativeExpenses": 27805000,
        "sellingAndMarketingExpenses": 0,
        "sellingGeneralAndAdministrativeExpenses": 27805000,
        "otherExpenses": 90934000,
        "operatingExpenses": 122569000,
        "costAndExpenses": 570777000,
        "interestIncome": 356000,
        "interestExpense": 2421000,
        "depreciationAndAmortization": 90934000,
        "ebitda": 298273000,
        "ebitdaratio": 0.387376588,
        "operatingIncome": 199205000,
        "operatingIncomeRatio": 0.2587138401,
        "totalOtherIncomeExpensesNet": 5713000,
        "incomeBeforeTax": 204918000,
        "incomeBeforeTaxRatio": 0.266133494,
        "incomeTaxExpense": 75155000,
        "netIncome": 129719000,
        "netIncomeRatio": 0.168470172,
        "eps": 1.2,
        "epsdiluted": 1.18,
        "weightedAverageShsOut": 107385000,
        "weightedAverageShsOutDil": 109042000,
        "link": "https://www.sec.gov/Archives/edgar/data/46765/000110465912032962/0001104659-12-032962-index.htm",
        "finalLink": "https://www.sec.gov/Archives/edgar/data/46765/000110465912032962/a12-5931_110q.htm"
    },
    {
        "date": "2011-12-31",
        "symbol": "HP",
        "reportedCurrency": "USD",
        "cik": "0000046765",
        "fillingDate": "2012-02-07",
        "acceptedDate": "2012-02-07 10:17:48",
        "calendarYear": "2012",
        "period": "Q1",
        "revenue": 732588000,
        "costOfRevenue": 391032000,
        "grossProfit": 341556000,
        "grossProfitRatio": 0.4662320431,
        "researchAndDevelopmentExpenses": 3249000,
        "generalAndAdministrativeExpenses": 26163000,
        "sellingAndMarketingExpenses": 0,
        "sellingGeneralAndAdministrativeExpenses": 26163000,
        "otherExpenses": 86288000,
        "operatingExpenses": 115700000,
        "costAndExpenses": 506732000,
        "interestIncome": 336000,
        "interestExpense": 2461000,
        "depreciationAndAmortization": 86288000,
        "ebitda": 317184000,
        "ebitdaratio": 0.4329636849,
        "operatingIncome": 225856000,
        "operatingIncomeRatio": 0.3082987982,
        "totalOtherIncomeExpensesNet": 2579000,
        "incomeBeforeTax": 228435000,
        "incomeBeforeTaxRatio": 0.3118191944,
        "incomeTaxExpense": 84138000,
        "netIncome": 144286000,
        "netIncomeRatio": 0.1969538131,
        "eps": 1.34,
        "epsdiluted": 1.32,
        "weightedAverageShsOut": 107186000,
        "weightedAverageShsOutDil": 108788000,
        "link": "https://www.sec.gov/Archives/edgar/data/46765/000110465912007195/0001104659-12-007195-index.htm",
        "finalLink": "https://www.sec.gov/Archives/edgar/data/46765/000110465912007195/a11-31849_110q.htm"
    },
    {
        "date": "2011-09-30",
        "symbol": "HP",
        "reportedCurrency": "USD",
        "cik": "0000046765",
        "fillingDate": "2011-11-23",
        "acceptedDate": "2011-11-23 09:48:51",
        "calendarYear": "2011",
        "period": "Q4",
        "revenue": 700751000,
        "costOfRevenue": 396931000,
        "grossProfit": 303820000,
        "grossProfitRatio": 0.4335634198,
        "researchAndDevelopmentExpenses": 4255000,
        "generalAndAdministrativeExpenses": 23086000,
        "sellingAndMarketingExpenses": 0,
        "sellingGeneralAndAdministrativeExpenses": 23086000,
        "otherExpenses": 83377000,
        "operatingExpenses": 110718000,
        "costAndExpenses": 507649000,
        "interestIncome": 378000,
        "interestExpense": 4170000,
        "depreciationAndAmortization": 87018000,
        "ebitda": 279337000,
        "ebitdaratio": 0.3986251893,
        "operatingIncome": 193102000,
        "operatingIncomeRatio": 0.2755643588,
        "totalOtherIncomeExpensesNet": -4953000,
        "incomeBeforeTax": 188149000,
        "incomeBeforeTaxRatio": 0.2684962276,
        "incomeTaxExpense": 66635000,
        "netIncome": 121420000,
        "netIncomeRatio": 0.1732712476,
        "eps": 1.13,
        "epsdiluted": 1.13,
        "weightedAverageShsOut": 107069000,
        "weightedAverageShsOutDil": 107186000,
        "link": "https://www.sec.gov/Archives/edgar/data/46765/000104746911009738/0001047469-11-009738-index.htm",
        "finalLink": "https://www.sec.gov/Archives/edgar/data/46765/000104746911009738/a2206376z10-k.htm"
    },
    {
        "date": "2011-06-30",
        "symbol": "HP",
        "reportedCurrency": "USD",
        "cik": "0000046765",
        "fillingDate": "2011-08-08",
        "acceptedDate": "2011-08-08 09:32:21",
        "calendarYear": "2011",
        "period": "Q3",
        "revenue": 644095000,
        "costOfRevenue": 365586000,
        "grossProfit": 278509000,
        "grossProfitRatio": 0.4324036051,
        "researchAndDevelopmentExpenses": 4399000,
        "generalAndAdministrativeExpenses": 24071000,
        "sellingAndMarketingExpenses": 0,
        "sellingGeneralAndAdministrativeExpenses": 24071000,
        "otherExpenses": 75621000,
        "operatingExpenses": 104091000,
        "costAndExpenses": 469677000,
        "interestIncome": 903000,
        "interestExpense": 3221000,
        "depreciationAndAmortization": 79109000,
        "ebitda": 255153000,
        "ebitdaratio": 0.3961418735,
        "operatingIncome": 172100000,
        "operatingIncomeRatio": 0.2671966092,
        "totalOtherIncomeExpensesNet": 1893000,
        "incomeBeforeTax": 172823000,
        "incomeBeforeTaxRatio": 0.2683191144,
        "incomeTaxExpense": 62995000,
        "netIncome": 109826000,
        "netIncomeRatio": 0.1705121139,
        "eps": 1.02,
        "epsdiluted": 1.01,
        "weightedAverageShsOut": 106962000,
        "weightedAverageShsOutDil": 108784000,
        "link": "https://www.sec.gov/Archives/edgar/data/46765/000110465911044585/0001104659-11-044585-index.htm",
        "finalLink": "https://www.sec.gov/Archives/edgar/data/46765/000110465911044585/a11-13786_110q.htm"
    },
    {
        "date": "2011-03-31",
        "symbol": "HP",
        "reportedCurrency": "USD",
        "cik": "0000046765",
        "fillingDate": "2011-05-06",
        "acceptedDate": "2011-05-06 10:05:09",
        "calendarYear": "2011",
        "period": "Q2",
        "revenue": 604406000,
        "costOfRevenue": 340039000,
        "grossProfit": 264367000,
        "grossProfitRatio": 0.4373996949,
        "researchAndDevelopmentExpenses": 3640000,
        "generalAndAdministrativeExpenses": 24406000,
        "sellingAndMarketingExpenses": 0,
        "sellingGeneralAndAdministrativeExpenses": 24406000,
        "otherExpenses": 72056000,
        "operatingExpenses": 100102000,
        "costAndExpenses": 440141000,
        "interestIncome": 356000,
        "interestExpense": 5513000,
        "depreciationAndAmortization": 76161000,
        "ebitda": 241014000,
        "ebitdaratio": 0.3987617595,
        "operatingIncome": 164265000,
        "operatingIncomeRatio": 0.2717792345,
        "totalOtherIncomeExpensesNet": -820000,
        "incomeBeforeTax": 159340000,
        "incomeBeforeTaxRatio": 0.2636307383,
        "incomeTaxExpense": 60379000,
        "netIncome": 98790000,
        "netIncomeRatio": 0.1634497341,
        "eps": 0.92,
        "epsdiluted": 0.91,
        "weightedAverageShsOut": 106515000,
        "weightedAverageShsOutDil": 108595000,
        "link": "https://www.sec.gov/Archives/edgar/data/46765/000110465911026630/0001104659-11-026630-index.htm",
        "finalLink": "https://www.sec.gov/Archives/edgar/data/46765/000110465911026630/a11-7835_110q.htm"
    },
    {
        "date": "2010-12-31",
        "symbol": "HP",
        "reportedCurrency": "USD",
        "cik": "0000046765",
        "fillingDate": "2011-02-07",
        "acceptedDate": "2011-02-07 11:38:43",
        "calendarYear": "2011",
        "period": "Q1",
        "revenue": 594642000,
        "costOfRevenue": 330046000,
        "grossProfit": 264596000,
        "grossProfitRatio": 0.4449668876,
        "researchAndDevelopmentExpenses": 3470000,
        "generalAndAdministrativeExpenses": 19889000,
        "sellingAndMarketingExpenses": 0,
        "sellingGeneralAndAdministrativeExpenses": 19889000,
        "otherExpenses": 70511000,
        "operatingExpenses": 93870000,
        "costAndExpenses": 423916000,
        "interestIncome": 314000,
        "interestExpense": 4451000,
        "depreciationAndAmortization": 73180000,
        "ebitda": 244386000,
        "ebitdaratio": 0.4109800519,
        "operatingIncome": 170726000,
        "operatingIncomeRatio": 0.2871072006,
        "totalOtherIncomeExpensesNet": -1302000,
        "incomeBeforeTax": 166755000,
        "incomeBeforeTaxRatio": 0.2804292331,
        "incomeTaxExpense": 62390000,
        "netIncome": 104150000,
        "netIncomeRatio": 0.1751473996,
        "eps": 0.98,
        "epsdiluted": 0.96,
        "weightedAverageShsOut": 106031000,
        "weightedAverageShsOutDil": 107852000,
        "link": "https://www.sec.gov/Archives/edgar/data/46765/000110465911005284/0001104659-11-005284-index.htm",
        "finalLink": "https://www.sec.gov/Archives/edgar/data/46765/000110465911005284/a10-22523_110q.htm"
    },
    {
        "date": "2010-09-30",
        "symbol": "HP",
        "reportedCurrency": "USD",
        "cik": "0000046765",
        "fillingDate": "2010-11-24",
        "acceptedDate": "2010-11-24 13:06:26",
        "calendarYear": "2010",
        "period": "Q4",
        "revenue": 558957000,
        "costOfRevenue": 329198000,
        "grossProfit": 229759000,
        "grossProfitRatio": 0.4110495083,
        "researchAndDevelopmentExpenses": 3851000,
        "generalAndAdministrativeExpenses": 20183000,
        "sellingAndMarketingExpenses": 0,
        "sellingGeneralAndAdministrativeExpenses": 20183000,
        "otherExpenses": 72493000,
        "operatingExpenses": 96527000,
        "costAndExpenses": 425725000,
        "interestIncome": 275000,
        "interestExpense": 4465000,
        "depreciationAndAmortization": 73240000,
        "ebitda": 208281000,
        "ebitdaratio": 0.37262437,
        "operatingIncome": 133232000,
        "operatingIncomeRatio": 0.2383582279,
        "totalOtherIncomeExpensesNet": -2656000,
        "incomeBeforeTax": 130576000,
        "incomeBeforeTaxRatio": 0.2336065207,
        "incomeTaxExpense": 47285000,
        "netIncome": 83045000,
        "netIncomeRatio": 0.148571357,
        "eps": 0.78,
        "epsdiluted": 0.78,
        "weightedAverageShsOut": 105816000,
        "weightedAverageShsOutDil": 106031000,
        "link": "https://www.sec.gov/Archives/edgar/data/46765/000104746910010040/0001047469-10-010040-index.htm",
        "finalLink": "https://www.sec.gov/Archives/edgar/data/46765/000104746910010040/a2200160z10-k.htm"
    },
    {
        "date": "2010-06-30",
        "symbol": "HP",
        "reportedCurrency": "USD",
        "cik": "0000046765",
        "fillingDate": "2010-08-05",
        "acceptedDate": "2010-08-05 10:46:37",
        "calendarYear": "2010",
        "period": "Q3",
        "revenue": 483384000,
        "costOfRevenue": 285583000,
        "grossProfit": 197801000,
        "grossProfitRatio": 0.4092005528,
        "researchAndDevelopmentExpenses": 3254000,
        "generalAndAdministrativeExpenses": 20114000,
        "sellingAndMarketingExpenses": 0,
        "sellingGeneralAndAdministrativeExpenses": 20114000,
        "otherExpenses": 62959000,
        "operatingExpenses": 86327000,
        "costAndExpenses": 371910000,
        "interestIncome": 940000,
        "interestExpense": 3961000,
        "depreciationAndAmortization": 60820000,
        "ebitda": 177837000,
        "ebitdaratio": 0.3679000546,
        "operatingIncome": 111474000,
        "operatingIncomeRatio": 0.2306116876,
        "totalOtherIncomeExpensesNet": -2806000,
        "incomeBeforeTax": 108668000,
        "incomeBeforeTaxRatio": 0.2248067789,
        "incomeTaxExpense": 43785000,
        "netIncome": -36715000,
        "netIncomeRatio": -0.0759541069,
        "eps": -0.35,
        "epsdiluted": -0.34,
        "weightedAverageShsOut": 105743000,
        "weightedAverageShsOutDil": 107444000,
        "link": "https://www.sec.gov/Archives/edgar/data/46765/000110465910042210/0001104659-10-042210-index.htm",
        "finalLink": "https://www.sec.gov/Archives/edgar/data/46765/000110465910042210/a10-13015_110q.htm"
    },
    {
        "date": "2010-03-31",
        "symbol": "HP",
        "reportedCurrency": "USD",
        "cik": "0000046765",
        "fillingDate": "2010-05-05",
        "acceptedDate": "2010-05-05 11:21:52",
        "calendarYear": "2010",
        "period": "Q2",
        "revenue": 439725000,
        "costOfRevenue": 271509000,
        "grossProfit": 168216000,
        "grossProfitRatio": 0.3825481835,
        "researchAndDevelopmentExpenses": 3342000,
        "generalAndAdministrativeExpenses": 20844000,
        "sellingAndMarketingExpenses": 0,
        "sellingGeneralAndAdministrativeExpenses": 20844000,
        "otherExpenses": 64486000,
        "operatingExpenses": 88672000,
        "costAndExpenses": 360181000,
        "interestIncome": 329000,
        "interestExpense": 4207000,
        "depreciationAndAmortization": 65795000,
        "ebitda": 145668000,
        "ebitdaratio": 0.3312706805,
        "operatingIncome": 79544000,
        "operatingIncomeRatio": 0.1808948775,
        "totalOtherIncomeExpensesNet": -26472000,
        "incomeBeforeTax": 75234000,
        "incomeBeforeTaxRatio": 0.1710932969,
        "incomeTaxExpense": 28487000,
        "netIncome": 46747000,
        "netIncomeRatio": 0.1063096253,
        "eps": 0.44,
        "epsdiluted": 0.43,
        "weightedAverageShsOut": 105711000,
        "weightedAverageShsOutDil": 107484000,
        "link": "https://www.sec.gov/Archives/edgar/data/46765/000110465910025627/0001104659-10-025627-index.htm",
        "finalLink": "https://www.sec.gov/Archives/edgar/data/46765/000110465910025627/a10-8232_110q.htm"
    },
    {
        "date": "2009-12-31",
        "symbol": "HP",
        "reportedCurrency": "USD",
        "cik": "0000046765",
        "fillingDate": "2010-02-03",
        "acceptedDate": "2010-02-03 14:26:57",
        "calendarYear": "2010",
        "period": "Q1",
        "revenue": 399843000,
        "costOfRevenue": 212693000,
        "grossProfit": 187150000,
        "grossProfitRatio": 0.468058713,
        "researchAndDevelopmentExpenses": 1815000,
        "generalAndAdministrativeExpenses": 20844000,
        "sellingAndMarketingExpenses": 0,
        "sellingGeneralAndAdministrativeExpenses": 20844000,
        "otherExpenses": 62105000,
        "operatingExpenses": 84764000,
        "costAndExpenses": 297457000,
        "interestIncome": 439000,
        "interestExpense": 4694000,
        "depreciationAndAmortization": 62803000,
        "ebitda": 166425000,
        "ebitdaratio": 0.4162258687,
        "operatingIncome": 102386000,
        "operatingIncomeRatio": 0.2560655057,
        "totalOtherIncomeExpensesNet": -1372000,
        "incomeBeforeTax": 98146000,
        "incomeBeforeTaxRatio": 0.2454613436,
        "incomeTaxExpense": 34911000,
        "netIncome": 63235000,
        "netIncomeRatio": 0.1581495737,
        "eps": 0.6,
        "epsdiluted": 0.59,
        "weightedAverageShsOut": 105575000,
        "weightedAverageShsOutDil": 107238000,
        "link": "https://www.sec.gov/Archives/edgar/data/46765/000110465910004636/0001104659-10-004636-index.htm",
        "finalLink": "https://www.sec.gov/Archives/edgar/data/46765/000110465910004636/a10-1936_110q.htm"
    },
    {
        "date": "2009-09-30",
        "symbol": "HP",
        "reportedCurrency": "USD",
        "cik": "0000046765",
        "fillingDate": "2009-11-25",
        "acceptedDate": "2009-11-25 12:27:49",
        "calendarYear": "2009",
        "period": "Q4",
        "revenue": 361603000,
        "costOfRevenue": 196997000,
        "grossProfit": 164606000,
        "grossProfitRatio": 0.4552119313,
        "researchAndDevelopmentExpenses": 3041000,
        "generalAndAdministrativeExpenses": 13606000,
        "sellingAndMarketingExpenses": 0,
        "sellingGeneralAndAdministrativeExpenses": 13606000,
        "otherExpenses": 62231000,
        "operatingExpenses": 78878000,
        "costAndExpenses": 275875000,
        "interestIncome": 487000,
        "interestExpense": 4443000,
        "depreciationAndAmortization": 63509000,
        "ebitda": 150532000,
        "ebitdaratio": 0.416290794,
        "operatingIncome": 85728000,
        "operatingIncomeRatio": 0.2370776791,
        "totalOtherIncomeExpensesNet": -3148000,
        "incomeBeforeTax": 82580000,
        "incomeBeforeTaxRatio": 0.2283719991,
        "incomeTaxExpense": 31092000,
        "netIncome": 51488000,
        "netIncomeRatio": 0.1423881992,
        "eps": 0.49,
        "epsdiluted": 0.49,
        "weightedAverageShsOut": 105466000,
        "weightedAverageShsOutDil": 105575000,
        "link": "https://www.sec.gov/Archives/edgar/data/46765/000104746909010426/0001047469-09-010426-index.htm",
        "finalLink": "https://www.sec.gov/Archives/edgar/data/46765/000104746909010426/a2195618z10-k.htm"
    },
    {
        "date": "2009-06-30",
        "symbol": "HP",
        "reportedCurrency": "USD",
        "cik": "0000046765",
        "fillingDate": "2009-08-05",
        "acceptedDate": "2009-08-05 11:37:05",
        "calendarYear": "2009",
        "period": "Q3",
        "revenue": 387767000,
        "costOfRevenue": 220339000,
        "grossProfit": 167428000,
        "grossProfitRatio": 0.4317747513,
        "researchAndDevelopmentExpenses": 2777000,
        "generalAndAdministrativeExpenses": 14225000,
        "sellingAndMarketingExpenses": 0,
        "sellingGeneralAndAdministrativeExpenses": 14225000,
        "otherExpenses": 58994000,
        "operatingExpenses": 75996000,
        "costAndExpenses": 296335000,
        "interestIncome": 542000,
        "interestExpense": 2793000,
        "depreciationAndAmortization": 61043000,
        "ebitda": 153017000,
        "ebitdaratio": 0.3946106812,
        "operatingIncome": 91946000,
        "operatingIncomeRatio": 0.237116619,
        "totalOtherIncomeExpensesNet": -16460000,
        "incomeBeforeTax": 89695000,
        "incomeBeforeTaxRatio": 0.2313115866,
        "incomeTaxExpense": 36651000,
        "netIncome": 53044000,
        "netIncomeRatio": 0.1367934868,
        "eps": 0.5,
        "epsdiluted": 0.5,
        "weightedAverageShsOut": 105425000,
        "weightedAverageShsOutDil": 106829000,
        "link": "https://www.sec.gov/Archives/edgar/data/46765/000110465909047200/0001104659-09-047200-index.htm",
        "finalLink": "https://www.sec.gov/Archives/edgar/data/46765/000110465909047200/a09-16447_110q.htm"
    },
    {
        "date": "2009-03-31",
        "symbol": "HP",
        "reportedCurrency": "USD",
        "cik": "0000046765",
        "fillingDate": "2009-05-05",
        "acceptedDate": "2009-05-05 15:22:49",
        "calendarYear": "2009",
        "period": "Q2",
        "revenue": 520300000,
        "costOfRevenue": 263294000,
        "grossProfit": 257006000,
        "grossProfitRatio": 0.4939573323,
        "researchAndDevelopmentExpenses": 2176000,
        "generalAndAdministrativeExpenses": 16434000,
        "sellingAndMarketingExpenses": 0,
        "sellingGeneralAndAdministrativeExpenses": 16434000,
        "otherExpenses": 55058000,
        "operatingExpenses": 73668000,
        "costAndExpenses": 336962000,
        "interestIncome": 2150000,
        "interestExpense": 2554000,
        "depreciationAndAmortization": 57113000,
        "ebitda": 242573000,
        "ebitdaratio": 0.4662175668,
        "operatingIncome": 183338000,
        "operatingIncomeRatio": 0.3523697867,
        "totalOtherIncomeExpensesNet": -432000,
        "incomeBeforeTax": 182906000,
        "incomeBeforeTaxRatio": 0.3515394964,
        "incomeTaxExpense": 83390000,
        "netIncome": 103738000,
        "netIncomeRatio": 0.1993811263,
        "eps": 0.98,
        "epsdiluted": 0.98,
        "weightedAverageShsOut": 105317000,
        "weightedAverageShsOutDil": 106197000,
        "link": "https://www.sec.gov/Archives/edgar/data/46765/000110465909029503/0001104659-09-029503-index.htm",
        "finalLink": "https://www.sec.gov/Archives/edgar/data/46765/000110465909029503/a09-8157_210q.htm"
    },
    {
        "date": "2008-12-31",
        "symbol": "HP",
        "reportedCurrency": "USD",
        "cik": "0000046765",
        "fillingDate": "2009-02-03",
        "acceptedDate": "2009-02-03 14:50:53",
        "calendarYear": "2009",
        "period": "Q1",
        "revenue": 623754000,
        "costOfRevenue": 330928000,
        "grossProfit": 292826000,
        "grossProfitRatio": 0.4694575105,
        "researchAndDevelopmentExpenses": 1677000,
        "generalAndAdministrativeExpenses": 15148000,
        "sellingAndMarketingExpenses": 0,
        "sellingGeneralAndAdministrativeExpenses": 15148000,
        "otherExpenses": 53581000,
        "operatingExpenses": 70406000,
        "costAndExpenses": 401334000,
        "interestIncome": 1786000,
        "interestExpense": 3700000,
        "depreciationAndAmortization": 54772000,
        "ebitda": 279106000,
        "ebitdaratio": 0.4474616596,
        "operatingIncome": 222420000,
        "operatingIncomeRatio": 0.3565828836,
        "totalOtherIncomeExpensesNet": -1786000,
        "incomeBeforeTax": 220634000,
        "incomeBeforeTaxRatio": 0.3537195753,
        "incomeTaxExpense": 81248000,
        "netIncome": 145275000,
        "netIncomeRatio": 0.232904318,
        "eps": 1.38,
        "epsdiluted": 1.36,
        "weightedAverageShsOut": 105249000,
        "weightedAverageShsOutDil": 106310000,
        "link": "https://www.sec.gov/Archives/edgar/data/46765/000110465909006002/0001104659-09-006002-index.htm",
        "finalLink": "https://www.sec.gov/Archives/edgar/data/46765/000110465909006002/a09-4304_110q.htm"
    },
    {
        "date": "2008-09-30",
        "symbol": "HP",
        "reportedCurrency": "USD",
        "cik": "0000046765",
        "fillingDate": "2008-11-26",
        "acceptedDate": "2008-11-26 13:03:07",
        "calendarYear": "2008",
        "period": "Q4",
        "revenue": 583719000,
        "costOfRevenue": 322745000,
        "grossProfit": 260974000,
        "grossProfitRatio": 0.4470884107,
        "researchAndDevelopmentExpenses": 1311000,
        "generalAndAdministrativeExpenses": 14343000,
        "sellingAndMarketingExpenses": 0,
        "sellingGeneralAndAdministrativeExpenses": 14343000,
        "otherExpenses": 54614000,
        "operatingExpenses": 70268000,
        "costAndExpenses": 393013000,
        "interestIncome": 0,
        "interestExpense": 0,
        "depreciationAndAmortization": 63700000,
        "ebitda": 254406000,
        "ebitdaratio": 0.4358364213,
        "operatingIncome": 190706000,
        "operatingIncomeRatio": 0.3267085704,
        "totalOtherIncomeExpensesNet": -3625000,
        "incomeBeforeTax": 187081000,
        "incomeBeforeTaxRatio": 0.3204983905,
        "incomeTaxExpense": 66440000,
        "netIncome": 126485000,
        "netIncomeRatio": 0.2166881667,
        "eps": 1.2,
        "epsdiluted": 1.2,
        "weightedAverageShsOut": 105217000,
        "weightedAverageShsOutDil": 105249000,
        "link": "https://www.sec.gov/Archives/edgar/data/46765/000104746908012608/0001047469-08-012608-index.htm",
        "finalLink": "https://www.sec.gov/Archives/edgar/data/46765/000104746908012608/a2189294z10-k.htm"
    },
    {
        "date": "2008-06-30",
        "symbol": "HP",
        "reportedCurrency": "USD",
        "cik": "0000046765",
        "fillingDate": "2008-08-05",
        "acceptedDate": "2008-08-05 13:11:05",
        "calendarYear": "2008",
        "period": "Q3",
        "revenue": 522517000,
        "costOfRevenue": 274168000,
        "grossProfit": 248349000,
        "grossProfitRatio": 0.4752936268,
        "researchAndDevelopmentExpenses": 522000,
        "generalAndAdministrativeExpenses": 14723000,
        "sellingAndMarketingExpenses": 0,
        "sellingGeneralAndAdministrativeExpenses": 14723000,
        "otherExpenses": 44168000,
        "operatingExpenses": 59413000,
        "costAndExpenses": 333581000,
        "interestIncome": 0,
        "interestExpense": 0,
        "depreciationAndAmortization": 51210000,
        "ebitda": 240146000,
        "ebitdaratio": 0.4595946161,
        "operatingIncome": 188936000,
        "operatingIncomeRatio": 0.3615882354,
        "totalOtherIncomeExpensesNet": 1708000,
        "incomeBeforeTax": 190644000,
        "incomeBeforeTaxRatio": 0.3648570286,
        "incomeTaxExpense": 70187000,
        "netIncome": 125369000,
        "netIncomeRatio": 0.2399328634,
        "eps": 1.2,
        "epsdiluted": 1.18,
        "weightedAverageShsOut": 104530000,
        "weightedAverageShsOutDil": 106689000,
        "link": "https://www.sec.gov/Archives/edgar/data/46765/000110465908049879/0001104659-08-049879-index.htm",
        "finalLink": "https://www.sec.gov/Archives/edgar/data/46765/000110465908049879/a08-19171_110q.htm"
    },
    {
        "date": "2008-03-31",
        "symbol": "HP",
        "reportedCurrency": "USD",
        "cik": "0000046765",
        "fillingDate": "2008-05-06",
        "acceptedDate": "2008-05-06 16:54:42",
        "calendarYear": "2008",
        "period": "Q2",
        "revenue": 473644000,
        "costOfRevenue": 253958000,
        "grossProfit": 219686000,
        "grossProfitRatio": 0.4638209288,
        "researchAndDevelopmentExpenses": 0,
        "generalAndAdministrativeExpenses": 14090000,
        "sellingAndMarketingExpenses": 0,
        "sellingGeneralAndAdministrativeExpenses": 14090000,
        "otherExpenses": 49926000,
        "operatingExpenses": 64016000,
        "costAndExpenses": 317974000,
        "interestIncome": 0,
        "interestExpense": 0,
        "depreciationAndAmortization": 51872000,
        "ebitda": 155670000,
        "ebitdaratio": 0.3286645666,
        "operatingIncome": 155670000,
        "operatingIncomeRatio": 0.3286645666,
        "totalOtherIncomeExpensesNet": 2103000,
        "incomeBeforeTax": 157773000,
        "incomeBeforeTaxRatio": 0.3331046102,
        "incomeTaxExpense": 58784000,
        "netIncome": 102054000,
        "netIncomeRatio": 0.215465624,
        "eps": 0.98,
        "epsdiluted": 0.96,
        "weightedAverageShsOut": 103883000,
        "weightedAverageShsOutDil": 106090000,
        "link": "https://www.sec.gov/Archives/edgar/data/46765/000110465908030331/0001104659-08-030331-index.htm",
        "finalLink": "https://www.sec.gov/Archives/edgar/data/46765/000110465908030331/a08-13460_110q.htm"
    },
    {
        "date": "2007-12-31",
        "symbol": "HP",
        "reportedCurrency": "USD",
        "cik": "0000046765",
        "fillingDate": "2008-02-06",
        "acceptedDate": "2008-02-06 15:35:43",
        "calendarYear": "2008",
        "period": "Q1",
        "revenue": 456663000,
        "costOfRevenue": 235795000,
        "grossProfit": 220868000,
        "grossProfitRatio": 0.4836564381,
        "researchAndDevelopmentExpenses": 0,
        "generalAndAdministrativeExpenses": 13903000,
        "sellingAndMarketingExpenses": 0,
        "sellingGeneralAndAdministrativeExpenses": 13903000,
        "otherExpenses": 38332000,
        "operatingExpenses": 52235000,
        "costAndExpenses": 288030000,
        "interestIncome": 0,
        "interestExpense": 0,
        "depreciationAndAmortization": 43984000,
        "ebitda": 168633000,
        "ebitdaratio": 0.369272308,
        "operatingIncome": 168633000,
        "operatingIncomeRatio": 0.369272308,
        "totalOtherIncomeExpensesNet": -4202000,
        "incomeBeforeTax": 164431000,
        "incomeBeforeTaxRatio": 0.3600707743,
        "incomeTaxExpense": 60146000,
        "netIncome": 107830000,
        "netIncomeRatio": 0.2361259835,
        "eps": 1.04,
        "epsdiluted": 1.02,
        "weightedAverageShsOut": 103509000,
        "weightedAverageShsOutDil": 105615000,
        "link": "https://www.sec.gov/Archives/edgar/data/46765/000110465908007574/0001104659-08-007574-index.htm",
        "finalLink": "https://www.sec.gov/Archives/edgar/data/46765/000110465908007574/a08-4688_110q.htm"
    },
    {
        "date": "2007-09-30",
        "symbol": "HP",
        "reportedCurrency": "USD",
        "cik": "0000046765",
        "fillingDate": "2007-11-28",
        "acceptedDate": "2007-11-28 16:38:24",
        "calendarYear": "2007",
        "period": "Q4",
        "revenue": 449449000,
        "costOfRevenue": 234306000,
        "grossProfit": 215143000,
        "grossProfitRatio": 0.4786816747,
        "researchAndDevelopmentExpenses": 0,
        "generalAndAdministrativeExpenses": 11900000,
        "sellingAndMarketingExpenses": 0,
        "sellingGeneralAndAdministrativeExpenses": 11900000,
        "otherExpenses": 36534000,
        "operatingExpenses": 48434000,
        "costAndExpenses": 282740000,
        "interestIncome": 0,
        "interestExpense": 0,
        "depreciationAndAmortization": 44814000,
        "ebitda": 211523000,
        "ebitdaratio": 0.4706273682,
        "operatingIncome": 166709000,
        "operatingIncomeRatio": 0.3709186137,
        "totalOtherIncomeExpensesNet": 8824000,
        "incomeBeforeTax": 175533000,
        "incomeBeforeTaxRatio": 0.390551542,
        "incomeTaxExpense": 62588000,
        "netIncome": 116410000,
        "netIncomeRatio": 0.2590060274,
        "eps": 1.12,
        "epsdiluted": 1.12,
        "weightedAverageShsOut": 103476000,
        "weightedAverageShsOutDil": 103509000,
        "link": "https://www.sec.gov/Archives/edgar/data/46765/000104746907009574/0001047469-07-009574-index.htm",
        "finalLink": "https://www.sec.gov/Archives/edgar/data/46765/000104746907009574/a2181313z10-k.htm"
    },
    {
        "date": "2007-06-30",
        "symbol": "HP",
        "reportedCurrency": "USD",
        "cik": "0000046765",
        "fillingDate": "2007-08-07",
        "acceptedDate": "2007-08-07 10:53:40",
        "calendarYear": "2007",
        "period": "Q3",
        "revenue": 421274000,
        "costOfRevenue": 229025000,
        "grossProfit": 192249000,
        "grossProfitRatio": 0.4563514482,
        "researchAndDevelopmentExpenses": 0,
        "generalAndAdministrativeExpenses": 11538000,
        "sellingAndMarketingExpenses": 0,
        "sellingGeneralAndAdministrativeExpenses": 11538000,
        "otherExpenses": 26039000,
        "operatingExpenses": 37577000,
        "costAndExpenses": 266602000,
        "interestIncome": 0,
        "interestExpense": 0,
        "depreciationAndAmortization": 38125000,
        "ebitda": 154672000,
        "ebitdaratio": 0.3671529693,
        "operatingIncome": 154672000,
        "operatingIncomeRatio": 0.3671529693,
        "totalOtherIncomeExpensesNet": 23120000,
        "incomeBeforeTax": 177792000,
        "incomeBeforeTaxRatio": 0.4220341156,
        "incomeTaxExpense": 64960000,
        "netIncome": 115204000,
        "netIncomeRatio": 0.2734657254,
        "eps": 1.11,
        "epsdiluted": 1.09,
        "weightedAverageShsOut": 103323000,
        "weightedAverageShsOutDil": 105313000,
        "link": "https://www.sec.gov/Archives/edgar/data/46765/000110465907059505/0001104659-07-059505-index.htm",
        "finalLink": "https://www.sec.gov/Archives/edgar/data/46765/000110465907059505/a07-19314_110q.htm"
    },
    {
        "date": "2007-03-31",
        "symbol": "HP",
        "reportedCurrency": "USD",
        "cik": "0000046765",
        "fillingDate": "2007-05-08",
        "acceptedDate": "2007-05-08 16:56:52",
        "calendarYear": "2007",
        "period": "Q2",
        "revenue": 372536000,
        "costOfRevenue": 199456000,
        "grossProfit": 173080000,
        "grossProfitRatio": 0.4645993944,
        "researchAndDevelopmentExpenses": 0,
        "generalAndAdministrativeExpenses": 13350000,
        "sellingAndMarketingExpenses": 0,
        "sellingGeneralAndAdministrativeExpenses": 13350000,
        "otherExpenses": -4554000,
        "operatingExpenses": 8796000,
        "costAndExpenses": 208252000,
        "interestIncome": 0,
        "interestExpense": 0,
        "depreciationAndAmortization": 32952000,
        "ebitda": 164284000,
        "ebitdaratio": 0.4409882535,
        "operatingIncome": 164284000,
        "operatingIncomeRatio": 0.4409882535,
        "totalOtherIncomeExpensesNet": -636000,
        "incomeBeforeTax": 163648000,
        "incomeBeforeTaxRatio": 0.4392810359,
        "incomeTaxExpense": 59338000,
        "netIncome": 106861000,
        "netIncomeRatio": 0.2868474456,
        "eps": 1.04,
        "epsdiluted": 1.02,
        "weightedAverageShsOut": 103239000,
        "weightedAverageShsOutDil": 104832000,
        "link": "https://www.sec.gov/Archives/edgar/data/46765/000110465907037041/0001104659-07-037041-index.htm",
        "finalLink": "https://www.sec.gov/Archives/edgar/data/46765/000110465907037041/a07-13474_110q.htm"
    },
    {
        "date": "2006-12-31",
        "symbol": "HP",
        "reportedCurrency": "USD",
        "cik": "0000046765",
        "fillingDate": "2007-02-07",
        "acceptedDate": "2007-02-07 17:16:22",
        "calendarYear": "2007",
        "period": "Q1",
        "revenue": 386399000,
        "costOfRevenue": 199467000,
        "grossProfit": 186932000,
        "grossProfitRatio": 0.4837797199,
        "researchAndDevelopmentExpenses": 0,
        "generalAndAdministrativeExpenses": 10613000,
        "sellingAndMarketingExpenses": 0,
        "sellingGeneralAndAdministrativeExpenses": 10613000,
        "otherExpenses": 29665000,
        "operatingExpenses": 40278000,
        "costAndExpenses": 239745000,
        "interestIncome": 0,
        "interestExpense": 0,
        "depreciationAndAmortization": 30151000,
        "ebitda": 146654000,
        "ebitdaratio": 0.3795403197,
        "operatingIncome": 146654000,
        "operatingIncomeRatio": 0.3795403197,
        "totalOtherIncomeExpensesNet": 26726000,
        "incomeBeforeTax": 173380000,
        "incomeBeforeTaxRatio": 0.4487071654,
        "incomeTaxExpense": 64098000,
        "netIncome": 110786000,
        "netIncomeRatio": 0.2867139925,
        "eps": 1.07,
        "epsdiluted": 1.06,
        "weightedAverageShsOut": 103312000,
        "weightedAverageShsOutDil": 104776000,
        "link": "https://www.sec.gov/Archives/edgar/data/46765/000110465907008085/0001104659-07-008085-index.htm",
        "finalLink": "https://www.sec.gov/Archives/edgar/data/46765/000110465907008085/a07-3566_110q.htm"
    },
    {
        "date": "2006-09-30",
        "symbol": "HP",
        "reportedCurrency": "USD",
        "cik": "0000046765",
        "fillingDate": "2006-12-13",
        "acceptedDate": "2006-12-13 17:24:03",
        "calendarYear": "2006",
        "period": "Q4",
        "revenue": 358799000,
        "costOfRevenue": 194738000,
        "grossProfit": 164061000,
        "grossProfitRatio": 0.4572504383,
        "researchAndDevelopmentExpenses": 0,
        "generalAndAdministrativeExpenses": 12929000,
        "sellingAndMarketingExpenses": 0,
        "sellingGeneralAndAdministrativeExpenses": 12929000,
        "otherExpenses": 29138000,
        "operatingExpenses": 42067000,
        "costAndExpenses": 236805000,
        "interestIncome": 0,
        "interestExpense": 0,
        "depreciationAndAmortization": 30199000,
        "ebitda": 152193000,
        "ebitdaratio": 0.424173423,
        "operatingIncome": 121994000,
        "operatingIncomeRatio": 0.3400065218,
        "totalOtherIncomeExpensesNet": 9174000,
        "incomeBeforeTax": 131168000,
        "incomeBeforeTaxRatio": 0.3655751549,
        "incomeTaxExpense": 35713000,
        "netIncome": 98496000,
        "netIncomeRatio": 0.2745158153,
        "eps": 0.95,
        "epsdiluted": 0.95,
        "weightedAverageShsOut": 103312000,
        "weightedAverageShsOutDil": 103312000,
        "link": "https://www.sec.gov/Archives/edgar/data/46765/000104746906014971/0001047469-06-014971-index.htm",
        "finalLink": "https://www.sec.gov/Archives/edgar/data/46765/000104746906014971/a2175096z10-k.htm"
    },
    {
        "date": "2006-06-30",
        "symbol": "HP",
        "reportedCurrency": "USD",
        "cik": "0000046765",
        "fillingDate": "2006-08-04",
        "acceptedDate": "2006-08-04 16:58:03",
        "calendarYear": "2006",
        "period": "Q3",
        "revenue": 319796000,
        "costOfRevenue": 169429000,
        "grossProfit": 150367000,
        "grossProfitRatio": 0.4701966253,
        "researchAndDevelopmentExpenses": 0,
        "generalAndAdministrativeExpenses": 13049000,
        "sellingAndMarketingExpenses": 0,
        "sellingGeneralAndAdministrativeExpenses": 13049000,
        "otherExpenses": 23181000,
        "operatingExpenses": 36230000,
        "costAndExpenses": 205659000,
        "interestIncome": 0,
        "interestExpense": 0,
        "depreciationAndAmortization": 25076000,
        "ebitda": 114137000,
        "ebitdaratio": 0.3569056524,
        "operatingIncome": 114137000,
        "operatingIncomeRatio": 0.3569056524,
        "totalOtherIncomeExpensesNet": 11827000,
        "incomeBeforeTax": 125964000,
        "incomeBeforeTaxRatio": 0.393888604,
        "incomeTaxExpense": 47636000,
        "netIncome": 79975000,
        "netIncomeRatio": 0.2500813018,
        "eps": 0.77,
        "epsdiluted": 0.77,
        "weightedAverageShsOut": 103649000,
        "weightedAverageShsOutDil": 103649000,
        "link": "https://www.sec.gov/Archives/edgar/data/46765/000110465906051642/0001104659-06-051642-index.htm",
        "finalLink": "https://www.sec.gov/Archives/edgar/data/46765/000110465906051642/a06-15785_110q.htm"
    },
    {
        "date": "2006-03-31",
        "symbol": "HP",
        "reportedCurrency": "USD",
        "cik": "0000046765",
        "fillingDate": "2006-05-05",
        "acceptedDate": "2006-05-05 17:21:31",
        "calendarYear": "2006",
        "period": "Q2",
        "revenue": 290830000,
        "costOfRevenue": 156800000,
        "grossProfit": 134030000,
        "grossProfitRatio": 0.4608534195,
        "researchAndDevelopmentExpenses": 0,
        "generalAndAdministrativeExpenses": 13957000,
        "sellingAndMarketingExpenses": 0,
        "sellingGeneralAndAdministrativeExpenses": 13957000,
        "otherExpenses": 19822000,
        "operatingExpenses": 33779000,
        "costAndExpenses": 190579000,
        "interestIncome": 0,
        "interestExpense": 0,
        "depreciationAndAmortization": 23385000,
        "ebitda": 100251000,
        "ebitdaratio": 0.3447065296,
        "operatingIncome": 100251000,
        "operatingIncomeRatio": 0.3447065296,
        "totalOtherIncomeExpensesNet": 537000,
        "incomeBeforeTax": 100788000,
        "incomeBeforeTaxRatio": 0.3465529691,
        "incomeTaxExpense": 38240000,
        "netIncome": 64573000,
        "netIncomeRatio": 0.2220300519,
        "eps": 0.62,
        "epsdiluted": 0.61,
        "weightedAverageShsOut": 103649000,
        "weightedAverageShsOutDil": 103649000,
        "link": "https://www.sec.gov/Archives/edgar/data/46765/000110465906031653/0001104659-06-031653-index.htm",
        "finalLink": "https://www.sec.gov/Archives/edgar/data/46765/000110465906031653/a06-11290_110q.htm"
    },
    {
        "date": "2005-12-31",
        "symbol": "HP",
        "reportedCurrency": "USD",
        "cik": "0000046765",
        "fillingDate": "2006-07-28",
        "acceptedDate": "2006-07-28 10:51:14",
        "calendarYear": "2006",
        "period": "Q1",
        "revenue": 255388000,
        "costOfRevenue": 140596000,
        "grossProfit": 114792000,
        "grossProfitRatio": 0.44948079,
        "researchAndDevelopmentExpenses": 0,
        "generalAndAdministrativeExpenses": 11938000,
        "sellingAndMarketingExpenses": 0,
        "sellingGeneralAndAdministrativeExpenses": 11938000,
        "otherExpenses": 22923000,
        "operatingExpenses": 34861000,
        "costAndExpenses": 175457000,
        "interestIncome": 0,
        "interestExpense": 0,
        "depreciationAndAmortization": 22923000,
        "ebitda": 79931000,
        "ebitdaratio": 0.3129786834,
        "operatingIncome": 79931000,
        "operatingIncomeRatio": 0.3129786834,
        "totalOtherIncomeExpensesNet": 3130000,
        "incomeBeforeTax": 83061000,
        "incomeBeforeTaxRatio": 0.3252345451,
        "incomeTaxExpense": 32802000,
        "netIncome": 50814000,
        "netIncomeRatio": 0.198967845,
        "eps": 0.49,
        "epsdiluted": 0.49,
        "weightedAverageShsOut": 103649000,
        "weightedAverageShsOutDil": 103649000,
        "link": "https://www.sec.gov/Archives/edgar/data/46765/000110465906049482/0001104659-06-049482-index.htm",
        "finalLink": "https://www.sec.gov/Archives/edgar/data/46765/000110465906049482/a06-16798_110qa.htm"
    },
    {
        "date": "2005-09-30",
        "symbol": "HP",
        "reportedCurrency": "USD",
        "cik": "0000046765",
        "fillingDate": "2006-07-28",
        "acceptedDate": "2006-07-28 10:48:53",
        "calendarYear": "2005",
        "period": "Q4",
        "revenue": 233210000,
        "costOfRevenue": 137188000,
        "grossProfit": 96022000,
        "grossProfitRatio": 0.4117404914,
        "researchAndDevelopmentExpenses": 0,
        "generalAndAdministrativeExpenses": 10496000,
        "sellingAndMarketingExpenses": 0,
        "sellingGeneralAndAdministrativeExpenses": 10496000,
        "otherExpenses": 25643000,
        "operatingExpenses": 36139000,
        "costAndExpenses": 173327000,
        "interestIncome": 0,
        "interestExpense": 0,
        "depreciationAndAmortization": 25650000,
        "ebitda": 85533000,
        "ebitdaratio": 0.3667638609,
        "operatingIncome": 59883000,
        "operatingIncomeRatio": 0.2567771536,
        "totalOtherIncomeExpensesNet": 230000,
        "incomeBeforeTax": 60113000,
        "incomeBeforeTaxRatio": 0.2577633892,
        "incomeTaxExpense": 24553000,
        "netIncome": 36121000,
        "netIncomeRatio": 0.1548861541,
        "eps": 0.35,
        "epsdiluted": 0.35,
        "weightedAverageShsOut": 103986000,
        "weightedAverageShsOutDil": 103986000,
        "link": "https://www.sec.gov/Archives/edgar/data/46765/000110465906049481/0001104659-06-049481-index.htm",
        "finalLink": "https://www.sec.gov/Archives/edgar/data/46765/000110465906049481/a06-16787_110ka.htm"
    },
    {
        "date": "2005-06-30",
        "symbol": "HP",
        "reportedCurrency": "USD",
        "cik": "0000046765",
        "fillingDate": "2005-08-05",
        "acceptedDate": "2005-08-05 13:21:26",
        "calendarYear": "2005",
        "period": "Q3",
        "revenue": 207387000,
        "costOfRevenue": 121470000,
        "grossProfit": 85917000,
        "grossProfitRatio": 0.4142834411,
        "researchAndDevelopmentExpenses": 0,
        "generalAndAdministrativeExpenses": 11680000,
        "sellingAndMarketingExpenses": 0,
        "sellingGeneralAndAdministrativeExpenses": 11680000,
        "otherExpenses": 23419000,
        "operatingExpenses": 35099000,
        "costAndExpenses": 156569000,
        "interestIncome": 0,
        "interestExpense": 0,
        "depreciationAndAmortization": 23427000,
        "ebitda": 50818000,
        "ebitdaratio": 0.2450394673,
        "operatingIncome": 50818000,
        "operatingIncomeRatio": 0.2450394673,
        "totalOtherIncomeExpensesNet": -824000,
        "incomeBeforeTax": 49994000,
        "incomeBeforeTaxRatio": 0.2410662192,
        "incomeTaxExpense": 20627000,
        "netIncome": 29825000,
        "netIncomeRatio": 0.1438132573,
        "eps": 0.29,
        "epsdiluted": 0.29,
        "weightedAverageShsOut": 102948000,
        "weightedAverageShsOutDil": 103884000,
        "link": "https://www.sec.gov/Archives/edgar/data/46765/000095013405014966/0000950134-05-014966-index.htm",
        "finalLink": "https://www.sec.gov/Archives/edgar/data/46765/000095013405014966/d27598e10vq.htm"
    },
    {
        "date": "2005-03-31",
        "symbol": "HP",
        "reportedCurrency": "USD",
        "cik": "0000046765",
        "fillingDate": "2005-05-06",
        "acceptedDate": "2005-05-06 13:22:50",
        "calendarYear": "2005",
        "period": "Q2",
        "revenue": 185450000,
        "costOfRevenue": 114321000,
        "grossProfit": 71129000,
        "grossProfitRatio": 0.3835481262,
        "researchAndDevelopmentExpenses": 0,
        "generalAndAdministrativeExpenses": 9593000,
        "sellingAndMarketingExpenses": 0,
        "sellingGeneralAndAdministrativeExpenses": 9593000,
        "otherExpenses": 23950000,
        "operatingExpenses": 33543000,
        "costAndExpenses": 147864000,
        "interestIncome": 0,
        "interestExpense": 0,
        "depreciationAndAmortization": 23958000,
        "ebitda": 60261000,
        "ebitdaratio": 0.324944729,
        "operatingIncome": 37586000,
        "operatingIncomeRatio": 0.2026745754,
        "totalOtherIncomeExpensesNet": -770000,
        "incomeBeforeTax": 36816000,
        "incomeBeforeTaxRatio": 0.1985225128,
        "incomeTaxExpense": 15153000,
        "netIncome": 22350000,
        "netIncomeRatio": 0.1205176597,
        "eps": 0.22,
        "epsdiluted": 0.22,
        "weightedAverageShsOut": 101910000,
        "weightedAverageShsOutDil": 103782000,
        "link": "https://www.sec.gov/Archives/edgar/data/46765/000095013405009231/0000950134-05-009231-index.htm",
        "finalLink": "https://www.sec.gov/Archives/edgar/data/46765/000095013405009231/d25103e10vq.htm"
    },
    {
        "date": "2004-12-31",
        "symbol": "HP",
        "reportedCurrency": "USD",
        "cik": "0000046765",
        "fillingDate": "2005-02-08",
        "acceptedDate": "2005-02-08 16:54:04",
        "calendarYear": "2005",
        "period": "Q1",
        "revenue": 174679000,
        "costOfRevenue": 111252000,
        "grossProfit": 63427000,
        "grossProfitRatio": 0.3631060402,
        "researchAndDevelopmentExpenses": 0,
        "generalAndAdministrativeExpenses": 9246000,
        "sellingAndMarketingExpenses": 0,
        "sellingGeneralAndAdministrativeExpenses": 9246000,
        "otherExpenses": 23262000,
        "operatingExpenses": 32508000,
        "costAndExpenses": 143760000,
        "interestIncome": 0,
        "interestExpense": 0,
        "depreciationAndAmortization": 23265000,
        "ebitda": 30919000,
        "ebitdaratio": 0.1770046772,
        "operatingIncome": 30919000,
        "operatingIncomeRatio": 0.1770046772,
        "totalOtherIncomeExpensesNet": 34815000,
        "incomeBeforeTax": 65734000,
        "incomeBeforeTaxRatio": 0.3763131229,
        "incomeTaxExpense": 27130000,
        "netIncome": 39310000,
        "netIncomeRatio": 0.2250413616,
        "eps": 0.39,
        "epsdiluted": 0.39,
        "weightedAverageShsOut": 101086000,
        "weightedAverageShsOutDil": 102512000,
        "link": "https://www.sec.gov/Archives/edgar/data/46765/000095013405002281/0000950134-05-002281-index.htm",
        "finalLink": "https://www.sec.gov/Archives/edgar/data/46765/000095013405002281/d22276e10vq.htm"
    },
    {
        "date": "2004-09-30",
        "symbol": "HP",
        "reportedCurrency": "USD",
        "cik": "0000046765",
        "fillingDate": "2005-03-16",
        "acceptedDate": "2005-03-16 16:06:44",
        "calendarYear": "2004",
        "period": "Q4",
        "revenue": 182974000,
        "costOfRevenue": 113142000,
        "grossProfit": 69832000,
        "grossProfitRatio": 0.3816498519,
        "researchAndDevelopmentExpenses": 0,
        "generalAndAdministrativeExpenses": 9254000,
        "sellingAndMarketingExpenses": 0,
        "sellingGeneralAndAdministrativeExpenses": 9254000,
        "otherExpenses": 24821000,
        "operatingExpenses": 34075000,
        "costAndExpenses": 147217000,
        "interestIncome": 0,
        "interestExpense": 0,
        "depreciationAndAmortization": 24821000,
        "ebitda": 60578000,
        "ebitdaratio": 0.3310743603,
        "operatingIncome": 35757000,
        "operatingIncomeRatio": 0.1954212074,
        "totalOtherIncomeExpensesNet": -54763000,
        "incomeBeforeTax": -19006000,
        "incomeBeforeTaxRatio": -0.1038726814,
        "incomeTaxExpense": -7167000,
        "netIncome": -11665000,
        "netIncomeRatio": -0.0637522271,
        "eps": -0.12,
        "epsdiluted": -0.12,
        "weightedAverageShsOut": 100858000,
        "weightedAverageShsOutDil": 101086000,
        "link": "https://www.sec.gov/Archives/edgar/data/46765/000095013405005234/0000950134-05-005234-index.htm",
        "finalLink": "https://www.sec.gov/Archives/edgar/data/46765/000095013405005234/d23478a2e10vkza.htm"
    },
    {
        "date": "2004-06-30",
        "symbol": "HP",
        "reportedCurrency": "USD",
        "cik": "0000046765",
        "fillingDate": "2004-08-13",
        "acceptedDate": "2004-08-13 11:15:26",
        "calendarYear": "2004",
        "period": "Q3",
        "revenue": 147874000,
        "costOfRevenue": 105302000,
        "grossProfit": 42572000,
        "grossProfitRatio": 0.2878937474,
        "researchAndDevelopmentExpenses": 0,
        "generalAndAdministrativeExpenses": 9516000,
        "sellingAndMarketingExpenses": 0,
        "sellingGeneralAndAdministrativeExpenses": 9516000,
        "otherExpenses": 23934000,
        "operatingExpenses": 33450000,
        "costAndExpenses": 138752000,
        "interestIncome": 0,
        "interestExpense": 0,
        "depreciationAndAmortization": 23934000,
        "ebitda": 32680000,
        "ebitdaratio": 0.2209989586,
        "operatingIncome": 9122000,
        "operatingIncomeRatio": 0.061687653,
        "totalOtherIncomeExpensesNet": -2671000,
        "incomeBeforeTax": 6008000,
        "incomeBeforeTaxRatio": 0.0406291843,
        "incomeTaxExpense": 2522000,
        "netIncome": 4347000,
        "netIncomeRatio": 0.0293966485,
        "eps": 0.045,
        "epsdiluted": 0.045,
        "weightedAverageShsOut": 100808000,
        "weightedAverageShsOutDil": 101760000,
        "link": "https://www.sec.gov/Archives/edgar/data/46765/000095013404012205/0000950134-04-012205-index.htm",
        "finalLink": "https://www.sec.gov/Archives/edgar/data/46765/000095013404012205/d17571e10vq.htm"
    },
    {
        "date": "2004-03-31",
        "symbol": "HP",
        "reportedCurrency": "USD",
        "cik": "0000046765",
        "fillingDate": "2004-05-13",
        "acceptedDate": "2004-05-13 16:05:23",
        "calendarYear": "2004",
        "period": "Q2",
        "revenue": 151186000,
        "costOfRevenue": 104660000,
        "grossProfit": 46526000,
        "grossProfitRatio": 0.3077401347,
        "researchAndDevelopmentExpenses": 0,
        "generalAndAdministrativeExpenses": 9789000,
        "sellingAndMarketingExpenses": 0,
        "sellingGeneralAndAdministrativeExpenses": 9789000,
        "otherExpenses": 23402000,
        "operatingExpenses": 33191000,
        "costAndExpenses": 137851000,
        "interestIncome": 0,
        "interestExpense": 0,
        "depreciationAndAmortization": 23402000,
        "ebitda": 29014000,
        "ebitdaratio": 0.1919093038,
        "operatingIncome": 13335000,
        "operatingIncomeRatio": 0.0882026114,
        "totalOtherIncomeExpensesNet": 5340000,
        "incomeBeforeTax": 10223000,
        "incomeBeforeTaxRatio": 0.0676186949,
        "incomeTaxExpense": 4484000,
        "netIncome": 6048000,
        "netIncomeRatio": 0.040003704,
        "eps": 0.06,
        "epsdiluted": 0.06,
        "weightedAverageShsOut": 100526000,
        "weightedAverageShsOutDil": 101806000,
        "link": "https://www.sec.gov/Archives/edgar/data/46765/000095013404007485/0000950134-04-007485-index.htm",
        "finalLink": "https://www.sec.gov/Archives/edgar/data/46765/000095013404007485/d15395e10vq.htm"
    },
    {
        "date": "2003-12-31",
        "symbol": "HP",
        "reportedCurrency": "USD",
        "cik": "0000046765",
        "fillingDate": "2004-02-13",
        "acceptedDate": "2004-02-13 12:40:17",
        "calendarYear": "2004",
        "period": "Q1",
        "revenue": 138894000,
        "costOfRevenue": 93527000,
        "grossProfit": 45367000,
        "grossProfitRatio": 0.32663038,
        "researchAndDevelopmentExpenses": 0,
        "generalAndAdministrativeExpenses": 9102000,
        "sellingAndMarketingExpenses": 0,
        "sellingGeneralAndAdministrativeExpenses": 9102000,
        "otherExpenses": 22268000,
        "operatingExpenses": 31370000,
        "costAndExpenses": 124897000,
        "interestIncome": 0,
        "interestExpense": 0,
        "depreciationAndAmortization": 22278000,
        "ebitda": 31400000,
        "ebitdaratio": 0.2260716806,
        "operatingIncome": 13997000,
        "operatingIncomeRatio": 0.1007746915,
        "totalOtherIncomeExpensesNet": 1653000,
        "incomeBeforeTax": 10775000,
        "incomeBeforeTaxRatio": 0.0775771452,
        "incomeTaxExpense": 4526000,
        "netIncome": 5629000,
        "netIncomeRatio": 0.0405273086,
        "eps": 0.065,
        "epsdiluted": 0.065,
        "weightedAverageShsOut": 100308000,
        "weightedAverageShsOutDil": 101334000,
        "link": "https://www.sec.gov/Archives/edgar/data/46765/000095013404001751/0000950134-04-001751-index.htm",
        "finalLink": "https://www.sec.gov/Archives/edgar/data/46765/000095013404001751/d12617e10vq.htm"
    },
    {
        "date": "2003-09-30",
        "symbol": "HP",
        "reportedCurrency": "USD",
        "cik": "0000046765",
        "fillingDate": "2003-12-23",
        "acceptedDate": "2003-12-23 11:38:33",
        "calendarYear": "2003",
        "period": "Q4",
        "revenue": 138626000,
        "costOfRevenue": 76115000,
        "grossProfit": 62511000,
        "grossProfitRatio": 0.4509327255,
        "researchAndDevelopmentExpenses": 0,
        "generalAndAdministrativeExpenses": 21412000,
        "sellingAndMarketingExpenses": 0,
        "sellingGeneralAndAdministrativeExpenses": 21412000,
        "otherExpenses": 22817000,
        "operatingExpenses": 44229000,
        "costAndExpenses": 120344000,
        "interestIncome": 0,
        "interestExpense": 0,
        "depreciationAndAmortization": 22831000,
        "ebitda": 41113000,
        "ebitdaratio": 0.2965749571,
        "operatingIncome": 18282000,
        "operatingIncomeRatio": 0.1318800225,
        "totalOtherIncomeExpensesNet": -3240000,
        "incomeBeforeTax": 15042000,
        "incomeBeforeTaxRatio": 0.1085077835,
        "incomeTaxExpense": 6473000,
        "netIncome": 6530000,
        "netIncomeRatio": 0.0471051606,
        "eps": 0.0651,
        "epsdiluted": 0.0651,
        "weightedAverageShsOut": 100032000,
        "weightedAverageShsOutDil": 100308000,
        "link": "https://www.sec.gov/Archives/edgar/data/46765/000095013403016996/0000950134-03-016996-index.htm",
        "finalLink": "https://www.sec.gov/Archives/edgar/data/46765/000095013403016996/d11352e10vk.htm"
    },
    {
        "date": "2003-06-30",
        "symbol": "HP",
        "reportedCurrency": "USD",
        "cik": "0000046765",
        "fillingDate": "2003-08-14",
        "acceptedDate": "2003-08-14 16:28:25",
        "calendarYear": "2003",
        "period": "Q3",
        "revenue": 137025000,
        "costOfRevenue": 92258000,
        "grossProfit": 44767000,
        "grossProfitRatio": 0.3267068053,
        "researchAndDevelopmentExpenses": 0,
        "generalAndAdministrativeExpenses": 5830000,
        "sellingAndMarketingExpenses": 0,
        "sellingGeneralAndAdministrativeExpenses": 5830000,
        "otherExpenses": 21517000,
        "operatingExpenses": 27347000,
        "costAndExpenses": 119605000,
        "interestIncome": 0,
        "interestExpense": 0,
        "depreciationAndAmortization": 21531000,
        "ebitda": 38951000,
        "ebitdaratio": 0.284261996,
        "operatingIncome": 17420000,
        "operatingIncomeRatio": 0.1271300858,
        "totalOtherIncomeExpensesNet": -3247000,
        "incomeBeforeTax": 14173000,
        "incomeBeforeTaxRatio": 0.10343368,
        "incomeTaxExpense": 6144000,
        "netIncome": 8162000,
        "netIncomeRatio": 0.0595657727,
        "eps": 0.08,
        "epsdiluted": 0.08,
        "weightedAverageShsOut": 100090000,
        "weightedAverageShsOutDil": 101362000,
        "link": "https://www.sec.gov/Archives/edgar/data/46765/000095013403011877/0000950134-03-011877-index.htm",
        "finalLink": "https://www.sec.gov/Archives/edgar/data/46765/000095013403011877/d08405e10vq.txt"
    },
    {
        "date": "2003-03-31",
        "symbol": "HP",
        "reportedCurrency": "USD",
        "cik": "0000046765",
        "fillingDate": "2003-05-14",
        "acceptedDate": "2003-05-14 13:41:05",
        "calendarYear": "2003",
        "period": "Q2",
        "revenue": 126320000,
        "costOfRevenue": 91314000,
        "grossProfit": 35006000,
        "grossProfitRatio": 0.2771215959,
        "researchAndDevelopmentExpenses": 0,
        "generalAndAdministrativeExpenses": 7575000,
        "sellingAndMarketingExpenses": 0,
        "sellingGeneralAndAdministrativeExpenses": 7575000,
        "otherExpenses": 19943000,
        "operatingExpenses": 27518000,
        "costAndExpenses": 118832000,
        "interestIncome": 0,
        "interestExpense": 0,
        "depreciationAndAmortization": 19958000,
        "ebitda": 27446000,
        "ebitdaratio": 0.2172735909,
        "operatingIncome": 7488000,
        "operatingIncomeRatio": 0.0592780241,
        "totalOtherIncomeExpensesNet": -3032000,
        "incomeBeforeTax": 4456000,
        "incomeBeforeTaxRatio": 0.0352754908,
        "incomeTaxExpense": 1915000,
        "netIncome": 2574000,
        "netIncomeRatio": 0.0203768208,
        "eps": 0.025,
        "epsdiluted": 0.025,
        "weightedAverageShsOut": 100046000,
        "weightedAverageShsOutDil": 101078000,
        "link": "https://www.sec.gov/Archives/edgar/data/46765/000095013403007896/0000950134-03-007896-index.htm",
        "finalLink": "https://www.sec.gov/Archives/edgar/data/46765/000095013403007896/d05908e10vq.txt"
    },
    {
        "date": "2002-12-31",
        "symbol": "HP",
        "reportedCurrency": "USD",
        "cik": "0000046765",
        "fillingDate": "2003-02-14",
        "acceptedDate": "2003-02-14 13:04:05",
        "calendarYear": "2003",
        "period": "Q1",
        "revenue": 113313000,
        "costOfRevenue": 85850000,
        "grossProfit": 27463000,
        "grossProfitRatio": 0.2423640712,
        "researchAndDevelopmentExpenses": 0,
        "generalAndAdministrativeExpenses": 6186000,
        "sellingAndMarketingExpenses": 0,
        "sellingGeneralAndAdministrativeExpenses": 6186000,
        "otherExpenses": 18236000,
        "operatingExpenses": 24422000,
        "costAndExpenses": 110272000,
        "interestIncome": 0,
        "interestExpense": 0,
        "depreciationAndAmortization": 18373000,
        "ebitda": 21414000,
        "ebitdaratio": 0.1889809642,
        "operatingIncome": 3041000,
        "operatingIncomeRatio": 0.0268371678,
        "totalOtherIncomeExpensesNet": -2770000,
        "incomeBeforeTax": 271000,
        "incomeBeforeTaxRatio": 0.0023916056,
        "incomeTaxExpense": 117000,
        "netIncome": 607000,
        "netIncomeRatio": 0.0053568434,
        "eps": 0.0061,
        "epsdiluted": 0.006,
        "weightedAverageShsOut": 99816000,
        "weightedAverageShsOutDil": 100845000,
        "link": "https://www.sec.gov/Archives/edgar/data/46765/000095013403002578/0000950134-03-002578-index.htm",
        "finalLink": "https://www.sec.gov/Archives/edgar/data/46765/000095013403002578/d03162e10vq.txt"
    },
    {
        "date": "2002-09-30",
        "symbol": "HP",
        "reportedCurrency": "USD",
        "cik": "0000046765",
        "fillingDate": "2002-12-23",
        "acceptedDate": "2002-12-23 15:11:15",
        "calendarYear": "2002",
        "period": "Q4",
        "revenue": -4262000,
        "costOfRevenue": 30425000,
        "grossProfit": -34687000,
        "grossProfitRatio": 8.1386672924,
        "researchAndDevelopmentExpenses": 0,
        "generalAndAdministrativeExpenses": 6338000,
        "sellingAndMarketingExpenses": 0,
        "sellingGeneralAndAdministrativeExpenses": 6338000,
        "otherExpenses": -41669000,
        "operatingExpenses": -35331000,
        "costAndExpenses": -4906000,
        "interestIncome": 0,
        "interestExpense": 0,
        "depreciationAndAmortization": -13144000,
        "ebitda": -12500000,
        "ebitdaratio": 2.9328953543,
        "operatingIncome": 644000,
        "operatingIncomeRatio": -0.1511027687,
        "totalOtherIncomeExpensesNet": -948000,
        "incomeBeforeTax": -304000,
        "incomeBeforeTaxRatio": 0.071328015,
        "incomeTaxExpense": 1219000,
        "netIncome": 8823000,
        "netIncomeRatio": -2.0701548569,
        "eps": 0.0883,
        "epsdiluted": 0.0883,
        "weightedAverageShsOut": 99586000,
        "weightedAverageShsOutDil": 99958000,
        "link": "https://www.sec.gov/Archives/edgar/data/46765/000095013402015976/0000950134-02-015976-index.htm",
        "finalLink": "https://www.sec.gov/Archives/edgar/data/46765/000095013402015976/d02112e10vk.txt"
    },
    {
        "date": "2002-06-30",
        "symbol": "HP",
        "reportedCurrency": "USD",
        "cik": "0000046765",
        "fillingDate": "2002-08-14",
        "acceptedDate": "2002-08-14 17:34:43",
        "calendarYear": "2002",
        "period": "Q3",
        "revenue": 185467000,
        "costOfRevenue": 97092000,
        "grossProfit": 88375000,
        "grossProfitRatio": 0.4764998625,
        "researchAndDevelopmentExpenses": 0,
        "generalAndAdministrativeExpenses": 4127000,
        "sellingAndMarketingExpenses": 0,
        "sellingGeneralAndAdministrativeExpenses": 4127000,
        "otherExpenses": 36117000,
        "operatingExpenses": 40244000,
        "costAndExpenses": 137336000,
        "interestIncome": 0,
        "interestExpense": 0,
        "depreciationAndAmortization": 26094000,
        "ebitda": 55136000,
        "ebitdaratio": 0.2972819963,
        "operatingIncome": 48131000,
        "operatingIncomeRatio": 0.2595124739,
        "totalOtherIncomeExpensesNet": 462000,
        "incomeBeforeTax": 48815000,
        "incomeBeforeTaxRatio": 0.2632004615,
        "incomeTaxExpense": 21259000,
        "netIncome": 28218000,
        "netIncomeRatio": 0.1521456647,
        "eps": 0.28,
        "epsdiluted": 0.28,
        "weightedAverageShsOut": 99710000,
        "weightedAverageShsOutDil": 101148000,
        "link": "https://www.sec.gov/Archives/edgar/data/46765/000095013402010104/0000950134-02-010104-index.htm",
        "finalLink": "https://www.sec.gov/Archives/edgar/data/46765/000095013402010104/d98802e10vq.txt"
    },
    {
        "date": "2002-03-31",
        "symbol": "HP",
        "reportedCurrency": "USD",
        "cik": "0000046765",
        "fillingDate": "2002-05-15",
        "acceptedDate": "2002-05-15 12:32:16",
        "calendarYear": "2002",
        "period": "Q2",
        "revenue": 153959000,
        "costOfRevenue": 101230000,
        "grossProfit": 52729000,
        "grossProfitRatio": 0.3424872856,
        "researchAndDevelopmentExpenses": 0,
        "generalAndAdministrativeExpenses": 5358000,
        "sellingAndMarketingExpenses": 0,
        "sellingGeneralAndAdministrativeExpenses": 5358000,
        "otherExpenses": 31047000,
        "operatingExpenses": 36405000,
        "costAndExpenses": 137635000,
        "interestIncome": 0,
        "interestExpense": 0,
        "depreciationAndAmortization": 22260000,
        "ebitda": 28750000,
        "ebitdaratio": 0.1867380277,
        "operatingIncome": 16324000,
        "operatingIncomeRatio": 0.1060282283,
        "totalOtherIncomeExpensesNet": -338000,
        "incomeBeforeTax": 17599000,
        "incomeBeforeTaxRatio": 0.1143096539,
        "incomeTaxExpense": 7497000,
        "netIncome": 10872000,
        "netIncomeRatio": 0.070616203,
        "eps": 0.11,
        "epsdiluted": 0.11,
        "weightedAverageShsOut": 99576000,
        "weightedAverageShsOutDil": 100530000,
        "link": "https://www.sec.gov/Archives/edgar/data/46765/000095013402005649/0000950134-02-005649-index.htm",
        "finalLink": "https://www.sec.gov/Archives/edgar/data/46765/000095013402005649/d96964e10-q.txt"
    },
    {
        "date": "2001-12-31",
        "symbol": "HP",
        "reportedCurrency": "USD",
        "cik": "0000046765",
        "fillingDate": "2002-02-14",
        "acceptedDate": "2002-02-14 00:00:00",
        "calendarYear": "2002",
        "period": "Q1",
        "revenue": 174147000,
        "costOfRevenue": 108143000,
        "grossProfit": 66004000,
        "grossProfitRatio": 0.3790131326,
        "researchAndDevelopmentExpenses": 6933000,
        "generalAndAdministrativeExpenses": 4568000,
        "sellingAndMarketingExpenses": 0,
        "sellingGeneralAndAdministrativeExpenses": 4568000,
        "otherExpenses": 35952000,
        "operatingExpenses": 40520000,
        "costAndExpenses": 148663000,
        "interestIncome": 0,
        "interestExpense": 0,
        "depreciationAndAmortization": 27359000,
        "ebitda": 52843000,
        "ebitdaratio": 0.3034390486,
        "operatingIncome": 25484000,
        "operatingIncomeRatio": 0.1463361413,
        "totalOtherIncomeExpensesNet": -392000,
        "incomeBeforeTax": 26202000,
        "incomeBeforeTaxRatio": 0.1504590949,
        "incomeTaxExpense": 10598000,
        "netIncome": 15604000,
        "netIncomeRatio": 0.0896024623,
        "eps": 0.16,
        "epsdiluted": 0.15,
        "weightedAverageShsOut": 99947000,
        "weightedAverageShsOutDil": 101206000,
        "link": "https://www.sec.gov/Archives/edgar/data/46765/000095013402001294/0000950134-02-001294-index.htm",
        "finalLink": "https://www.sec.gov/Archives/edgar/data/46765/000095013402001294/d94256e10-q.txt"
    },
    {
        "date": "2001-09-30",
        "symbol": "HP",
        "reportedCurrency": "USD",
        "cik": "0000046765",
        "fillingDate": "2002-01-08",
        "acceptedDate": "2002-01-08 00:00:00",
        "calendarYear": "2001",
        "period": "Q4",
        "revenue": 205716000,
        "costOfRevenue": 109552000,
        "grossProfit": 96164000,
        "grossProfitRatio": 0.4674599934,
        "researchAndDevelopmentExpenses": 5197000,
        "generalAndAdministrativeExpenses": 3753000,
        "sellingAndMarketingExpenses": 0,
        "sellingGeneralAndAdministrativeExpenses": 3753000,
        "otherExpenses": 35636000,
        "operatingExpenses": 39389000,
        "costAndExpenses": 148941000,
        "interestIncome": 0,
        "interestExpense": 0,
        "depreciationAndAmortization": 25572000,
        "ebitda": 82347000,
        "ebitdaratio": 0.4002945809,
        "operatingIncome": 56775000,
        "operatingIncomeRatio": 0.2759872834,
        "totalOtherIncomeExpensesNet": -11122000,
        "incomeBeforeTax": 45653000,
        "incomeBeforeTaxRatio": 0.2219224562,
        "incomeTaxExpense": 18195000,
        "netIncome": 28228000,
        "netIncomeRatio": 0.137218301,
        "eps": 0.28,
        "epsdiluted": 0.28,
        "weightedAverageShsOut": 99472000,
        "weightedAverageShsOutDil": 99472000,
        "link": "https://www.sec.gov/Archives/edgar/data/46765/000095013402000095/0000950134-02-000095-index.htm",
        "finalLink": "https://www.sec.gov/Archives/edgar/data/46765/000095013402000095/d93262ae10-ka.txt"
    },
    {
        "date": "2001-06-30",
        "symbol": "HP",
        "reportedCurrency": "USD",
        "cik": "0000046765",
        "fillingDate": "2001-08-13",
        "acceptedDate": "2001-08-13 00:00:00",
        "calendarYear": "2001",
        "period": "Q3",
        "revenue": 212573000,
        "costOfRevenue": 117998000,
        "grossProfit": 94575000,
        "grossProfitRatio": 0.4449059852,
        "researchAndDevelopmentExpenses": 6511000,
        "generalAndAdministrativeExpenses": 3449000,
        "sellingAndMarketingExpenses": 0,
        "sellingGeneralAndAdministrativeExpenses": 3449000,
        "otherExpenses": 31617000,
        "operatingExpenses": 35066000,
        "costAndExpenses": 153064000,
        "interestIncome": 0,
        "interestExpense": 0,
        "depreciationAndAmortization": 21707000,
        "ebitda": 81216000,
        "ebitdaratio": 0.3820616917,
        "operatingIncome": 59509000,
        "operatingIncomeRatio": 0.2799461832,
        "totalOtherIncomeExpensesNet": 6275000,
        "incomeBeforeTax": 65784000,
        "incomeBeforeTaxRatio": 0.3094654542,
        "incomeTaxExpense": 25679000,
        "netIncome": 40437000,
        "netIncomeRatio": 0.1902264163,
        "eps": 0.4,
        "epsdiluted": 0.4,
        "weightedAverageShsOut": 100934000,
        "weightedAverageShsOutDil": 102512000,
        "link": "https://www.sec.gov/Archives/edgar/data/46765/000095013401505168/0000950134-01-505168-index.htm",
        "finalLink": "https://www.sec.gov/Archives/edgar/data/46765/000095013401505168/d89805e10-q.txt"
    },
    {
        "date": "2001-03-31",
        "symbol": "HP",
        "reportedCurrency": "USD",
        "cik": "0000046765",
        "fillingDate": "2001-05-11",
        "acceptedDate": "2001-05-11 00:00:00",
        "calendarYear": "2001",
        "period": "Q2",
        "revenue": 218817000,
        "costOfRevenue": 113780000,
        "grossProfit": 105037000,
        "grossProfitRatio": 0.4800221189,
        "researchAndDevelopmentExpenses": 0,
        "generalAndAdministrativeExpenses": 4646000,
        "sellingAndMarketingExpenses": 0,
        "sellingGeneralAndAdministrativeExpenses": 4646000,
        "otherExpenses": 34850000,
        "operatingExpenses": 39496000,
        "costAndExpenses": 153276000,
        "interestIncome": 0,
        "interestExpense": 0,
        "depreciationAndAmortization": 23151000,
        "ebitda": 88692000,
        "ebitdaratio": 0.4053249976,
        "operatingIncome": 65541000,
        "operatingIncomeRatio": 0.29952426,
        "totalOtherIncomeExpensesNet": 2684000,
        "incomeBeforeTax": 68225000,
        "incomeBeforeTaxRatio": 0.3117902174,
        "incomeTaxExpense": 27118000,
        "netIncome": 41749000,
        "netIncomeRatio": 0.1907941339,
        "eps": 0.42,
        "epsdiluted": 0.41,
        "weightedAverageShsOut": 100285000,
        "weightedAverageShsOutDil": 101687000,
        "link": "https://www.sec.gov/Archives/edgar/data/46765/000095013401501493/0000950134-01-501493-index.htm",
        "finalLink": "https://www.sec.gov/Archives/edgar/data/46765/000095013401501493/d87018e10-q.txt"
    },
    {
        "date": "2000-12-31",
        "symbol": "HP",
        "reportedCurrency": "USD",
        "cik": "0000046765",
        "fillingDate": "2001-02-13",
        "acceptedDate": "2001-02-13 00:00:00",
        "calendarYear": "2001",
        "period": "Q1",
        "revenue": 189748000,
        "costOfRevenue": 105711000,
        "grossProfit": 84037000,
        "grossProfitRatio": 0.4428874086,
        "researchAndDevelopmentExpenses": 0,
        "generalAndAdministrativeExpenses": 3567000,
        "sellingAndMarketingExpenses": 0,
        "sellingGeneralAndAdministrativeExpenses": 3567000,
        "otherExpenses": 27225000,
        "operatingExpenses": 30792000,
        "costAndExpenses": 136503000,
        "interestIncome": 0,
        "interestExpense": 0,
        "depreciationAndAmortization": 18357000,
        "ebitda": 71602000,
        "ebitdaratio": 0.377353121,
        "operatingIncome": 53245000,
        "operatingIncomeRatio": 0.2806090183,
        "totalOtherIncomeExpensesNet": 2630000,
        "incomeBeforeTax": 55875000,
        "incomeBeforeTaxRatio": 0.2944695069,
        "incomeTaxExpense": 22035000,
        "netIncome": 33840000,
        "netIncomeRatio": 0.1783418007,
        "eps": 0.34,
        "epsdiluted": 0.34,
        "weightedAverageShsOut": 99636000,
        "weightedAverageShsOutDil": 100862000,
        "link": "https://www.sec.gov/Archives/edgar/data/46765/000095013401001229/0000950134-01-001229-index.htm",
        "finalLink": "https://www.sec.gov/Archives/edgar/data/46765/000095013401001229/d84166e10-q.txt"
    },
    {
        "date": "2000-09-30",
        "symbol": "HP",
        "reportedCurrency": "USD",
        "cik": "0000046765",
        "fillingDate": "2000-12-28",
        "acceptedDate": "2000-12-28 00:00:00",
        "calendarYear": "2000",
        "period": "Q4",
        "revenue": 205900000,
        "costOfRevenue": 96599000,
        "grossProfit": 109301000,
        "grossProfitRatio": 0.5308450704,
        "researchAndDevelopmentExpenses": 0,
        "generalAndAdministrativeExpenses": 2957000,
        "sellingAndMarketingExpenses": 0,
        "sellingGeneralAndAdministrativeExpenses": 2957000,
        "otherExpenses": 36395000,
        "operatingExpenses": 39352000,
        "costAndExpenses": 135951000,
        "interestIncome": 0,
        "interestExpense": 0,
        "depreciationAndAmortization": 30686000,
        "ebitda": 100635000,
        "ebitdaratio": 0.488756678,
        "operatingIncome": 69949000,
        "operatingIncomeRatio": 0.3397231666,
        "totalOtherIncomeExpensesNet": -21039000,
        "incomeBeforeTax": 48910000,
        "incomeBeforeTaxRatio": 0.2375424964,
        "incomeTaxExpense": 21781000,
        "netIncome": 30350000,
        "netIncomeRatio": 0.1474016513,
        "eps": 0.3,
        "epsdiluted": 0.3,
        "weightedAverageShsOut": 99636000,
        "weightedAverageShsOutDil": 99636000,
        "link": "https://www.sec.gov/Archives/edgar/data/46765/000095013400010771/0000950134-00-010771-index.htm",
        "finalLink": "https://www.sec.gov/Archives/edgar/data/46765/000095013400010771/d82779e10-k405.txt"
    },
    {
        "date": "2000-06-30",
        "symbol": "HP",
        "reportedCurrency": "USD",
        "cik": "0000046765",
        "fillingDate": "2000-08-08",
        "acceptedDate": "2000-08-08 00:00:00",
        "calendarYear": "2000",
        "period": "Q3",
        "revenue": 149760000,
        "costOfRevenue": 84550000,
        "grossProfit": 65210000,
        "grossProfitRatio": 0.4354300214,
        "researchAndDevelopmentExpenses": 0,
        "generalAndAdministrativeExpenses": 2466000,
        "sellingAndMarketingExpenses": 0,
        "sellingGeneralAndAdministrativeExpenses": 2466000,
        "otherExpenses": 34813000,
        "operatingExpenses": 37279000,
        "costAndExpenses": 121829000,
        "interestIncome": 0,
        "interestExpense": 0,
        "depreciationAndAmortization": 27097000,
        "ebitda": 55028000,
        "ebitdaratio": 0.3674412393,
        "operatingIncome": 27931000,
        "operatingIncomeRatio": 0.1865050748,
        "totalOtherIncomeExpensesNet": 2274000,
        "incomeBeforeTax": 30205000,
        "incomeBeforeTaxRatio": 0.2016893697,
        "incomeTaxExpense": 11648000,
        "netIncome": 18557000,
        "netIncomeRatio": 0.1239115919,
        "eps": 0.0925,
        "epsdiluted": 0.0925,
        "weightedAverageShsOut": 198284000,
        "weightedAverageShsOutDil": 200908000,
        "link": "https://www.sec.gov/Archives/edgar/data/46765/000095013400006426/0000950134-00-006426-index.htm",
        "finalLink": "https://www.sec.gov/Archives/edgar/data/46765/000095013400006426/e10-q.txt"
    },
    {
        "date": "2000-03-31",
        "symbol": "HP",
        "reportedCurrency": "USD",
        "cik": "0000046765",
        "fillingDate": "2000-05-15",
        "acceptedDate": "2000-05-15 00:00:00",
        "calendarYear": "2000",
        "period": "Q2",
        "revenue": 140241000,
        "costOfRevenue": 80160000,
        "grossProfit": 60081000,
        "grossProfitRatio": 0.4284125185,
        "researchAndDevelopmentExpenses": 0,
        "generalAndAdministrativeExpenses": 3334000,
        "sellingAndMarketingExpenses": 0,
        "sellingGeneralAndAdministrativeExpenses": 3334000,
        "otherExpenses": 35432000,
        "operatingExpenses": 38766000,
        "costAndExpenses": 118926000,
        "interestIncome": 0,
        "interestExpense": 0,
        "depreciationAndAmortization": 28103000,
        "ebitda": 49403000,
        "ebitdaratio": 0.3522721601,
        "operatingIncome": 21315000,
        "operatingIncomeRatio": 0.1519883629,
        "totalOtherIncomeExpensesNet": 11841000,
        "incomeBeforeTax": 33156000,
        "incomeBeforeTaxRatio": 0.2364215886,
        "incomeTaxExpense": 13883000,
        "netIncome": 19273000,
        "netIncomeRatio": 0.1374277137,
        "eps": 0.2,
        "epsdiluted": 0.2,
        "weightedAverageShsOut": 98884000,
        "weightedAverageShsOutDil": 99656000,
        "link": "https://www.sec.gov/Archives/edgar/data/46765/000095013400004550/0000950134-00-004550-index.html",
        "finalLink": "https://www.sec.gov/Archives/edgar/data/46765/000095013400004550/"
    },
    {
        "date": "1999-12-31",
        "symbol": "HP",
        "reportedCurrency": "USD",
        "cik": "0000046765",
        "fillingDate": "2000-02-14",
        "acceptedDate": "2000-02-14 00:00:00",
        "calendarYear": "2000",
        "period": "Q1",
        "revenue": 135200000,
        "costOfRevenue": 78700000,
        "grossProfit": 56500000,
        "grossProfitRatio": 0.4178994083,
        "researchAndDevelopmentExpenses": 0,
        "generalAndAdministrativeExpenses": 2800000,
        "sellingAndMarketingExpenses": 0,
        "sellingGeneralAndAdministrativeExpenses": 2800000,
        "otherExpenses": 33000000,
        "operatingExpenses": 35800000,
        "costAndExpenses": 114500000,
        "interestIncome": 0,
        "interestExpense": 0,
        "depreciationAndAmortization": 26500000,
        "ebitda": 47359000,
        "ebitdaratio": 0.3502884615,
        "operatingIncome": 20700000,
        "operatingIncomeRatio": 0.1531065089,
        "totalOtherIncomeExpensesNet": 14020000,
        "incomeBeforeTax": 24500000,
        "incomeBeforeTaxRatio": 0.1812130178,
        "incomeTaxExpense": 10400000,
        "netIncome": 14100000,
        "netIncomeRatio": 0.1042899408,
        "eps": 0.14,
        "epsdiluted": 0.14,
        "weightedAverageShsOut": 98685000,
        "weightedAverageShsOutDil": 99645000,
        "link": "https://www.sec.gov/Archives/edgar/data/46765/000095013400001133/0000950134-00-001133-index.html",
        "finalLink": "https://www.sec.gov/Archives/edgar/data/46765/000095013400001133/"
    },
    {
        "date": "1999-09-30",
        "symbol": "HP",
        "reportedCurrency": "USD",
        "cik": "0000046765",
        "fillingDate": "1999-12-28",
        "acceptedDate": "1999-12-28 00:00:00",
        "calendarYear": "1999",
        "period": "Q4",
        "revenue": 138500000,
        "costOfRevenue": 79900000,
        "grossProfit": 58600000,
        "grossProfitRatio": 0.4231046931,
        "researchAndDevelopmentExpenses": 0,
        "generalAndAdministrativeExpenses": 2800000,
        "sellingAndMarketingExpenses": 0,
        "sellingGeneralAndAdministrativeExpenses": 2800000,
        "otherExpenses": 33200000,
        "operatingExpenses": 36000000,
        "costAndExpenses": 115900000,
        "interestIncome": 0,
        "interestExpense": 0,
        "depreciationAndAmortization": 26800000,
        "ebitda": 49400000,
        "ebitdaratio": 0.3566787004,
        "operatingIncome": 22600000,
        "operatingIncomeRatio": 0.1631768953,
        "totalOtherIncomeExpensesNet": -5700000,
        "incomeBeforeTax": 16900000,
        "incomeBeforeTaxRatio": 0.1220216606,
        "incomeTaxExpense": 6500000,
        "netIncome": 10400000,
        "netIncomeRatio": 0.0750902527,
        "eps": 0.11,
        "epsdiluted": 0.11,
        "weightedAverageShsOut": 98854000,
        "weightedAverageShsOutDil": 98854000,
        "link": "https://www.sec.gov/Archives/edgar/data/46765/000095013499011418/0000950134-99-011418-index.html",
        "finalLink": "https://www.sec.gov/Archives/edgar/data/46765/000095013499011418/"
    },
    {
        "date": "1999-06-30",
        "symbol": "HP",
        "reportedCurrency": "USD",
        "cik": "0000046765",
        "fillingDate": "1999-08-13",
        "acceptedDate": "1999-08-13 00:00:00",
        "calendarYear": "1999",
        "period": "Q3",
        "revenue": 129300000,
        "costOfRevenue": 76600000,
        "grossProfit": 52700000,
        "grossProfitRatio": 0.407579273,
        "researchAndDevelopmentExpenses": 0,
        "generalAndAdministrativeExpenses": 3300000,
        "sellingAndMarketingExpenses": 0,
        "sellingGeneralAndAdministrativeExpenses": 3300000,
        "otherExpenses": 31700000,
        "operatingExpenses": 35000000,
        "costAndExpenses": 111600000,
        "interestIncome": 0,
        "interestExpense": 0,
        "depreciationAndAmortization": 25700000,
        "ebitda": 43400000,
        "ebitdaratio": 0.3356535189,
        "operatingIncome": 17700000,
        "operatingIncomeRatio": 0.1368909513,
        "totalOtherIncomeExpensesNet": 1800000,
        "incomeBeforeTax": 19500000,
        "incomeBeforeTaxRatio": 0.150812065,
        "incomeTaxExpense": 7300000,
        "netIncome": 12200000,
        "netIncomeRatio": 0.094354215,
        "eps": 0.0625,
        "epsdiluted": 0.06,
        "weightedAverageShsOut": 98996000,
        "weightedAverageShsOutDil": 98996000,
        "link": "https://www.sec.gov/Archives/edgar/data/46765/000095013499007346/0000950134-99-007346-index.html",
        "finalLink": "https://www.sec.gov/Archives/edgar/data/46765/000095013499007346/"
    },
    {
        "date": "1999-03-31",
        "symbol": "HP",
        "reportedCurrency": "USD",
        "cik": "0000046765",
        "fillingDate": "1999-05-14",
        "acceptedDate": "1999-05-14 00:00:00",
        "calendarYear": "1999",
        "period": "Q2",
        "revenue": 154000000,
        "costOfRevenue": 98000000,
        "grossProfit": 56000000,
        "grossProfitRatio": 0.3636363636,
        "researchAndDevelopmentExpenses": 0,
        "generalAndAdministrativeExpenses": 4500000,
        "sellingAndMarketingExpenses": 0,
        "sellingGeneralAndAdministrativeExpenses": 4500000,
        "otherExpenses": 40500000,
        "operatingExpenses": 45000000,
        "costAndExpenses": 143000000,
        "interestIncome": 0,
        "interestExpense": 0,
        "depreciationAndAmortization": 33800000,
        "ebitda": 44842000,
        "ebitdaratio": 0.2911818182,
        "operatingIncome": 11000000,
        "operatingIncomeRatio": 0.0714285714,
        "totalOtherIncomeExpensesNet": 400000,
        "incomeBeforeTax": 11400000,
        "incomeBeforeTaxRatio": 0.074025974,
        "incomeTaxExpense": 4000000,
        "netIncome": 7400000,
        "netIncomeRatio": 0.0480519481,
        "eps": 0.0375,
        "epsdiluted": 0.0375,
        "weightedAverageShsOut": 98866000,
        "weightedAverageShsOutDil": 98866000,
        "link": "https://www.sec.gov/Archives/edgar/data/46765/000095013499004199/0000950134-99-004199-index.html",
        "finalLink": "https://www.sec.gov/Archives/edgar/data/46765/"
    },
    {
        "date": "1998-12-31",
        "symbol": "HP",
        "reportedCurrency": "USD",
        "cik": "0000046765",
        "fillingDate": "1999-02-16",
        "acceptedDate": "1999-02-16 00:00:00",
        "calendarYear": "1999",
        "period": "Q1",
        "revenue": 142500000,
        "costOfRevenue": 88000000,
        "grossProfit": 54500000,
        "grossProfitRatio": 0.3824561404,
        "researchAndDevelopmentExpenses": 0,
        "generalAndAdministrativeExpenses": 3600000,
        "sellingAndMarketingExpenses": 0,
        "sellingGeneralAndAdministrativeExpenses": 3600000,
        "otherExpenses": 30800000,
        "operatingExpenses": 34400000,
        "costAndExpenses": 122400000,
        "interestIncome": 0,
        "interestExpense": 0,
        "depreciationAndAmortization": 24400000,
        "ebitda": 44500000,
        "ebitdaratio": 0.3122807018,
        "operatingIncome": 20100000,
        "operatingIncomeRatio": 0.1410526316,
        "totalOtherIncomeExpensesNet": 600000,
        "incomeBeforeTax": 20700000,
        "incomeBeforeTaxRatio": 0.1452631579,
        "incomeTaxExpense": 7900000,
        "netIncome": 12800000,
        "netIncomeRatio": 0.0898245614,
        "eps": 0.065,
        "epsdiluted": 0.065,
        "weightedAverageShsOut": 98834000,
        "weightedAverageShsOutDil": 98834000,
        "link": "https://www.sec.gov/Archives/edgar/data/46765/000095013499001083/0000950134-99-001083-index.html",
        "finalLink": "https://www.sec.gov/Archives/edgar/data/46765/"
    },
    {
        "date": "1998-09-30",
        "symbol": "HP",
        "reportedCurrency": "USD",
        "cik": "0000046765",
        "fillingDate": "1998-12-28",
        "acceptedDate": "1998-12-28 00:00:00",
        "calendarYear": "1998",
        "period": "Q4",
        "revenue": 197800000,
        "costOfRevenue": 98200000,
        "grossProfit": 99600000,
        "grossProfitRatio": 0.5035389282,
        "researchAndDevelopmentExpenses": 0,
        "generalAndAdministrativeExpenses": 3000000,
        "sellingAndMarketingExpenses": 0,
        "sellingGeneralAndAdministrativeExpenses": 3000000,
        "otherExpenses": 37600000,
        "operatingExpenses": 40600000,
        "costAndExpenses": 138800000,
        "interestIncome": 0,
        "interestExpense": 0,
        "depreciationAndAmortization": 29800000,
        "ebitda": 88800000,
        "ebitdaratio": 0.4489383215,
        "operatingIncome": 59000000,
        "operatingIncomeRatio": 0.298281092,
        "totalOtherIncomeExpensesNet": -31400000,
        "incomeBeforeTax": 27600000,
        "incomeBeforeTaxRatio": 0.1395348837,
        "incomeTaxExpense": 8800000,
        "netIncome": 18800000,
        "netIncomeRatio": 0.0950455005,
        "eps": 0.19,
        "epsdiluted": 0.19,
        "weightedAverageShsOut": 98766000,
        "weightedAverageShsOutDil": 98834000,
        "link": "https://www.sec.gov/Archives/edgar/data/46765/000095013498009926/0000950134-98-009926-index.html",
        "finalLink": "https://www.sec.gov/Archives/edgar/data/46765/"
    },
    {
        "date": "1998-06-30",
        "symbol": "HP",
        "reportedCurrency": "USD",
        "cik": "0000046765",
        "fillingDate": "1998-08-14",
        "acceptedDate": "1998-08-14 00:00:00",
        "calendarYear": "1998",
        "period": "Q3",
        "revenue": 153900000,
        "costOfRevenue": 93600000,
        "grossProfit": 60300000,
        "grossProfitRatio": 0.3918128655,
        "researchAndDevelopmentExpenses": 0,
        "generalAndAdministrativeExpenses": 2400000,
        "sellingAndMarketingExpenses": 0,
        "sellingGeneralAndAdministrativeExpenses": 2400000,
        "otherExpenses": 28500000,
        "operatingExpenses": 30900000,
        "costAndExpenses": 124500000,
        "interestIncome": 0,
        "interestExpense": 0,
        "depreciationAndAmortization": 21600000,
        "ebitda": 51000000,
        "ebitdaratio": 0.3313840156,
        "operatingIncome": 29400000,
        "operatingIncomeRatio": 0.1910331384,
        "totalOtherIncomeExpensesNet": 24300000,
        "incomeBeforeTax": 53700000,
        "incomeBeforeTaxRatio": 0.3489278752,
        "incomeTaxExpense": 19800000,
        "netIncome": 33900000,
        "netIncomeRatio": 0.2202729045,
        "eps": 0.17,
        "epsdiluted": 0.17,
        "weightedAverageShsOut": 200312000,
        "weightedAverageShsOutDil": 202160000,
        "link": "https://www.sec.gov/Archives/edgar/data/46765/000095013498006939/0000950134-98-006939-index.html",
        "finalLink": "https://www.sec.gov/Archives/edgar/data/46765/"
    },
    {
        "date": "1998-03-31",
        "symbol": "HP",
        "reportedCurrency": "USD",
        "cik": "0000046765",
        "fillingDate": "1998-05-14",
        "acceptedDate": "1998-05-14 00:00:00",
        "calendarYear": "1998",
        "period": "Q2",
        "revenue": 140800000,
        "costOfRevenue": 84200000,
        "grossProfit": 56600000,
        "grossProfitRatio": 0.4019886364,
        "researchAndDevelopmentExpenses": 0,
        "generalAndAdministrativeExpenses": 3800000,
        "sellingAndMarketingExpenses": 0,
        "sellingGeneralAndAdministrativeExpenses": 3800000,
        "otherExpenses": 25300000,
        "operatingExpenses": 29100000,
        "costAndExpenses": 113300000,
        "interestIncome": 0,
        "interestExpense": 0,
        "depreciationAndAmortization": 19500000,
        "ebitda": 47000000,
        "ebitdaratio": 0.3338068182,
        "operatingIncome": 27500000,
        "operatingIncomeRatio": 0.1953125,
        "totalOtherIncomeExpensesNet": 3000000,
        "incomeBeforeTax": 30500000,
        "incomeBeforeTaxRatio": 0.2166193182,
        "incomeTaxExpense": 11200000,
        "netIncome": 19300000,
        "netIncomeRatio": 0.1370738636,
        "eps": 0.0975,
        "epsdiluted": 0.095,
        "weightedAverageShsOut": 400048000,
        "weightedAverageShsOutDil": 408528000,
        "link": "https://www.sec.gov/Archives/edgar/data/46765/000095013498004357/0000950134-98-004357-index.html",
        "finalLink": "https://www.sec.gov/Archives/edgar/data/46765/"
    },
    {
        "date": "1997-12-31",
        "symbol": "HP",
        "reportedCurrency": "USD",
        "cik": "0000046765",
        "fillingDate": "1998-02-13",
        "acceptedDate": "1998-02-13 00:00:00",
        "calendarYear": "1998",
        "period": "Q1",
        "revenue": 151800000,
        "costOfRevenue": 80400000,
        "grossProfit": 71400000,
        "grossProfitRatio": 0.4703557312,
        "researchAndDevelopmentExpenses": 0,
        "generalAndAdministrativeExpenses": 2600000,
        "sellingAndMarketingExpenses": 0,
        "sellingGeneralAndAdministrativeExpenses": 2600000,
        "otherExpenses": 24100000,
        "operatingExpenses": 26700000,
        "costAndExpenses": 107100000,
        "interestIncome": 0,
        "interestExpense": 0,
        "depreciationAndAmortization": 18900000,
        "ebitda": 63600000,
        "ebitdaratio": 0.418972332,
        "operatingIncome": 44700000,
        "operatingIncomeRatio": 0.2944664032,
        "totalOtherIncomeExpensesNet": 1300000,
        "incomeBeforeTax": 46000000,
        "incomeBeforeTaxRatio": 0.303030303,
        "incomeTaxExpense": 16800000,
        "netIncome": 29200000,
        "netIncomeRatio": 0.1923583663,
        "eps": 0.0725,
        "epsdiluted": 0.0712,
        "weightedAverageShsOut": 400048000,
        "weightedAverageShsOutDil": 408528000,
        "link": "https://www.sec.gov/Archives/edgar/data/46765/000095013498001140/0000950134-98-001140-index.html",
        "finalLink": "https://www.sec.gov/Archives/edgar/data/46765/"
    },
    {
        "date": "1997-09-30",
        "symbol": "HP",
        "reportedCurrency": "USD",
        "cik": "0000046765",
        "fillingDate": "1997-12-23",
        "acceptedDate": "1997-12-23 00:00:00",
        "calendarYear": "1997",
        "period": "Q4",
        "revenue": 137300000,
        "costOfRevenue": 78300000,
        "grossProfit": 59000000,
        "grossProfitRatio": 0.4297159505,
        "researchAndDevelopmentExpenses": 0,
        "generalAndAdministrativeExpenses": 2100000,
        "sellingAndMarketingExpenses": 0,
        "sellingGeneralAndAdministrativeExpenses": 2100000,
        "otherExpenses": 26000000,
        "operatingExpenses": 28100000,
        "costAndExpenses": 106400000,
        "interestIncome": 0,
        "interestExpense": 0,
        "depreciationAndAmortization": 20000000,
        "ebitda": 50900000,
        "ebitdaratio": 0.3707210488,
        "operatingIncome": 30900000,
        "operatingIncomeRatio": 0.2250546249,
        "totalOtherIncomeExpensesNet": -3500000,
        "incomeBeforeTax": 27400000,
        "incomeBeforeTaxRatio": 0.1995630007,
        "incomeTaxExpense": 9400000,
        "netIncome": 18000000,
        "netIncomeRatio": 0.1310997815,
        "eps": 0.045,
        "epsdiluted": 0.045,
        "weightedAverageShsOut": 397352000,
        "weightedAverageShsOutDil": 401592000,
        "link": "https://www.sec.gov/Archives/edgar/data/46765/000095013497009511/0000950134-97-009511-index.html",
        "finalLink": "https://www.sec.gov/Archives/edgar/data/46765/"
    },
    {
        "date": "1997-06-30",
        "symbol": "HP",
        "reportedCurrency": "USD",
        "cik": "0000046765",
        "fillingDate": "1997-08-13",
        "acceptedDate": "1997-08-13 00:00:00",
        "calendarYear": "1997",
        "period": "Q3",
        "revenue": 129800000,
        "costOfRevenue": 68200000,
        "grossProfit": 61600000,
        "grossProfitRatio": 0.4745762712,
        "researchAndDevelopmentExpenses": 0,
        "generalAndAdministrativeExpenses": 1900000,
        "sellingAndMarketingExpenses": 0,
        "sellingGeneralAndAdministrativeExpenses": 1900000,
        "otherExpenses": 24100000,
        "operatingExpenses": 26000000,
        "costAndExpenses": 94200000,
        "interestIncome": 0,
        "interestExpense": 0,
        "depreciationAndAmortization": 18900000,
        "ebitda": 54500000,
        "ebitdaratio": 0.4198767334,
        "operatingIncome": 35600000,
        "operatingIncomeRatio": 0.2742681048,
        "totalOtherIncomeExpensesNet": 200000,
        "incomeBeforeTax": 35800000,
        "incomeBeforeTaxRatio": 0.2758089368,
        "incomeTaxExpense": 12200000,
        "netIncome": 23600000,
        "netIncomeRatio": 0.1818181818,
        "eps": 0.0594,
        "epsdiluted": 0.0588,
        "weightedAverageShsOut": 397352000,
        "weightedAverageShsOutDil": 401592000,
        "link": "https://www.sec.gov/Archives/edgar/data/46765/000095013497006055/0000950134-97-006055-index.html",
        "finalLink": "https://www.sec.gov/Archives/edgar/data/46765/"
    },
    {
        "date": "1997-03-31",
        "symbol": "HP",
        "reportedCurrency": "USD",
        "cik": "0000046765",
        "fillingDate": "1997-05-13",
        "acceptedDate": "1997-05-13 00:00:00",
        "calendarYear": "1997",
        "period": "Q2",
        "revenue": 132500000,
        "costOfRevenue": 72400000,
        "grossProfit": 60100000,
        "grossProfitRatio": 0.4535849057,
        "researchAndDevelopmentExpenses": 0,
        "generalAndAdministrativeExpenses": 2900000,
        "sellingAndMarketingExpenses": 0,
        "sellingGeneralAndAdministrativeExpenses": 2900000,
        "otherExpenses": 23200000,
        "operatingExpenses": 26100000,
        "costAndExpenses": 98500000,
        "interestIncome": 0,
        "interestExpense": 0,
        "depreciationAndAmortization": 17800000,
        "ebitda": 51800000,
        "ebitdaratio": 0.3909433962,
        "operatingIncome": 34000000,
        "operatingIncomeRatio": 0.2566037736,
        "totalOtherIncomeExpensesNet": 500000,
        "incomeBeforeTax": 34500000,
        "incomeBeforeTaxRatio": 0.2603773585,
        "incomeTaxExpense": 12100000,
        "netIncome": 22400000,
        "netIncomeRatio": 0.1690566038,
        "eps": 0.0564,
        "epsdiluted": 0.0558,
        "weightedAverageShsOut": 397352000,
        "weightedAverageShsOutDil": 401592000,
        "link": "https://www.sec.gov/Archives/edgar/data/46765/000095013497003778/0000950134-97-003778-index.html",
        "finalLink": "https://www.sec.gov/Archives/edgar/data/46765/"
    },
    {
        "date": "1996-12-31",
        "symbol": "HP",
        "reportedCurrency": "USD",
        "cik": "0000046765",
        "fillingDate": "1997-02-14",
        "acceptedDate": "1997-02-14 00:00:00",
        "calendarYear": "1997",
        "period": "Q1",
        "revenue": 118300000,
        "costOfRevenue": 64100000,
        "grossProfit": 54200000,
        "grossProfitRatio": 0.4581572274,
        "researchAndDevelopmentExpenses": 0,
        "generalAndAdministrativeExpenses": 2300000,
        "sellingAndMarketingExpenses": 0,
        "sellingGeneralAndAdministrativeExpenses": 2300000,
        "otherExpenses": 20500000,
        "operatingExpenses": 22800000,
        "costAndExpenses": 86900000,
        "interestIncome": 0,
        "interestExpense": 0,
        "depreciationAndAmortization": 15800000,
        "ebitda": 47200000,
        "ebitdaratio": 0.3989856298,
        "operatingIncome": 31400000,
        "operatingIncomeRatio": 0.2654268808,
        "totalOtherIncomeExpensesNet": 500000,
        "incomeBeforeTax": 31900000,
        "incomeBeforeTaxRatio": 0.2696534235,
        "incomeTaxExpense": 11800000,
        "netIncome": 20100000,
        "netIncomeRatio": 0.1699070161,
        "eps": 0.0506,
        "epsdiluted": 0.0501,
        "weightedAverageShsOut": 397352000,
        "weightedAverageShsOutDil": 401592000,
        "link": "https://www.sec.gov/Archives/edgar/data/46765/000095013497001114/0000950134-97-001114-index.html",
        "finalLink": "https://www.sec.gov/Archives/edgar/data/46765/"
    },
    {
        "date": "1996-09-30",
        "symbol": "HP",
        "reportedCurrency": "USD",
        "cik": "0000046765",
        "fillingDate": "1996-12-27",
        "acceptedDate": "1996-12-27 00:00:00",
        "calendarYear": "1996",
        "period": "Q4",
        "revenue": 90100000,
        "costOfRevenue": 55600000,
        "grossProfit": 34500000,
        "grossProfitRatio": 0.3829078801,
        "researchAndDevelopmentExpenses": 0,
        "generalAndAdministrativeExpenses": 2100000,
        "sellingAndMarketingExpenses": 0,
        "sellingGeneralAndAdministrativeExpenses": 2100000,
        "otherExpenses": 20400000,
        "operatingExpenses": 22500000,
        "costAndExpenses": 78100000,
        "interestIncome": 0,
        "interestExpense": 0,
        "depreciationAndAmortization": 17100000,
        "ebitda": 29100000,
        "ebitdaratio": 0.3229744728,
        "operatingIncome": 12000000,
        "operatingIncomeRatio": 0.1331853496,
        "totalOtherIncomeExpensesNet": 2200000,
        "incomeBeforeTax": 14200000,
        "incomeBeforeTaxRatio": 0.1576026637,
        "incomeTaxExpense": 4100000,
        "netIncome": 37200000,
        "netIncomeRatio": 0.4128745838,
        "eps": 0.0936,
        "epsdiluted": 0.0926,
        "weightedAverageShsOut": 397352000,
        "weightedAverageShsOutDil": 401592000,
        "link": "https://www.sec.gov/Archives/edgar/data/46765/000095013496007092/0000950134-96-007092-index.html",
        "finalLink": "https://www.sec.gov/Archives/edgar/data/46765/"
    },
    {
        "date": "1996-06-30",
        "symbol": "HP",
        "reportedCurrency": "USD",
        "cik": "0000046765",
        "fillingDate": "1996-08-14",
        "acceptedDate": "1996-08-14 00:00:00",
        "calendarYear": "1996",
        "period": "Q3",
        "revenue": 104400000,
        "costOfRevenue": 62300000,
        "grossProfit": 42100000,
        "grossProfitRatio": 0.403256705,
        "researchAndDevelopmentExpenses": 0,
        "generalAndAdministrativeExpenses": 1900000,
        "sellingAndMarketingExpenses": 0,
        "sellingGeneralAndAdministrativeExpenses": 1900000,
        "otherExpenses": 19700000,
        "operatingExpenses": 21600000,
        "costAndExpenses": 83900000,
        "interestIncome": 0,
        "interestExpense": 0,
        "depreciationAndAmortization": 14800000,
        "ebitda": 35300000,
        "ebitdaratio": 0.3381226054,
        "operatingIncome": 20500000,
        "operatingIncomeRatio": 0.1963601533,
        "totalOtherIncomeExpensesNet": 1800000,
        "incomeBeforeTax": 22300000,
        "incomeBeforeTaxRatio": 0.2136015326,
        "incomeTaxExpense": 9100000,
        "netIncome": 13200000,
        "netIncomeRatio": 0.1264367816,
        "eps": 0.0331,
        "epsdiluted": 0.0331,
        "weightedAverageShsOut": 395888000,
        "weightedAverageShsOutDil": 395888000,
        "link": "https://www.sec.gov/Archives/edgar/data/46765/000095013496004314/0000950134-96-004314-index.html",
        "finalLink": "https://www.sec.gov/Archives/edgar/data/46765/"
    },
    {
        "date": "1996-03-31",
        "symbol": "HP",
        "reportedCurrency": "USD",
        "cik": "0000046765",
        "fillingDate": "1996-05-08",
        "acceptedDate": "1996-05-08 00:00:00",
        "calendarYear": "1996",
        "period": "Q2",
        "revenue": 100900000,
        "costOfRevenue": 61100000,
        "grossProfit": 39800000,
        "grossProfitRatio": 0.3944499504,
        "researchAndDevelopmentExpenses": 0,
        "generalAndAdministrativeExpenses": 2700000,
        "sellingAndMarketingExpenses": 0,
        "sellingGeneralAndAdministrativeExpenses": 2700000,
        "otherExpenses": 19900000,
        "operatingExpenses": 22600000,
        "costAndExpenses": 83700000,
        "interestIncome": 0,
        "interestExpense": 0,
        "depreciationAndAmortization": 15000000,
        "ebitda": 32200000,
        "ebitdaratio": 0.3191278494,
        "operatingIncome": 17200000,
        "operatingIncomeRatio": 0.1704658077,
        "totalOtherIncomeExpensesNet": 0,
        "incomeBeforeTax": 17200000,
        "incomeBeforeTaxRatio": 0.1704658077,
        "incomeTaxExpense": 6200000,
        "netIncome": 11000000,
        "netIncomeRatio": 0.1090188305,
        "eps": 0.0281,
        "epsdiluted": 0.0281,
        "weightedAverageShsOut": 394480000,
        "weightedAverageShsOutDil": 394480000,
        "link": "https://www.sec.gov/Archives/edgar/data/46765/000095013496001750/0000950134-96-001750-index.html",
        "finalLink": "https://www.sec.gov/Archives/edgar/data/46765/"
    },
    {
        "date": "1995-12-31",
        "symbol": "HP",
        "reportedCurrency": "USD",
        "cik": "0000046765",
        "fillingDate": "1996-02-13",
        "acceptedDate": "1996-02-13 00:00:00",
        "calendarYear": "1996",
        "period": "Q1",
        "revenue": 94600000,
        "costOfRevenue": 56800000,
        "grossProfit": 37800000,
        "grossProfitRatio": 0.399577167,
        "researchAndDevelopmentExpenses": 0,
        "generalAndAdministrativeExpenses": 2300000,
        "sellingAndMarketingExpenses": 0,
        "sellingGeneralAndAdministrativeExpenses": 2300000,
        "otherExpenses": 18000000,
        "operatingExpenses": 20300000,
        "costAndExpenses": 77100000,
        "interestIncome": 0,
        "interestExpense": 0,
        "depreciationAndAmortization": 14200000,
        "ebitda": 31700000,
        "ebitdaratio": 0.3350951374,
        "operatingIncome": 17500000,
        "operatingIncomeRatio": 0.1849894292,
        "totalOtherIncomeExpensesNet": 0,
        "incomeBeforeTax": 17500000,
        "incomeBeforeTaxRatio": 0.1849894292,
        "incomeTaxExpense": 6400000,
        "netIncome": 11100000,
        "netIncomeRatio": 0.1173361522,
        "eps": 0.0281,
        "epsdiluted": 0.0281,
        "weightedAverageShsOut": 393648000,
        "weightedAverageShsOutDil": 393648000,
        "link": "https://www.sec.gov/Archives/edgar/data/46765/000095013496000377/0000950134-96-000377-index.html",
        "finalLink": "https://www.sec.gov/Archives/edgar/data/46765/"
    },
    {
        "date": "1995-09-30",
        "symbol": "HP",
        "reportedCurrency": "USD",
        "cik": "0000046765",
        "fillingDate": "1995-12-22",
        "acceptedDate": "1995-12-22 00:00:00",
        "calendarYear": "1995",
        "period": "Q4",
        "revenue": 94700000,
        "costOfRevenue": 54900000,
        "grossProfit": 39800000,
        "grossProfitRatio": 0.4202745512,
        "researchAndDevelopmentExpenses": 0,
        "generalAndAdministrativeExpenses": 2000000,
        "sellingAndMarketingExpenses": 0,
        "sellingGeneralAndAdministrativeExpenses": 2000000,
        "otherExpenses": 39800000,
        "operatingExpenses": 41800000,
        "costAndExpenses": 96700000,
        "interestIncome": 0,
        "interestExpense": 0,
        "depreciationAndAmortization": 36500000,
        "ebitda": 34500000,
        "ebitdaratio": 0.3643083421,
        "operatingIncome": -2000000,
        "operatingIncomeRatio": -0.0211193242,
        "totalOtherIncomeExpensesNet": -6600000,
        "incomeBeforeTax": -8600000,
        "incomeBeforeTaxRatio": -0.090813094,
        "incomeTaxExpense": -3600000,
        "netIncome": -5000000,
        "netIncomeRatio": -0.0527983105,
        "eps": -0.0505,
        "epsdiluted": -0.0505,
        "weightedAverageShsOut": 99046000,
        "weightedAverageShsOutDil": 99046000,
        "link": "https://www.sec.gov/Archives/edgar/data/46765/000095013495003420/0000950134-95-003420-index.html",
        "finalLink": "https://www.sec.gov/Archives/edgar/data/46765/"
    },
    {
        "date": "1995-06-30",
        "symbol": "HP",
        "reportedCurrency": "USD",
        "cik": "0000046765",
        "fillingDate": "1995-08-14",
        "acceptedDate": "1995-08-14 00:00:00",
        "calendarYear": "1995",
        "period": "Q3",
        "revenue": 76400000,
        "costOfRevenue": 51600000,
        "grossProfit": 24800000,
        "grossProfitRatio": 0.3246073298,
        "researchAndDevelopmentExpenses": 0,
        "generalAndAdministrativeExpenses": 2000000,
        "sellingAndMarketingExpenses": 0,
        "sellingGeneralAndAdministrativeExpenses": 2000000,
        "otherExpenses": 17800000,
        "operatingExpenses": 19800000,
        "costAndExpenses": 71400000,
        "interestIncome": 0,
        "interestExpense": 0,
        "depreciationAndAmortization": 13200000,
        "ebitda": 18800000,
        "ebitdaratio": 0.2460732984,
        "operatingIncome": 5000000,
        "operatingIncomeRatio": 0.0654450262,
        "totalOtherIncomeExpensesNet": 2400000,
        "incomeBeforeTax": 7400000,
        "incomeBeforeTaxRatio": 0.0968586387,
        "incomeTaxExpense": 2800000,
        "netIncome": 4600000,
        "netIncomeRatio": 0.0602094241,
        "eps": 0.0125,
        "epsdiluted": 0.0125,
        "weightedAverageShsOut": 99032000,
        "weightedAverageShsOutDil": 99032000,
        "link": "https://www.sec.gov/Archives/edgar/data/46765/000095013495001980/0000950134-95-001980-index.html",
        "finalLink": "https://www.sec.gov/Archives/edgar/data/46765/"
    },
    {
        "date": "1995-03-31",
        "symbol": "HP",
        "reportedCurrency": "USD",
        "cik": "0000046765",
        "fillingDate": "1995-05-15",
        "acceptedDate": "1995-05-15 00:00:00",
        "calendarYear": "1995",
        "period": "Q2",
        "revenue": 76100000,
        "costOfRevenue": 50300000,
        "grossProfit": 25800000,
        "grossProfitRatio": 0.3390275953,
        "researchAndDevelopmentExpenses": 0,
        "generalAndAdministrativeExpenses": 2700000,
        "sellingAndMarketingExpenses": 0,
        "sellingGeneralAndAdministrativeExpenses": 2700000,
        "otherExpenses": 17500000,
        "operatingExpenses": 20200000,
        "costAndExpenses": 70500000,
        "interestIncome": 0,
        "interestExpense": 0,
        "depreciationAndAmortization": 13300000,
        "ebitda": 18900000,
        "ebitdaratio": 0.2483574244,
        "operatingIncome": 5600000,
        "operatingIncomeRatio": 0.073587385,
        "totalOtherIncomeExpensesNet": 3500000,
        "incomeBeforeTax": 9100000,
        "incomeBeforeTaxRatio": 0.1195795007,
        "incomeTaxExpense": 3300000,
        "netIncome": 5800000,
        "netIncomeRatio": 0.0762155059,
        "eps": 0.015,
        "epsdiluted": 0.015,
        "weightedAverageShsOut": 98872000,
        "weightedAverageShsOutDil": 98872000,
        "link": "https://www.sec.gov/Archives/edgar/data/46765/000095013495001083/0000950134-95-001083-index.html",
        "finalLink": "https://www.sec.gov/Archives/edgar/data/46765/"
    },
    {
        "date": "1994-12-31",
        "symbol": "HP",
        "reportedCurrency": "USD",
        "cik": "0000046765",
        "fillingDate": "1995-02-14",
        "acceptedDate": "1995-02-14 00:00:00",
        "calendarYear": "1995",
        "period": "Q1",
        "revenue": 78600000,
        "costOfRevenue": 53000000,
        "grossProfit": 25600000,
        "grossProfitRatio": 0.3256997455,
        "researchAndDevelopmentExpenses": 0,
        "generalAndAdministrativeExpenses": 2100000,
        "sellingAndMarketingExpenses": 0,
        "sellingGeneralAndAdministrativeExpenses": 2100000,
        "otherExpenses": 18100000,
        "operatingExpenses": 20200000,
        "costAndExpenses": 73200000,
        "interestIncome": 0,
        "interestExpense": 0,
        "depreciationAndAmortization": 14100000,
        "ebitda": 19500000,
        "ebitdaratio": 0.2480916031,
        "operatingIncome": 5400000,
        "operatingIncomeRatio": 0.0687022901,
        "totalOtherIncomeExpensesNet": 1500000,
        "incomeBeforeTax": 6900000,
        "incomeBeforeTaxRatio": 0.0877862595,
        "incomeTaxExpense": 2500000,
        "netIncome": 4400000,
        "netIncomeRatio": 0.0559796438,
        "eps": 0.0113,
        "epsdiluted": 0.0113,
        "weightedAverageShsOut": 98876000,
        "weightedAverageShsOutDil": 98876000,
        "link": "https://www.sec.gov/Archives/edgar/data/46765/000095013495000189/0000950134-95-000189-index.html",
        "finalLink": "https://www.sec.gov/Archives/edgar/data/46765/"
    },
    {
        "date": "1994-09-30",
        "symbol": "HP",
        "reportedCurrency": "USD",
        "cik": "0000046765",
        "fillingDate": "1994-12-22",
        "acceptedDate": "1994-12-22 00:00:00",
        "calendarYear": "1994",
        "period": "Q4",
        "revenue": 80200000,
        "costOfRevenue": 60200000,
        "grossProfit": 20000000,
        "grossProfitRatio": 0.2493765586,
        "researchAndDevelopmentExpenses": 0,
        "generalAndAdministrativeExpenses": 2100000,
        "sellingAndMarketingExpenses": 0,
        "sellingGeneralAndAdministrativeExpenses": 2100000,
        "otherExpenses": 15900000,
        "operatingExpenses": 18000000,
        "costAndExpenses": 78200000,
        "interestIncome": 0,
        "interestExpense": 0,
        "depreciationAndAmortization": 12500000,
        "ebitda": 14500000,
        "ebitdaratio": 0.180798005,
        "operatingIncome": 2000000,
        "operatingIncomeRatio": 0.0249376559,
        "totalOtherIncomeExpensesNet": 300000,
        "incomeBeforeTax": 2300000,
        "incomeBeforeTaxRatio": 0.0286783042,
        "incomeTaxExpense": -600000,
        "netIncome": 2900000,
        "netIncomeRatio": 0.036159601,
        "eps": 0.0293,
        "epsdiluted": 0.0293,
        "weightedAverageShsOut": 98840000,
        "weightedAverageShsOutDil": 98876000,
        "link": "https://www.sec.gov/Archives/edgar/data/46765/000095013494001530/0000950134-94-001530-index.html",
        "finalLink": "https://www.sec.gov/Archives/edgar/data/46765/"
    },
    {
        "date": "1994-06-30",
        "symbol": "HP",
        "reportedCurrency": "USD",
        "cik": "0000046765",
        "fillingDate": "1994-08-12",
        "acceptedDate": "1994-08-12 00:00:00",
        "calendarYear": "1994",
        "period": "Q3",
        "revenue": 78700000,
        "costOfRevenue": 54000000,
        "grossProfit": 24700000,
        "grossProfitRatio": 0.3138500635,
        "researchAndDevelopmentExpenses": 0,
        "generalAndAdministrativeExpenses": 1800000,
        "sellingAndMarketingExpenses": 0,
        "sellingGeneralAndAdministrativeExpenses": 1800000,
        "otherExpenses": 16200000,
        "operatingExpenses": 18000000,
        "costAndExpenses": 72000000,
        "interestIncome": 0,
        "interestExpense": 0,
        "depreciationAndAmortization": 12300000,
        "ebitda": 19100000,
        "ebitdaratio": 0.2426937738,
        "operatingIncome": 6700000,
        "operatingIncomeRatio": 0.085133418,
        "totalOtherIncomeExpensesNet": 100000,
        "incomeBeforeTax": 6800000,
        "incomeBeforeTaxRatio": 0.0864040661,
        "incomeTaxExpense": 2100000,
        "netIncome": 4700000,
        "netIncomeRatio": 0.0597204574,
        "eps": 0.0125,
        "epsdiluted": 0.0125,
        "weightedAverageShsOut": 98808000,
        "weightedAverageShsOutDil": 98808000,
        "link": "https://www.sec.gov/Archives/edgar/data/46765/000095013494000960/0000950134-94-000960-index.html",
        "finalLink": "https://www.sec.gov/Archives/edgar/data/46765/"
    },
    {
        "date": "1994-03-31",
        "symbol": "HP",
        "reportedCurrency": "USD",
        "cik": "0000046765",
        "fillingDate": "1994-05-13",
        "acceptedDate": "1994-05-13 00:00:00",
        "calendarYear": "1994",
        "period": "Q2",
        "revenue": 87900000,
        "costOfRevenue": 57700000,
        "grossProfit": 30200000,
        "grossProfitRatio": 0.3435722412,
        "researchAndDevelopmentExpenses": 0,
        "generalAndAdministrativeExpenses": 2200000,
        "sellingAndMarketingExpenses": 0,
        "sellingGeneralAndAdministrativeExpenses": 2200000,
        "otherExpenses": 17400000,
        "operatingExpenses": 19600000,
        "costAndExpenses": 77300000,
        "interestIncome": 0,
        "interestExpense": 0,
        "depreciationAndAmortization": 13500000,
        "ebitda": 24100000,
        "ebitdaratio": 0.2741751991,
        "operatingIncome": 10600000,
        "operatingIncomeRatio": 0.1205915813,
        "totalOtherIncomeExpensesNet": 100000,
        "incomeBeforeTax": 10700000,
        "incomeBeforeTaxRatio": 0.1217292378,
        "incomeTaxExpense": 4500000,
        "netIncome": 6200000,
        "netIncomeRatio": 0.0705346985,
        "eps": 0.0163,
        "epsdiluted": 0.0163,
        "weightedAverageShsOut": 98668000,
        "weightedAverageShsOutDil": 98668000,
        "link": "https://www.sec.gov/Archives/edgar/data/46765/000095013494000570/0000950134-94-000570-index.html",
        "finalLink": "https://www.sec.gov/Archives/edgar/data/46765/"
    },
    {
        "date": "1993-12-31",
        "symbol": "HP",
        "reportedCurrency": "USD",
        "cik": "0000046765",
        "fillingDate": "1994-02-14",
        "acceptedDate": "1994-02-14 00:00:00",
        "calendarYear": "1994",
        "period": "Q1",
        "revenue": 82200000,
        "costOfRevenue": 51800000,
        "grossProfit": 30400000,
        "grossProfitRatio": 0.3698296837,
        "researchAndDevelopmentExpenses": 0,
        "generalAndAdministrativeExpenses": 0,
        "sellingAndMarketingExpenses": 0,
        "sellingGeneralAndAdministrativeExpenses": 2700000,
        "otherExpenses": 16200000,
        "operatingExpenses": 18900000,
        "costAndExpenses": 70700000,
        "interestIncome": 0,
        "interestExpense": 0,
        "depreciationAndAmortization": 11800000,
        "ebitda": 23300000,
        "ebitdaratio": 0.2834549878,
        "operatingIncome": 11500000,
        "operatingIncomeRatio": 0.1399026764,
        "totalOtherIncomeExpensesNet": 0,
        "incomeBeforeTax": 11500000,
        "incomeBeforeTaxRatio": 0.1399026764,
        "incomeTaxExpense": 4200000,
        "netIncome": 11300000,
        "netIncomeRatio": 0.1374695864,
        "eps": 0.0288,
        "epsdiluted": 0.0288,
        "weightedAverageShsOut": 98304000,
        "weightedAverageShsOutDil": 98304000,
        "link": "https://www.sec.gov/Archives/edgar/data/46765/000095013494000112/0000950134-94-000112-index.html",
        "finalLink": "https://www.sec.gov/Archives/edgar/data/46765/"
    },
    {
        "date": "1993-09-30",
        "symbol": "HP",
        "reportedCurrency": "USD",
        "cik": "0000046765",
        "fillingDate": "1993-09-30",
        "acceptedDate": "1993-09-30 00:00:00",
        "calendarYear": "1993",
        "period": "Q4",
        "revenue": 75100000,
        "costOfRevenue": 50000000,
        "grossProfit": 25100000,
        "grossProfitRatio": 0.3342210386,
        "researchAndDevelopmentExpenses": 0,
        "generalAndAdministrativeExpenses": 0,
        "sellingAndMarketingExpenses": 0,
        "sellingGeneralAndAdministrativeExpenses": 1600000,
        "otherExpenses": 14300000,
        "operatingExpenses": 15900000,
        "costAndExpenses": 65900000,
        "interestIncome": 0,
        "interestExpense": 0,
        "depreciationAndAmortization": 11100000,
        "ebitda": 20300000,
        "ebitdaratio": 0.2703062583,
        "operatingIncome": 9200000,
        "operatingIncomeRatio": 0.1225033289,
        "totalOtherIncomeExpensesNet": 100000,
        "incomeBeforeTax": 9300000,
        "incomeBeforeTaxRatio": 0.1238348868,
        "incomeTaxExpense": 4100000,
        "netIncome": 5200000,
        "netIncomeRatio": 0.069241012,
        "eps": 0.0528,
        "epsdiluted": 0.0528,
        "weightedAverageShsOut": 98548000,
        "weightedAverageShsOutDil": 98548000,
        "link": null,
        "finalLink": null
    },
    {
        "date": "1993-06-30",
        "symbol": "HP",
        "reportedCurrency": "USD",
        "cik": "0000046765",
        "fillingDate": "1993-06-30",
        "acceptedDate": "1993-06-30 00:00:00",
        "calendarYear": "1993",
        "period": "Q3",
        "revenue": 73600000,
        "costOfRevenue": 47700000,
        "grossProfit": 25900000,
        "grossProfitRatio": 0.3519021739,
        "researchAndDevelopmentExpenses": 0,
        "generalAndAdministrativeExpenses": 0,
        "sellingAndMarketingExpenses": 0,
        "sellingGeneralAndAdministrativeExpenses": 1700000,
        "otherExpenses": 15700000,
        "operatingExpenses": 17400000,
        "costAndExpenses": 65100000,
        "interestIncome": 0,
        "interestExpense": 0,
        "depreciationAndAmortization": 11800000,
        "ebitda": 20400000,
        "ebitdaratio": 0.277173913,
        "operatingIncome": 8500000,
        "operatingIncomeRatio": 0.1154891304,
        "totalOtherIncomeExpensesNet": -500000,
        "incomeBeforeTax": 8000000,
        "incomeBeforeTaxRatio": 0.1086956522,
        "incomeTaxExpense": 3100000,
        "netIncome": 4900000,
        "netIncomeRatio": 0.066576087,
        "eps": 0.0125,
        "epsdiluted": 0.0125,
        "weightedAverageShsOut": 98548000,
        "weightedAverageShsOutDil": 98548000,
        "link": null,
        "finalLink": null
    },
    {
        "date": "1993-03-31",
        "symbol": "HP",
        "reportedCurrency": "USD",
        "cik": "0000046765",
        "fillingDate": "1993-03-31",
        "acceptedDate": "1993-03-31 00:00:00",
        "calendarYear": "1993",
        "period": "Q2",
        "revenue": 83400000,
        "costOfRevenue": 52100000,
        "grossProfit": 31300000,
        "grossProfitRatio": 0.3752997602,
        "researchAndDevelopmentExpenses": 0,
        "generalAndAdministrativeExpenses": 0,
        "sellingAndMarketingExpenses": 0,
        "sellingGeneralAndAdministrativeExpenses": 1700000,
        "otherExpenses": 16800000,
        "operatingExpenses": 18500000,
        "costAndExpenses": 70600000,
        "interestIncome": 0,
        "interestExpense": 0,
        "depreciationAndAmortization": 12800000,
        "ebitda": 25600000,
        "ebitdaratio": 0.3069544365,
        "operatingIncome": 12800000,
        "operatingIncomeRatio": 0.1534772182,
        "totalOtherIncomeExpensesNet": -400000,
        "incomeBeforeTax": 12400000,
        "incomeBeforeTaxRatio": 0.1486810552,
        "incomeTaxExpense": 5100000,
        "netIncome": 7300000,
        "netIncomeRatio": 0.087529976,
        "eps": 0.0188,
        "epsdiluted": 0.0188,
        "weightedAverageShsOut": 98388000,
        "weightedAverageShsOutDil": 98388000,
        "link": null,
        "finalLink": null
    },
    {
        "date": "1992-12-31",
        "symbol": "HP",
        "reportedCurrency": "USD",
        "cik": "0000046765",
        "fillingDate": "1992-12-31",
        "acceptedDate": "1992-12-31 00:00:00",
        "calendarYear": "1993",
        "period": "Q1",
        "revenue": 83000000,
        "costOfRevenue": 51900000,
        "grossProfit": 31100000,
        "grossProfitRatio": 0.3746987952,
        "researchAndDevelopmentExpenses": 0,
        "generalAndAdministrativeExpenses": 0,
        "sellingAndMarketingExpenses": 0,
        "sellingGeneralAndAdministrativeExpenses": 1800000,
        "otherExpenses": 16600000,
        "operatingExpenses": 18400000,
        "costAndExpenses": 70300000,
        "interestIncome": 0,
        "interestExpense": 0,
        "depreciationAndAmortization": 12900000,
        "ebitda": 25600000,
        "ebitdaratio": 0.3084337349,
        "operatingIncome": 12700000,
        "operatingIncomeRatio": 0.1530120482,
        "totalOtherIncomeExpensesNet": -400000,
        "incomeBeforeTax": 12300000,
        "incomeBeforeTaxRatio": 0.1481927711,
        "incomeTaxExpense": 5100000,
        "netIncome": 7200000,
        "netIncomeRatio": 0.086746988,
        "eps": 0.0188,
        "epsdiluted": 0.0188,
        "weightedAverageShsOut": 98308000,
        "weightedAverageShsOutDil": 98308000,
        "link": null,
        "finalLink": null
    },
    {
        "date": "1992-09-30",
        "symbol": "HP",
        "reportedCurrency": "USD",
        "cik": "0000046765",
        "fillingDate": "1992-09-30",
        "acceptedDate": "1992-09-30 00:00:00",
        "calendarYear": "1992",
        "period": "Q4",
        "revenue": 61200000,
        "costOfRevenue": 38100000,
        "grossProfit": 23100000,
        "grossProfitRatio": 0.3774509804,
        "researchAndDevelopmentExpenses": 0,
        "generalAndAdministrativeExpenses": 0,
        "sellingAndMarketingExpenses": 0,
        "sellingGeneralAndAdministrativeExpenses": 2100000,
        "otherExpenses": 15100000,
        "operatingExpenses": 17200000,
        "costAndExpenses": 55300000,
        "interestIncome": 0,
        "interestExpense": 0,
        "depreciationAndAmortization": 12900000,
        "ebitda": 18800000,
        "ebitdaratio": 0.3071895425,
        "operatingIncome": 5900000,
        "operatingIncomeRatio": 0.0964052288,
        "totalOtherIncomeExpensesNet": -3900000,
        "incomeBeforeTax": 2000000,
        "incomeBeforeTaxRatio": 0.0326797386,
        "incomeTaxExpense": 1500000,
        "netIncome": 500000,
        "netIncomeRatio": 0.0081699346,
        "eps": 0.0051,
        "epsdiluted": 0.0051,
        "weightedAverageShsOut": 98204000,
        "weightedAverageShsOutDil": 98204000,
        "link": null,
        "finalLink": null
    },
    {
        "date": "1992-06-30",
        "symbol": "HP",
        "reportedCurrency": "USD",
        "cik": "0000046765",
        "fillingDate": "1992-06-30",
        "acceptedDate": "1992-06-30 00:00:00",
        "calendarYear": "1992",
        "period": "Q3",
        "revenue": 56200000,
        "costOfRevenue": 35500000,
        "grossProfit": 20700000,
        "grossProfitRatio": 0.3683274021,
        "researchAndDevelopmentExpenses": 0,
        "generalAndAdministrativeExpenses": 0,
        "sellingAndMarketingExpenses": 0,
        "sellingGeneralAndAdministrativeExpenses": 1400000,
        "otherExpenses": 13800000,
        "operatingExpenses": 15200000,
        "costAndExpenses": 50700000,
        "interestIncome": 0,
        "interestExpense": 0,
        "depreciationAndAmortization": 11100000,
        "ebitda": 16600000,
        "ebitdaratio": 0.2953736655,
        "operatingIncome": 5500000,
        "operatingIncomeRatio": 0.0978647687,
        "totalOtherIncomeExpensesNet": -600000,
        "incomeBeforeTax": 4900000,
        "incomeBeforeTaxRatio": 0.0871886121,
        "incomeTaxExpense": 1900000,
        "netIncome": 3000000,
        "netIncomeRatio": 0.0533807829,
        "eps": 0.0075,
        "epsdiluted": 0.0075,
        "weightedAverageShsOut": 98204000,
        "weightedAverageShsOutDil": 98204000,
        "link": null,
        "finalLink": null
    },
    {
        "date": "1992-03-31",
        "symbol": "HP",
        "reportedCurrency": "USD",
        "cik": "0000046765",
        "fillingDate": "1992-03-31",
        "acceptedDate": "1992-03-31 00:00:00",
        "calendarYear": "1992",
        "period": "Q2",
        "revenue": 56900000,
        "costOfRevenue": 36000000,
        "grossProfit": 20900000,
        "grossProfitRatio": 0.3673110721,
        "researchAndDevelopmentExpenses": 0,
        "generalAndAdministrativeExpenses": 0,
        "sellingAndMarketingExpenses": 0,
        "sellingGeneralAndAdministrativeExpenses": 1800000,
        "otherExpenses": 14600000,
        "operatingExpenses": 16400000,
        "costAndExpenses": 52400000,
        "interestIncome": 0,
        "interestExpense": 0,
        "depreciationAndAmortization": 11100000,
        "ebitda": 15700000,
        "ebitdaratio": 0.2759226714,
        "operatingIncome": 4500000,
        "operatingIncomeRatio": 0.079086116,
        "totalOtherIncomeExpensesNet": -300000,
        "incomeBeforeTax": 4200000,
        "incomeBeforeTaxRatio": 0.0738137083,
        "incomeTaxExpense": 2000000,
        "netIncome": 2200000,
        "netIncomeRatio": 0.0386643234,
        "eps": 0.0063,
        "epsdiluted": 0.0063,
        "weightedAverageShsOut": 97968000,
        "weightedAverageShsOutDil": 97968000,
        "link": null,
        "finalLink": null
    },
    {
        "date": "1991-12-31",
        "symbol": "HP",
        "reportedCurrency": "USD",
        "cik": "0000046765",
        "fillingDate": "1991-12-31",
        "acceptedDate": "1991-12-31 00:00:00",
        "calendarYear": "1992",
        "period": "Q1",
        "revenue": 65500000,
        "costOfRevenue": 39400000,
        "grossProfit": 26100000,
        "grossProfitRatio": 0.3984732824,
        "researchAndDevelopmentExpenses": 0,
        "generalAndAdministrativeExpenses": 0,
        "sellingAndMarketingExpenses": 0,
        "sellingGeneralAndAdministrativeExpenses": 1500000,
        "otherExpenses": 15800000,
        "operatingExpenses": 17300000,
        "costAndExpenses": 56700000,
        "interestIncome": 0,
        "interestExpense": 0,
        "depreciationAndAmortization": 12600000,
        "ebitda": 21400000,
        "ebitdaratio": 0.3267175573,
        "operatingIncome": 8800000,
        "operatingIncomeRatio": 0.134351145,
        "totalOtherIncomeExpensesNet": -400000,
        "incomeBeforeTax": 8400000,
        "incomeBeforeTaxRatio": 0.1282442748,
        "incomeTaxExpense": 3300000,
        "netIncome": 5100000,
        "netIncomeRatio": 0.0778625954,
        "eps": 0.0138,
        "epsdiluted": 0.0138,
        "weightedAverageShsOut": 97952000,
        "weightedAverageShsOutDil": 97952000,
        "link": null,
        "finalLink": null
    },
    {
        "date": "1991-09-30",
        "symbol": "HP",
        "reportedCurrency": "USD",
        "cik": "0000046765",
        "fillingDate": "1991-09-30",
        "acceptedDate": "1991-09-30 00:00:00",
        "calendarYear": "1991",
        "period": "Q4",
        "revenue": 27600000,
        "costOfRevenue": 24400000,
        "grossProfit": 3200000,
        "grossProfitRatio": 0.115942029,
        "researchAndDevelopmentExpenses": 0,
        "generalAndAdministrativeExpenses": 0,
        "sellingAndMarketingExpenses": 0,
        "sellingGeneralAndAdministrativeExpenses": 7500000,
        "otherExpenses": 14300000,
        "operatingExpenses": 21800000,
        "costAndExpenses": 46200000,
        "interestIncome": 0,
        "interestExpense": 0,
        "depreciationAndAmortization": 11300000,
        "ebitda": -7300000,
        "ebitdaratio": -0.2644927536,
        "operatingIncome": -18600000,
        "operatingIncomeRatio": -0.6739130435,
        "totalOtherIncomeExpensesNet": 22900000,
        "incomeBeforeTax": 4300000,
        "incomeBeforeTaxRatio": 0.1557971014,
        "incomeTaxExpense": 2400000,
        "netIncome": 1900000,
        "netIncomeRatio": 0.0688405797,
        "eps": 0.0194,
        "epsdiluted": 0.0194,
        "weightedAverageShsOut": 97952000,
        "weightedAverageShsOutDil": 97952000,
        "link": null,
        "finalLink": null
    },
    {
        "date": "1991-06-30",
        "symbol": "HP",
        "reportedCurrency": "USD",
        "cik": "0000046765",
        "fillingDate": "1991-06-30",
        "acceptedDate": "1991-06-30 00:00:00",
        "calendarYear": "1991",
        "period": "Q3",
        "revenue": 44500000,
        "costOfRevenue": 25700000,
        "grossProfit": 18800000,
        "grossProfitRatio": 0.4224719101,
        "researchAndDevelopmentExpenses": 0,
        "generalAndAdministrativeExpenses": 0,
        "sellingAndMarketingExpenses": 0,
        "sellingGeneralAndAdministrativeExpenses": 1900000,
        "otherExpenses": 11700000,
        "operatingExpenses": 13600000,
        "costAndExpenses": 39300000,
        "interestIncome": 0,
        "interestExpense": 0,
        "depreciationAndAmortization": 8600000,
        "ebitda": 13800000,
        "ebitdaratio": 0.3101123596,
        "operatingIncome": 5200000,
        "operatingIncomeRatio": 0.1168539326,
        "totalOtherIncomeExpensesNet": -400000,
        "incomeBeforeTax": 4800000,
        "incomeBeforeTaxRatio": 0.1078651685,
        "incomeTaxExpense": 2100000,
        "netIncome": 2700000,
        "netIncomeRatio": 0.0606741573,
        "eps": 0.0075,
        "epsdiluted": 0.0075,
        "weightedAverageShsOut": 97952000,
        "weightedAverageShsOutDil": 97952000,
        "link": null,
        "finalLink": null
    },
    {
        "date": "1991-03-31",
        "symbol": "HP",
        "reportedCurrency": "USD",
        "cik": "0000046765",
        "fillingDate": "1991-03-31",
        "acceptedDate": "1991-03-31 00:00:00",
        "calendarYear": "1991",
        "period": "Q2",
        "revenue": 51500000,
        "costOfRevenue": 31700000,
        "grossProfit": 19800000,
        "grossProfitRatio": 0.3844660194,
        "researchAndDevelopmentExpenses": 0,
        "generalAndAdministrativeExpenses": 0,
        "sellingAndMarketingExpenses": 0,
        "sellingGeneralAndAdministrativeExpenses": 2200000,
        "otherExpenses": 13300000,
        "operatingExpenses": 15500000,
        "costAndExpenses": 47200000,
        "interestIncome": 0,
        "interestExpense": 0,
        "depreciationAndAmortization": 10200000,
        "ebitda": 14500000,
        "ebitdaratio": 0.2815533981,
        "operatingIncome": 4300000,
        "operatingIncomeRatio": 0.0834951456,
        "totalOtherIncomeExpensesNet": -600000,
        "incomeBeforeTax": 3700000,
        "incomeBeforeTaxRatio": 0.0718446602,
        "incomeTaxExpense": 800000,
        "netIncome": 2900000,
        "netIncomeRatio": 0.0563106796,
        "eps": 0.0075,
        "epsdiluted": 0.0075,
        "weightedAverageShsOut": 97948000,
        "weightedAverageShsOutDil": 97948000,
        "link": null,
        "finalLink": null
    },
    {
        "date": "1990-12-31",
        "symbol": "HP",
        "reportedCurrency": "USD",
        "cik": "0000046765",
        "fillingDate": "1990-12-31",
        "acceptedDate": "1990-12-31 00:00:00",
        "calendarYear": "1991",
        "period": "Q1",
        "revenue": 66900000,
        "costOfRevenue": 30000000,
        "grossProfit": 36900000,
        "grossProfitRatio": 0.5515695067,
        "researchAndDevelopmentExpenses": 0,
        "generalAndAdministrativeExpenses": 0,
        "sellingAndMarketingExpenses": 0,
        "sellingGeneralAndAdministrativeExpenses": 2100000,
        "otherExpenses": 13800000,
        "operatingExpenses": 15900000,
        "costAndExpenses": 45900000,
        "interestIncome": 0,
        "interestExpense": 0,
        "depreciationAndAmortization": 10200000,
        "ebitda": 31200000,
        "ebitdaratio": 0.466367713,
        "operatingIncome": 21000000,
        "operatingIncomeRatio": 0.3139013453,
        "totalOtherIncomeExpensesNet": -300000,
        "incomeBeforeTax": 20700000,
        "incomeBeforeTaxRatio": 0.3094170404,
        "incomeTaxExpense": 7000000,
        "netIncome": 13700000,
        "netIncomeRatio": 0.2047832586,
        "eps": 0.0363,
        "epsdiluted": 0.0363,
        "weightedAverageShsOut": 97948000,
        "weightedAverageShsOutDil": 97948000,
        "link": null,
        "finalLink": null
    },
    {
        "date": "1990-09-30",
        "symbol": "HP",
        "reportedCurrency": "USD",
        "cik": "0000046765",
        "fillingDate": "1990-09-30",
        "acceptedDate": "1990-09-30 00:00:00",
        "calendarYear": "1990",
        "period": "Q4",
        "revenue": 59300000,
        "costOfRevenue": 31100000,
        "grossProfit": 28200000,
        "grossProfitRatio": 0.4755480607,
        "researchAndDevelopmentExpenses": 0,
        "generalAndAdministrativeExpenses": 0,
        "sellingAndMarketingExpenses": 0,
        "sellingGeneralAndAdministrativeExpenses": 1800000,
        "otherExpenses": 14100000,
        "operatingExpenses": 15900000,
        "costAndExpenses": 47000000,
        "interestIncome": 0,
        "interestExpense": 0,
        "depreciationAndAmortization": 10100000,
        "ebitda": 22400000,
        "ebitdaratio": 0.3777403035,
        "operatingIncome": 12300000,
        "operatingIncomeRatio": 0.2074198988,
        "totalOtherIncomeExpensesNet": 800000,
        "incomeBeforeTax": 13100000,
        "incomeBeforeTaxRatio": 0.2209106239,
        "incomeTaxExpense": 2900000,
        "netIncome": 10200000,
        "netIncomeRatio": 0.1720067454,
        "eps": 0.1,
        "epsdiluted": 0.1,
        "weightedAverageShsOut": 97940000,
        "weightedAverageShsOutDil": 97940000,
        "link": null,
        "finalLink": null
    },
    {
        "date": "1990-06-30",
        "symbol": "HP",
        "reportedCurrency": "USD",
        "cik": "0000046765",
        "fillingDate": "1990-06-30",
        "acceptedDate": "1990-06-30 00:00:00",
        "calendarYear": "1990",
        "period": "Q3",
        "revenue": 47100000,
        "costOfRevenue": 28500000,
        "grossProfit": 18600000,
        "grossProfitRatio": 0.3949044586,
        "researchAndDevelopmentExpenses": 0,
        "generalAndAdministrativeExpenses": 0,
        "sellingAndMarketingExpenses": 0,
        "sellingGeneralAndAdministrativeExpenses": 1400000,
        "otherExpenses": 12400000,
        "operatingExpenses": 13800000,
        "costAndExpenses": 42300000,
        "interestIncome": 0,
        "interestExpense": 0,
        "depreciationAndAmortization": 9900000,
        "ebitda": 14700000,
        "ebitdaratio": 0.3121019108,
        "operatingIncome": 4800000,
        "operatingIncomeRatio": 0.101910828,
        "totalOtherIncomeExpensesNet": 3300000,
        "incomeBeforeTax": 8100000,
        "incomeBeforeTaxRatio": 0.1719745223,
        "incomeTaxExpense": 2500000,
        "netIncome": 5600000,
        "netIncomeRatio": 0.118895966,
        "eps": 0.015,
        "epsdiluted": 0.015,
        "weightedAverageShsOut": 97940000,
        "weightedAverageShsOutDil": 97940000,
        "link": null,
        "finalLink": null
    },
    {
        "date": "1990-03-31",
        "symbol": "HP",
        "reportedCurrency": "USD",
        "cik": "0000046765",
        "fillingDate": "1990-03-31",
        "acceptedDate": "1990-03-31 00:00:00",
        "calendarYear": "1990",
        "period": "Q2",
        "revenue": 51700000,
        "costOfRevenue": 24300000,
        "grossProfit": 27400000,
        "grossProfitRatio": 0.5299806576,
        "researchAndDevelopmentExpenses": 0,
        "generalAndAdministrativeExpenses": 0,
        "sellingAndMarketingExpenses": 0,
        "sellingGeneralAndAdministrativeExpenses": 2100000,
        "otherExpenses": 13200000,
        "operatingExpenses": 15300000,
        "costAndExpenses": 39600000,
        "interestIncome": 0,
        "interestExpense": 0,
        "depreciationAndAmortization": 10100000,
        "ebitda": 22200000,
        "ebitdaratio": 0.4294003868,
        "operatingIncome": 12100000,
        "operatingIncomeRatio": 0.2340425532,
        "totalOtherIncomeExpensesNet": -1100000,
        "incomeBeforeTax": 11000000,
        "incomeBeforeTaxRatio": 0.2127659574,
        "incomeTaxExpense": 4200000,
        "netIncome": 6800000,
        "netIncomeRatio": 0.1315280464,
        "eps": 0.0188,
        "epsdiluted": 0.0188,
        "weightedAverageShsOut": 96720000,
        "weightedAverageShsOutDil": 96720000,
        "link": null,
        "finalLink": null
    },
    {
        "date": "1989-12-31",
        "symbol": "HP",
        "reportedCurrency": "USD",
        "cik": "0000046765",
        "fillingDate": "1989-12-31",
        "acceptedDate": "1989-12-31 00:00:00",
        "calendarYear": "1990",
        "period": "Q1",
        "revenue": 80400000,
        "costOfRevenue": 25200000,
        "grossProfit": 55200000,
        "grossProfitRatio": 0.6865671642,
        "researchAndDevelopmentExpenses": 0,
        "generalAndAdministrativeExpenses": 0,
        "sellingAndMarketingExpenses": 0,
        "sellingGeneralAndAdministrativeExpenses": 1500000,
        "otherExpenses": 15200000,
        "operatingExpenses": 16700000,
        "costAndExpenses": 41900000,
        "interestIncome": 0,
        "interestExpense": 0,
        "depreciationAndAmortization": 11500000,
        "ebitda": 50000000,
        "ebitdaratio": 0.6218905473,
        "operatingIncome": 38500000,
        "operatingIncomeRatio": 0.4788557214,
        "totalOtherIncomeExpensesNet": -800000,
        "incomeBeforeTax": 37700000,
        "incomeBeforeTaxRatio": 0.4689054726,
        "incomeTaxExpense": 12600000,
        "netIncome": 25100000,
        "netIncomeRatio": 0.3121890547,
        "eps": 0.065,
        "epsdiluted": 0.065,
        "weightedAverageShsOut": 96704000,
        "weightedAverageShsOutDil": 96704000,
        "link": null,
        "finalLink": null
    },
    {
        "date": "1989-09-30",
        "symbol": "HP",
        "reportedCurrency": "USD",
        "cik": "0000046765",
        "fillingDate": "1989-09-30",
        "acceptedDate": "1989-09-30 00:00:00",
        "calendarYear": "1989",
        "period": "Q4",
        "revenue": 42900000,
        "costOfRevenue": 20100000,
        "grossProfit": 22800000,
        "grossProfitRatio": 0.5314685315,
        "researchAndDevelopmentExpenses": 0,
        "generalAndAdministrativeExpenses": 0,
        "sellingAndMarketingExpenses": 0,
        "sellingGeneralAndAdministrativeExpenses": 200000,
        "otherExpenses": 12200000,
        "operatingExpenses": 12400000,
        "costAndExpenses": 32500000,
        "interestIncome": 0,
        "interestExpense": 0,
        "depreciationAndAmortization": 9800000,
        "ebitda": 20200000,
        "ebitdaratio": 0.4708624709,
        "operatingIncome": 10400000,
        "operatingIncomeRatio": 0.2424242424,
        "totalOtherIncomeExpensesNet": -1100000,
        "incomeBeforeTax": 9300000,
        "incomeBeforeTaxRatio": 0.2167832168,
        "incomeTaxExpense": 2900000,
        "netIncome": 6400000,
        "netIncomeRatio": 0.1491841492,
        "eps": 0.0662,
        "epsdiluted": 0.0662,
        "weightedAverageShsOut": 96668000,
        "weightedAverageShsOutDil": 96668000,
        "link": null,
        "finalLink": null
    },
    {
        "date": "1989-06-30",
        "symbol": "HP",
        "reportedCurrency": "USD",
        "cik": "0000046765",
        "fillingDate": "1989-06-30",
        "acceptedDate": "1989-06-29 20:00:00",
        "calendarYear": "1989",
        "period": "Q3",
        "revenue": 43800000,
        "costOfRevenue": 20200000,
        "grossProfit": 23600000,
        "grossProfitRatio": 0.5388127854,
        "researchAndDevelopmentExpenses": 0,
        "generalAndAdministrativeExpenses": 0,
        "sellingAndMarketingExpenses": 0,
        "sellingGeneralAndAdministrativeExpenses": 1200000,
        "otherExpenses": 12800000,
        "operatingExpenses": 14000000,
        "costAndExpenses": 34200000,
        "interestIncome": 0,
        "interestExpense": 0,
        "depreciationAndAmortization": 10300000,
        "ebitda": 19900000,
        "ebitdaratio": 0.4543378995,
        "operatingIncome": 9600000,
        "operatingIncomeRatio": 0.2191780822,
        "totalOtherIncomeExpensesNet": -1200000,
        "incomeBeforeTax": 8400000,
        "incomeBeforeTaxRatio": 0.1917808219,
        "incomeTaxExpense": 2600000,
        "netIncome": 5800000,
        "netIncomeRatio": 0.1324200913,
        "eps": 0.015,
        "epsdiluted": 0.015,
        "weightedAverageShsOut": 96668000,
        "weightedAverageShsOutDil": 96668000,
        "link": "",
        "finalLink": ""
    },
    {
        "date": "1989-03-31",
        "symbol": "HP",
        "reportedCurrency": "USD",
        "cik": "0000046765",
        "fillingDate": "1989-03-31",
        "acceptedDate": "1989-03-30 19:00:00",
        "calendarYear": "1989",
        "period": "Q2",
        "revenue": 44000000,
        "costOfRevenue": 0,
        "grossProfit": 44000000,
        "grossProfitRatio": 1,
        "researchAndDevelopmentExpenses": 0,
        "generalAndAdministrativeExpenses": 0,
        "sellingAndMarketingExpenses": 0,
        "sellingGeneralAndAdministrativeExpenses": 0,
        "otherExpenses": 0,
        "operatingExpenses": 0,
        "costAndExpenses": 0,
        "interestIncome": 0,
        "interestExpense": 0,
        "depreciationAndAmortization": 0,
        "ebitda": 44000000,
        "ebitdaratio": 1,
        "operatingIncome": 44000000,
        "operatingIncomeRatio": 1,
        "totalOtherIncomeExpensesNet": -44000000,
        "incomeBeforeTax": 0,
        "incomeBeforeTaxRatio": 0,
        "incomeTaxExpense": 0,
        "netIncome": 5400000,
        "netIncomeRatio": 0.1227272727,
        "eps": 0.0138,
        "epsdiluted": 0.0138,
        "weightedAverageShsOut": 96664000,
        "weightedAverageShsOutDil": 96664000,
        "link": "",
        "finalLink": ""
    },
    {
        "date": "1988-12-31",
        "symbol": "HP",
        "reportedCurrency": "USD",
        "cik": "0000046765",
        "fillingDate": "1988-12-31",
        "acceptedDate": "1988-12-30 19:00:00",
        "calendarYear": "1989",
        "period": "Q1",
        "revenue": 40500000,
        "costOfRevenue": 0,
        "grossProfit": 40500000,
        "grossProfitRatio": 1,
        "researchAndDevelopmentExpenses": 0,
        "generalAndAdministrativeExpenses": 0,
        "sellingAndMarketingExpenses": 0,
        "sellingGeneralAndAdministrativeExpenses": 0,
        "otherExpenses": 0,
        "operatingExpenses": 0,
        "costAndExpenses": 0,
        "interestIncome": 0,
        "interestExpense": 0,
        "depreciationAndAmortization": 0,
        "ebitda": 40500000,
        "ebitdaratio": 1,
        "operatingIncome": 40500000,
        "operatingIncomeRatio": 1,
        "totalOtherIncomeExpensesNet": -40500000,
        "incomeBeforeTax": 0,
        "incomeBeforeTaxRatio": 0,
        "incomeTaxExpense": 0,
        "netIncome": 5100000,
        "netIncomeRatio": 0.1259259259,
        "eps": 0.0138,
        "epsdiluted": 0.0138,
        "weightedAverageShsOut": 96748000,
        "weightedAverageShsOutDil": 96748000,
        "link": "",
        "finalLink": ""
    },
    {
        "date": "1988-09-30",
        "symbol": "HP",
        "reportedCurrency": "USD",
        "cik": "0000046765",
        "fillingDate": "1988-09-30",
        "acceptedDate": "1988-09-29 20:00:00",
        "calendarYear": "1988",
        "period": "Q4",
        "revenue": 37100000,
        "costOfRevenue": 0,
        "grossProfit": 37100000,
        "grossProfitRatio": 1,
        "researchAndDevelopmentExpenses": 0,
        "generalAndAdministrativeExpenses": 0,
        "sellingAndMarketingExpenses": 0,
        "sellingGeneralAndAdministrativeExpenses": 0,
        "otherExpenses": -123100000,
        "operatingExpenses": -123100000,
        "costAndExpenses": -123100000,
        "interestIncome": 0,
        "interestExpense": 0,
        "depreciationAndAmortization": 0,
        "ebitda": -86000000,
        "ebitdaratio": -2.3180592992,
        "operatingIncome": -86000000,
        "operatingIncomeRatio": -2.3180592992,
        "totalOtherIncomeExpensesNet": 86000000,
        "incomeBeforeTax": 0,
        "incomeBeforeTaxRatio": 0,
        "incomeTaxExpense": 0,
        "netIncome": 4200000,
        "netIncomeRatio": 0.1132075472,
        "eps": 0.045,
        "epsdiluted": 0.045,
        "weightedAverageShsOut": 96660000,
        "weightedAverageShsOutDil": 96660000,
        "link": "",
        "finalLink": ""
    },
    {
        "date": "1988-06-30",
        "symbol": "HP",
        "reportedCurrency": "USD",
        "cik": "0000046765",
        "fillingDate": "1988-06-30",
        "acceptedDate": "1988-06-29 20:00:00",
        "calendarYear": "1988",
        "period": "Q3",
        "revenue": 38400000,
        "costOfRevenue": 0,
        "grossProfit": 38400000,
        "grossProfitRatio": 1,
        "researchAndDevelopmentExpenses": 0,
        "generalAndAdministrativeExpenses": 0,
        "sellingAndMarketingExpenses": 0,
        "sellingGeneralAndAdministrativeExpenses": 0,
        "otherExpenses": 0,
        "operatingExpenses": 0,
        "costAndExpenses": 0,
        "interestIncome": 0,
        "interestExpense": 0,
        "depreciationAndAmortization": 0,
        "ebitda": 38400000,
        "ebitdaratio": 1,
        "operatingIncome": 38400000,
        "operatingIncomeRatio": 1,
        "totalOtherIncomeExpensesNet": -38400000,
        "incomeBeforeTax": 0,
        "incomeBeforeTaxRatio": 0,
        "incomeTaxExpense": 0,
        "netIncome": 5300000,
        "netIncomeRatio": 0.1380208333,
        "eps": 0.0138,
        "epsdiluted": 0.0138,
        "weightedAverageShsOut": 96660000,
        "weightedAverageShsOutDil": 96660000,
        "link": "",
        "finalLink": ""
    },
    {
        "date": "1988-03-31",
        "symbol": "HP",
        "reportedCurrency": "USD",
        "cik": "0000046765",
        "fillingDate": "1988-03-31",
        "acceptedDate": "1988-03-30 19:00:00",
        "calendarYear": "1988",
        "period": "Q2",
        "revenue": 41900000,
        "costOfRevenue": 0,
        "grossProfit": 41900000,
        "grossProfitRatio": 1,
        "researchAndDevelopmentExpenses": 0,
        "generalAndAdministrativeExpenses": 0,
        "sellingAndMarketingExpenses": 0,
        "sellingGeneralAndAdministrativeExpenses": 0,
        "otherExpenses": 0,
        "operatingExpenses": 0,
        "costAndExpenses": 0,
        "interestIncome": 0,
        "interestExpense": 0,
        "depreciationAndAmortization": 0,
        "ebitda": 41900000,
        "ebitdaratio": 1,
        "operatingIncome": 41900000,
        "operatingIncomeRatio": 1,
        "totalOtherIncomeExpensesNet": -41900000,
        "incomeBeforeTax": 0,
        "incomeBeforeTaxRatio": 0,
        "incomeTaxExpense": 0,
        "netIncome": 5700000,
        "netIncomeRatio": 0.1360381862,
        "eps": 0.015,
        "epsdiluted": 0.015,
        "weightedAverageShsOut": 96656000,
        "weightedAverageShsOutDil": 96656000,
        "link": "",
        "finalLink": ""
    },
    {
        "date": "1987-12-31",
        "symbol": "HP",
        "reportedCurrency": "USD",
        "cik": "0000046765",
        "fillingDate": "1987-12-31",
        "acceptedDate": "1987-12-30 19:00:00",
        "calendarYear": "1988",
        "period": "Q1",
        "revenue": 38500000,
        "costOfRevenue": 0,
        "grossProfit": 38500000,
        "grossProfitRatio": 1,
        "researchAndDevelopmentExpenses": 0,
        "generalAndAdministrativeExpenses": 0,
        "sellingAndMarketingExpenses": 0,
        "sellingGeneralAndAdministrativeExpenses": 0,
        "otherExpenses": 0,
        "operatingExpenses": 0,
        "costAndExpenses": 0,
        "interestIncome": 0,
        "interestExpense": 0,
        "depreciationAndAmortization": 0,
        "ebitda": 38500000,
        "ebitdaratio": 1,
        "operatingIncome": 38500000,
        "operatingIncomeRatio": 1,
        "totalOtherIncomeExpensesNet": -38500000,
        "incomeBeforeTax": 0,
        "incomeBeforeTaxRatio": 0,
        "incomeTaxExpense": 0,
        "netIncome": 4900000,
        "netIncomeRatio": 0.1272727273,
        "eps": 0.0125,
        "epsdiluted": 0.0125,
        "weightedAverageShsOut": 96748000,
        "weightedAverageShsOutDil": 96748000,
        "link": "",
        "finalLink": ""
    },
    {
        "date": "1987-09-30",
        "symbol": "HP",
        "reportedCurrency": "USD",
        "cik": "0000046765",
        "fillingDate": "1987-09-30",
        "acceptedDate": "1987-09-29 20:00:00",
        "calendarYear": "1987",
        "period": "Q4",
        "revenue": 35100000,
        "costOfRevenue": 0,
        "grossProfit": 35100000,
        "grossProfitRatio": 1,
        "researchAndDevelopmentExpenses": 0,
        "generalAndAdministrativeExpenses": 0,
        "sellingAndMarketingExpenses": 0,
        "sellingGeneralAndAdministrativeExpenses": 0,
        "otherExpenses": -115100000,
        "operatingExpenses": -115100000,
        "costAndExpenses": -115100000,
        "interestIncome": 0,
        "interestExpense": 0,
        "depreciationAndAmortization": 0,
        "ebitda": -80000000,
        "ebitdaratio": -2.2792022792,
        "operatingIncome": -80000000,
        "operatingIncomeRatio": -2.2792022792,
        "totalOtherIncomeExpensesNet": 80000000,
        "incomeBeforeTax": 0,
        "incomeBeforeTaxRatio": 0,
        "incomeTaxExpense": 0,
        "netIncome": 2700000,
        "netIncomeRatio": 0.0769230769,
        "eps": 0.03,
        "epsdiluted": 0.03,
        "weightedAverageShsOut": 96748000,
        "weightedAverageShsOutDil": 96748000,
        "link": "",
        "finalLink": ""
    },
    {
        "date": "1987-06-30",
        "symbol": "HP",
        "reportedCurrency": "USD",
        "cik": "0000046765",
        "fillingDate": "1987-06-30",
        "acceptedDate": "1987-06-29 20:00:00",
        "calendarYear": "1987",
        "period": "Q3",
        "revenue": 37300000,
        "costOfRevenue": 0,
        "grossProfit": 37300000,
        "grossProfitRatio": 1,
        "researchAndDevelopmentExpenses": 0,
        "generalAndAdministrativeExpenses": 0,
        "sellingAndMarketingExpenses": 0,
        "sellingGeneralAndAdministrativeExpenses": 0,
        "otherExpenses": 0,
        "operatingExpenses": 0,
        "costAndExpenses": 0,
        "interestIncome": 0,
        "interestExpense": 0,
        "depreciationAndAmortization": 0,
        "ebitda": 37300000,
        "ebitdaratio": 1,
        "operatingIncome": 37300000,
        "operatingIncomeRatio": 1,
        "totalOtherIncomeExpensesNet": -37300000,
        "incomeBeforeTax": 0,
        "incomeBeforeTaxRatio": 0,
        "incomeTaxExpense": 0,
        "netIncome": 3900000,
        "netIncomeRatio": 0.1045576408,
        "eps": 0.01,
        "epsdiluted": 0.01,
        "weightedAverageShsOut": 96748000,
        "weightedAverageShsOutDil": 96748000,
        "link": "",
        "finalLink": ""
    },
    {
        "date": "1987-03-31",
        "symbol": "HP",
        "reportedCurrency": "USD",
        "cik": "0000046765",
        "fillingDate": "1987-03-31",
        "acceptedDate": "1987-03-30 19:00:00",
        "calendarYear": "1987",
        "period": "Q2",
        "revenue": 40200000,
        "costOfRevenue": 0,
        "grossProfit": 40200000,
        "grossProfitRatio": 1,
        "researchAndDevelopmentExpenses": 0,
        "generalAndAdministrativeExpenses": 0,
        "sellingAndMarketingExpenses": 0,
        "sellingGeneralAndAdministrativeExpenses": 0,
        "otherExpenses": 0,
        "operatingExpenses": 0,
        "costAndExpenses": 0,
        "interestIncome": 0,
        "interestExpense": 0,
        "depreciationAndAmortization": 0,
        "ebitda": 40200000,
        "ebitdaratio": 1,
        "operatingIncome": 40200000,
        "operatingIncomeRatio": 1,
        "totalOtherIncomeExpensesNet": -40200000,
        "incomeBeforeTax": 0,
        "incomeBeforeTaxRatio": 0,
        "incomeTaxExpense": 0,
        "netIncome": 5000000,
        "netIncomeRatio": 0.1243781095,
        "eps": 0.0138,
        "epsdiluted": 0.0138,
        "weightedAverageShsOut": 96748000,
        "weightedAverageShsOutDil": 96748000,
        "link": "",
        "finalLink": ""
    },
    {
        "date": "1986-12-31",
        "symbol": "HP",
        "reportedCurrency": "USD",
        "cik": "0000046765",
        "fillingDate": "1986-12-31",
        "acceptedDate": "1986-12-30 19:00:00",
        "calendarYear": "1987",
        "period": "Q1",
        "revenue": 41300000,
        "costOfRevenue": 0,
        "grossProfit": 41300000,
        "grossProfitRatio": 1,
        "researchAndDevelopmentExpenses": 0,
        "generalAndAdministrativeExpenses": 0,
        "sellingAndMarketingExpenses": 0,
        "sellingGeneralAndAdministrativeExpenses": 0,
        "otherExpenses": 0,
        "operatingExpenses": 0,
        "costAndExpenses": 0,
        "interestIncome": 0,
        "interestExpense": 0,
        "depreciationAndAmortization": 0,
        "ebitda": 41300000,
        "ebitdaratio": 1,
        "operatingIncome": 41300000,
        "operatingIncomeRatio": 1,
        "totalOtherIncomeExpensesNet": -41300000,
        "incomeBeforeTax": 0,
        "incomeBeforeTaxRatio": 0,
        "incomeTaxExpense": 0,
        "netIncome": 10500000,
        "netIncomeRatio": 0.2542372881,
        "eps": 0.0275,
        "epsdiluted": 0.0275,
        "weightedAverageShsOut": 96748000,
        "weightedAverageShsOutDil": 96748000,
        "link": "",
        "finalLink": ""
    },
    {
        "date": "1986-09-30",
        "symbol": "HP",
        "reportedCurrency": "USD",
        "cik": "0000046765",
        "fillingDate": "1986-09-30",
        "acceptedDate": "1986-09-29 20:00:00",
        "calendarYear": "1986",
        "period": "Q4",
        "revenue": 30300000,
        "costOfRevenue": 0,
        "grossProfit": 30300000,
        "grossProfitRatio": 1,
        "researchAndDevelopmentExpenses": 0,
        "generalAndAdministrativeExpenses": 0,
        "sellingAndMarketingExpenses": 0,
        "sellingGeneralAndAdministrativeExpenses": 0,
        "otherExpenses": -149400000,
        "operatingExpenses": -149400000,
        "costAndExpenses": -149400000,
        "interestIncome": 0,
        "interestExpense": 0,
        "depreciationAndAmortization": 0,
        "ebitda": -119100000,
        "ebitdaratio": -3.9306930693,
        "operatingIncome": -119100000,
        "operatingIncomeRatio": -3.9306930693,
        "totalOtherIncomeExpensesNet": 119100000,
        "incomeBeforeTax": 0,
        "incomeBeforeTaxRatio": 0,
        "incomeTaxExpense": 0,
        "netIncome": -2700000,
        "netIncomeRatio": -0.0891089109,
        "eps": -0.03,
        "epsdiluted": -0.03,
        "weightedAverageShsOut": 100584000,
        "weightedAverageShsOutDil": 100584000,
        "link": "",
        "finalLink": ""
    },
    {
        "date": "1986-06-30",
        "symbol": "HP",
        "reportedCurrency": "USD",
        "cik": "0000046765",
        "fillingDate": "1986-06-30",
        "acceptedDate": "1986-06-29 20:00:00",
        "calendarYear": "1986",
        "period": "Q3",
        "revenue": 31000000,
        "costOfRevenue": 0,
        "grossProfit": 31000000,
        "grossProfitRatio": 1,
        "researchAndDevelopmentExpenses": 0,
        "generalAndAdministrativeExpenses": 0,
        "sellingAndMarketingExpenses": 0,
        "sellingGeneralAndAdministrativeExpenses": 0,
        "otherExpenses": 0,
        "operatingExpenses": 0,
        "costAndExpenses": 0,
        "interestIncome": 0,
        "interestExpense": 0,
        "depreciationAndAmortization": 0,
        "ebitda": 31000000,
        "ebitdaratio": 1,
        "operatingIncome": 31000000,
        "operatingIncomeRatio": 1,
        "totalOtherIncomeExpensesNet": -31000000,
        "incomeBeforeTax": 0,
        "incomeBeforeTaxRatio": 0,
        "incomeTaxExpense": 0,
        "netIncome": 1900000,
        "netIncomeRatio": 0.0612903226,
        "eps": 0.005,
        "epsdiluted": 0.005,
        "weightedAverageShsOut": 100584000,
        "weightedAverageShsOutDil": 100584000,
        "link": "",
        "finalLink": ""
    },
    {
        "date": "1986-03-31",
        "symbol": "HP",
        "reportedCurrency": "USD",
        "cik": "0000046765",
        "fillingDate": "1986-03-31",
        "acceptedDate": "1986-03-30 19:00:00",
        "calendarYear": "1986",
        "period": "Q2",
        "revenue": 44400000,
        "costOfRevenue": 0,
        "grossProfit": 44400000,
        "grossProfitRatio": 1,
        "researchAndDevelopmentExpenses": 0,
        "generalAndAdministrativeExpenses": 0,
        "sellingAndMarketingExpenses": 0,
        "sellingGeneralAndAdministrativeExpenses": 0,
        "otherExpenses": 0,
        "operatingExpenses": 0,
        "costAndExpenses": 0,
        "interestIncome": 0,
        "interestExpense": 0,
        "depreciationAndAmortization": 0,
        "ebitda": 44400000,
        "ebitdaratio": 1,
        "operatingIncome": 44400000,
        "operatingIncomeRatio": 1,
        "totalOtherIncomeExpensesNet": -44400000,
        "incomeBeforeTax": 0,
        "incomeBeforeTaxRatio": 0,
        "incomeTaxExpense": 0,
        "netIncome": 400000,
        "netIncomeRatio": 0.009009009,
        "eps": 0.0013,
        "epsdiluted": 0.0013,
        "weightedAverageShsOut": 100584000,
        "weightedAverageShsOutDil": 100584000,
        "link": "",
        "finalLink": ""
    },
    {
        "date": "1985-12-31",
        "symbol": "HP",
        "reportedCurrency": "USD",
        "cik": "0000046765",
        "fillingDate": "1985-12-31",
        "acceptedDate": "1985-12-30 19:00:00",
        "calendarYear": "1986",
        "period": "Q1",
        "revenue": 54800000,
        "costOfRevenue": 0,
        "grossProfit": 54800000,
        "grossProfitRatio": 1,
        "researchAndDevelopmentExpenses": 0,
        "generalAndAdministrativeExpenses": 0,
        "sellingAndMarketingExpenses": 0,
        "sellingGeneralAndAdministrativeExpenses": 0,
        "otherExpenses": 0,
        "operatingExpenses": 0,
        "costAndExpenses": 0,
        "interestIncome": 0,
        "interestExpense": 0,
        "depreciationAndAmortization": 0,
        "ebitda": 54800000,
        "ebitdaratio": 1,
        "operatingIncome": 54800000,
        "operatingIncomeRatio": 1,
        "totalOtherIncomeExpensesNet": -54800000,
        "incomeBeforeTax": 0,
        "incomeBeforeTaxRatio": 0,
        "incomeTaxExpense": 0,
        "netIncome": 7400000,
        "netIncomeRatio": 0.1350364964,
        "eps": 0.0188,
        "epsdiluted": 0.0188,
        "weightedAverageShsOut": 100584000,
        "weightedAverageShsOutDil": 100584000,
        "link": "",
        "finalLink": ""
    },
    {
        "date": "1985-09-30",
        "symbol": "HP",
        "reportedCurrency": "USD",
        "cik": "0000046765",
        "fillingDate": "1985-09-30",
        "acceptedDate": "1985-09-29 20:00:00",
        "calendarYear": "1985",
        "period": "Q4",
        "revenue": 22900000,
        "costOfRevenue": 0,
        "grossProfit": 22900000,
        "grossProfitRatio": 1,
        "researchAndDevelopmentExpenses": 0,
        "generalAndAdministrativeExpenses": 0,
        "sellingAndMarketingExpenses": 0,
        "sellingGeneralAndAdministrativeExpenses": 0,
        "otherExpenses": -160900000,
        "operatingExpenses": -160900000,
        "costAndExpenses": -160900000,
        "interestIncome": 0,
        "interestExpense": 0,
        "depreciationAndAmortization": 0,
        "ebitda": -138000000,
        "ebitdaratio": -6.0262008734,
        "operatingIncome": -138000000,
        "operatingIncomeRatio": -6.0262008734,
        "totalOtherIncomeExpensesNet": 138000000,
        "incomeBeforeTax": 0,
        "incomeBeforeTaxRatio": 0,
        "incomeTaxExpense": 0,
        "netIncome": 1300000,
        "netIncomeRatio": 0.056768559,
        "eps": 0.015,
        "epsdiluted": 0.015,
        "weightedAverageShsOut": 100584000,
        "weightedAverageShsOutDil": 100584000,
        "link": "",
        "finalLink": ""
    }
]