[
    {
        "date": "2023-06-30",
        "symbol": "HPH",
        "reportedCurrency": "CNY",
        "cik": "0001750264",
        "fillingDate": "2023-09-25",
        "acceptedDate": "2023-09-25 10:15:13",
        "calendarYear": "2023",
        "period": "Q4",
        "revenue": 48080525,
        "costOfRevenue": 7310667.37,
        "grossProfit": 40769858,
        "grossProfitRatio": 0.847949518,
        "researchAndDevelopmentExpenses": 0,
        "generalAndAdministrativeExpenses": 0,
        "sellingAndMarketingExpenses": 0,
        "sellingGeneralAndAdministrativeExpenses": 0,
        "otherExpenses": -67945580,
        "operatingExpenses": 67945580,
        "costAndExpenses": 69549617,
        "interestIncome": 4192453.73,
        "interestExpense": 0,
        "depreciationAndAmortization": 5706629.74,
        "ebitda": -21469084,
        "ebitdaratio": -0.4465234937,
        "operatingIncome": -27175699,
        "operatingIncomeRatio": -0.5652121935,
        "totalOtherIncomeExpensesNet": 25233089,
        "incomeBeforeTax": -1942610.34,
        "incomeBeforeTaxRatio": -0.0404032681,
        "incomeTaxExpense": 10725662,
        "netIncome": -12668280,
        "netIncomeRatio": -0.263480484,
        "eps": -0.32,
        "epsdiluted": -0.32,
        "weightedAverageShsOut": 40209784,
        "weightedAverageShsOutDil": 40209784,
        "link": "https://www.sec.gov/Archives/edgar/data/1750264/000121390023078965/0001213900-23-078965-index.htm",
        "finalLink": "https://www.sec.gov/Archives/edgar/data/1750264/000121390023078965/f20f2023_puyiinc.htm"
    },
    {
        "date": "2022-12-31",
        "symbol": "HPH",
        "reportedCurrency": "CNY",
        "cik": "0001750264",
        "fillingDate": "2023-03-20",
        "acceptedDate": "2023-03-20 08:30:43",
        "calendarYear": "2023",
        "period": "Q2",
        "revenue": 67147298,
        "costOfRevenue": 14327517,
        "grossProfit": 52819781,
        "grossProfitRatio": 0.7866255616,
        "researchAndDevelopmentExpenses": 0,
        "generalAndAdministrativeExpenses": 0,
        "sellingAndMarketingExpenses": 0,
        "sellingGeneralAndAdministrativeExpenses": 0,
        "otherExpenses": -90362181,
        "operatingExpenses": 90362181,
        "costAndExpenses": 104689699,
        "interestIncome": 4493229.18,
        "interestExpense": 0,
        "depreciationAndAmortization": 7541053.04,
        "ebitda": -30001340,
        "ebitdaratio": -0.4467989166,
        "operatingIncome": -37542427,
        "operatingIncomeRatio": -0.5591055503,
        "totalOtherIncomeExpensesNet": 5030020.41,
        "incomeBeforeTax": -32512407,
        "incomeBeforeTaxRatio": -0.4841953134,
        "incomeTaxExpense": -1647545.69,
        "netIncome": -30864854,
        "netIncomeRatio": -0.4596589129,
        "eps": -0.77,
        "epsdiluted": -0.77,
        "weightedAverageShsOut": 40209784,
        "weightedAverageShsOutDil": 40209784,
        "link": "https://www.sec.gov/Archives/edgar/data/1750264/000121390023021237/0001213900-23-021237-index.htm",
        "finalLink": "https://www.sec.gov/Archives/edgar/data/1750264/000121390023021237/ea175242ex99-1_puyiinc.htm"
    },
    {
        "date": "2022-06-30",
        "symbol": "HPH",
        "reportedCurrency": "CNY",
        "cik": "0001750264",
        "fillingDate": "2022-10-11",
        "acceptedDate": "2022-10-11 09:19:38",
        "calendarYear": "2022",
        "period": "Q4",
        "revenue": 90211890,
        "costOfRevenue": 12168854,
        "grossProfit": 78043036,
        "grossProfitRatio": 0.8651080916,
        "researchAndDevelopmentExpenses": 0,
        "generalAndAdministrativeExpenses": 0,
        "sellingAndMarketingExpenses": 0,
        "sellingGeneralAndAdministrativeExpenses": 0,
        "otherExpenses": -104589131,
        "operatingExpenses": 104589131,
        "costAndExpenses": 116757992,
        "interestIncome": 3500742.58,
        "interestExpense": 0,
        "depreciationAndAmortization": 367717.04,
        "ebitda": -26546108,
        "ebitdaratio": -0.2942639601,
        "operatingIncome": -26546114,
        "operatingIncomeRatio": -0.2942640266,
        "totalOtherIncomeExpensesNet": 6977718.9,
        "incomeBeforeTax": -19568395,
        "incomeBeforeTaxRatio": -0.2169159187,
        "incomeTaxExpense": 2580578.94,
        "netIncome": -22148974,
        "netIncomeRatio": -0.2455216713,
        "eps": -0.55,
        "epsdiluted": -0.55,
        "weightedAverageShsOut": 40209784,
        "weightedAverageShsOutDil": 40209784,
        "link": "https://www.sec.gov/Archives/edgar/data/1750264/000121390022063027/0001213900-22-063027-index.htm",
        "finalLink": "https://www.sec.gov/Archives/edgar/data/1750264/000121390022063027/f20f2022_puyiinc.htm"
    },
    {
        "date": "2021-12-31",
        "symbol": "HPH",
        "reportedCurrency": "CNY",
        "cik": "0001750264",
        "fillingDate": "2022-04-11",
        "acceptedDate": "2022-04-11 09:19:38",
        "calendarYear": "2022",
        "period": "Q2",
        "revenue": 98529110,
        "costOfRevenue": 21665146,
        "grossProfit": 76863964,
        "grossProfitRatio": 0.7801142627,
        "researchAndDevelopmentExpenses": 0,
        "generalAndAdministrativeExpenses": 102267000,
        "sellingAndMarketingExpenses": 126743000,
        "sellingGeneralAndAdministrativeExpenses": 229010000,
        "otherExpenses": 104589131,
        "operatingExpenses": 119383869,
        "costAndExpenses": 141049008,
        "interestIncome": 3973257.42,
        "interestExpense": 0,
        "depreciationAndAmortization": 19703282.96,
        "ebitda": -22448892,
        "ebitdaratio": -0.2278401987,
        "operatingIncome": -47556886,
        "operatingIncomeRatio": -0.4826683809,
        "totalOtherIncomeExpensesNet": 5533281.1,
        "incomeBeforeTax": -42023605,
        "incomeBeforeTaxRatio": -0.4265095361,
        "incomeTaxExpense": -3505578.94,
        "netIncome": -38518026,
        "netIncomeRatio": -0.3909304164,
        "eps": -0.96,
        "epsdiluted": -0.96,
        "weightedAverageShsOut": 40209784,
        "weightedAverageShsOutDil": 40209784,
        "link": null,
        "finalLink": null
    },
    {
        "date": "2021-06-30",
        "symbol": "HPH",
        "reportedCurrency": "CNY",
        "cik": "0001750264",
        "fillingDate": "2021-09-27",
        "acceptedDate": "2021-09-27 06:26:59",
        "calendarYear": "2021",
        "period": "Q4",
        "revenue": 95600000,
        "costOfRevenue": 22021500,
        "grossProfit": 73578500,
        "grossProfitRatio": 0.7696495816,
        "researchAndDevelopmentExpenses": 0,
        "generalAndAdministrativeExpenses": 45097000,
        "sellingAndMarketingExpenses": 65072500,
        "sellingGeneralAndAdministrativeExpenses": 110169500,
        "otherExpenses": 0,
        "operatingExpenses": 107824500,
        "costAndExpenses": 129846000,
        "interestIncome": 5459500,
        "interestExpense": 0,
        "depreciationAndAmortization": 6818500,
        "ebitda": -21968000,
        "ebitdaratio": -0.229790795,
        "operatingIncome": -36591000,
        "operatingIncomeRatio": -0.382751046,
        "totalOtherIncomeExpensesNet": 8754000,
        "incomeBeforeTax": -27837000,
        "incomeBeforeTaxRatio": -0.2911820084,
        "incomeTaxExpense": -4804000,
        "netIncome": -23185000,
        "netIncomeRatio": -0.2425209205,
        "eps": -0.57,
        "epsdiluted": -0.57,
        "weightedAverageShsOut": 40209784,
        "weightedAverageShsOutDil": 40209784,
        "link": "https://www.sec.gov/Archives/edgar/data/1750264/000121390021049907/0001213900-21-049907-index.htm",
        "finalLink": "https://www.sec.gov/Archives/edgar/data/1750264/000121390021049907/f20f2021_puyiinc.htm"
    },
    {
        "date": "2020-12-31",
        "symbol": "HPH",
        "reportedCurrency": "CNY",
        "cik": "0001750264",
        "fillingDate": "2020-12-31",
        "acceptedDate": "2020-12-31 00:00:00",
        "calendarYear": "2021",
        "period": "Q2",
        "revenue": 95600000,
        "costOfRevenue": 22021500,
        "grossProfit": 73578500,
        "grossProfitRatio": 0.7696495816,
        "researchAndDevelopmentExpenses": 0,
        "generalAndAdministrativeExpenses": 45097000,
        "sellingAndMarketingExpenses": 65072500,
        "sellingGeneralAndAdministrativeExpenses": 110169500,
        "otherExpenses": 0,
        "operatingExpenses": 107824500,
        "costAndExpenses": 129846000,
        "interestIncome": 5459500,
        "interestExpense": 0,
        "depreciationAndAmortization": 6818500,
        "ebitda": -21968000,
        "ebitdaratio": -0.229790795,
        "operatingIncome": -36591000,
        "operatingIncomeRatio": -0.382751046,
        "totalOtherIncomeExpensesNet": 8754000,
        "incomeBeforeTax": -27837000,
        "incomeBeforeTaxRatio": -0.2911820084,
        "incomeTaxExpense": -4804000,
        "netIncome": -23185000,
        "netIncomeRatio": -0.2425209205,
        "eps": -0.57,
        "epsdiluted": -0.57,
        "weightedAverageShsOut": 40209784,
        "weightedAverageShsOutDil": 40209784,
        "link": null,
        "finalLink": null
    },
    {
        "date": "2020-06-30",
        "symbol": "HPH",
        "reportedCurrency": "CNY",
        "cik": "0001750264",
        "fillingDate": "2020-09-28",
        "acceptedDate": "2020-09-28 06:36:06",
        "calendarYear": "2020",
        "period": "Q4",
        "revenue": 64741500,
        "costOfRevenue": 15879500,
        "grossProfit": 48862000,
        "grossProfitRatio": 0.7547245584,
        "researchAndDevelopmentExpenses": 0,
        "generalAndAdministrativeExpenses": 33587000,
        "sellingAndMarketingExpenses": 42037000,
        "sellingGeneralAndAdministrativeExpenses": 75624000,
        "otherExpenses": 0,
        "operatingExpenses": 73085500,
        "costAndExpenses": 88965000,
        "interestIncome": 5501500,
        "interestExpense": 0,
        "depreciationAndAmortization": 4558500,
        "ebitda": -14163500,
        "ebitdaratio": -0.2187700316,
        "operatingIncome": -26762000,
        "operatingIncomeRatio": -0.4133670057,
        "totalOtherIncomeExpensesNet": 8789500,
        "incomeBeforeTax": -17972500,
        "incomeBeforeTaxRatio": -0.2776040098,
        "incomeTaxExpense": -1197000,
        "netIncome": -16451500,
        "netIncomeRatio": -0.2541105782,
        "eps": -0.42,
        "epsdiluted": -0.42,
        "weightedAverageShsOut": 40209784,
        "weightedAverageShsOutDil": 40209784,
        "link": "https://www.sec.gov/Archives/edgar/data/1750264/000121390020028570/0001213900-20-028570-index.htm",
        "finalLink": "https://www.sec.gov/Archives/edgar/data/1750264/000121390020028570/f20f2020_puyiinc.htm"
    },
    {
        "date": "2019-12-31",
        "symbol": "HPH",
        "reportedCurrency": "CNY",
        "cik": "0001750264",
        "fillingDate": "2019-12-31",
        "acceptedDate": "2019-12-31 00:00:00",
        "calendarYear": "2020",
        "period": "Q2",
        "revenue": 64741500,
        "costOfRevenue": 15879500,
        "grossProfit": 48862000,
        "grossProfitRatio": 0.7547245584,
        "researchAndDevelopmentExpenses": 0,
        "generalAndAdministrativeExpenses": 33587000,
        "sellingAndMarketingExpenses": 42037000,
        "sellingGeneralAndAdministrativeExpenses": 75624000,
        "otherExpenses": 0,
        "operatingExpenses": 73085500,
        "costAndExpenses": 88965000,
        "interestIncome": 5501500,
        "interestExpense": 0,
        "depreciationAndAmortization": 4558500,
        "ebitda": -14163500,
        "ebitdaratio": -0.2187700316,
        "operatingIncome": -26762000,
        "operatingIncomeRatio": -0.4133670057,
        "totalOtherIncomeExpensesNet": 8789500,
        "incomeBeforeTax": -17972500,
        "incomeBeforeTaxRatio": -0.2776040098,
        "incomeTaxExpense": -1197000,
        "netIncome": -16451500,
        "netIncomeRatio": -0.2541105782,
        "eps": -0.42,
        "epsdiluted": -0.42,
        "weightedAverageShsOut": 40209784,
        "weightedAverageShsOutDil": 40209784,
        "link": null,
        "finalLink": null
    },
    {
        "date": "2019-06-30",
        "symbol": "HPH",
        "reportedCurrency": "CNY",
        "cik": "0001750264",
        "fillingDate": "2019-10-15",
        "acceptedDate": "2019-10-15 06:45:19",
        "calendarYear": "2019",
        "period": "Q4",
        "revenue": 101615500,
        "costOfRevenue": 15546000,
        "grossProfit": 86069500,
        "grossProfitRatio": 0.8470115288,
        "researchAndDevelopmentExpenses": 0,
        "generalAndAdministrativeExpenses": 24286000,
        "sellingAndMarketingExpenses": 33743500,
        "sellingGeneralAndAdministrativeExpenses": 58029500,
        "otherExpenses": 129500,
        "operatingExpenses": 57900000,
        "costAndExpenses": 73446000,
        "interestIncome": 2978000,
        "interestExpense": 524000,
        "depreciationAndAmortization": 871000,
        "ebitda": 32018500,
        "ebitdaratio": 0.315094646,
        "operatingIncome": 28040000,
        "operatingIncomeRatio": 0.2759421545,
        "totalOtherIncomeExpensesNet": 2669500,
        "incomeBeforeTax": 30709500,
        "incomeBeforeTaxRatio": 0.302212753,
        "incomeTaxExpense": 4698000,
        "netIncome": 26765500,
        "netIncomeRatio": 0.2633997766,
        "eps": 0.71,
        "epsdiluted": 0.71,
        "weightedAverageShsOut": 37776723,
        "weightedAverageShsOutDil": 37776723,
        "link": "https://www.sec.gov/Archives/edgar/data/1750264/000121390019020272/0001213900-19-020272-index.htm",
        "finalLink": "https://www.sec.gov/Archives/edgar/data/1750264/000121390019020272/f20f2019_puyiinc.htm"
    },
    {
        "date": "2018-12-31",
        "symbol": "HPH",
        "reportedCurrency": "CNY",
        "cik": "0001750264",
        "fillingDate": "2018-12-31",
        "acceptedDate": "2018-12-31 00:00:00",
        "calendarYear": "2019",
        "period": "Q2",
        "revenue": 101615500,
        "costOfRevenue": 15546000,
        "grossProfit": 86069500,
        "grossProfitRatio": 0.8470115288,
        "researchAndDevelopmentExpenses": 0,
        "generalAndAdministrativeExpenses": 24286000,
        "sellingAndMarketingExpenses": 33743500,
        "sellingGeneralAndAdministrativeExpenses": 58029500,
        "otherExpenses": 129500,
        "operatingExpenses": 57900000,
        "costAndExpenses": 73446000,
        "interestIncome": 2978000,
        "interestExpense": 524000,
        "depreciationAndAmortization": 871000,
        "ebitda": 32018500,
        "ebitdaratio": 0.315094646,
        "operatingIncome": 28040000,
        "operatingIncomeRatio": 0.2759421545,
        "totalOtherIncomeExpensesNet": 2669500,
        "incomeBeforeTax": 30709500,
        "incomeBeforeTaxRatio": 0.302212753,
        "incomeTaxExpense": 4698000,
        "netIncome": 26765500,
        "netIncomeRatio": 0.2633997766,
        "eps": 0.71,
        "epsdiluted": 0.71,
        "weightedAverageShsOut": 37776723,
        "weightedAverageShsOutDil": 37776723,
        "link": null,
        "finalLink": null
    },
    {
        "date": "2018-06-30",
        "symbol": "HPH",
        "reportedCurrency": "CNY",
        "cik": "0001750264",
        "fillingDate": "2018-06-30",
        "acceptedDate": "2018-06-30 00:00:00",
        "calendarYear": "2018",
        "period": "Q4",
        "revenue": 82905500,
        "costOfRevenue": 14412500,
        "grossProfit": 68493000,
        "grossProfitRatio": 0.8261574926,
        "researchAndDevelopmentExpenses": 0,
        "generalAndAdministrativeExpenses": 14311500,
        "sellingAndMarketingExpenses": 22735000,
        "sellingGeneralAndAdministrativeExpenses": 37046500,
        "otherExpenses": 100500,
        "operatingExpenses": 36946000,
        "costAndExpenses": 51358500,
        "interestIncome": 1820000,
        "interestExpense": 0,
        "depreciationAndAmortization": 932500,
        "ebitda": 34299500,
        "ebitdaratio": 0.4137180284,
        "operatingIncome": 31446500,
        "operatingIncomeRatio": 0.3793053537,
        "totalOtherIncomeExpensesNet": 4492500,
        "incomeBeforeTax": 35939000,
        "incomeBeforeTaxRatio": 0.4334935559,
        "incomeTaxExpense": 4130500,
        "netIncome": 32298000,
        "netIncomeRatio": 0.3895760836,
        "eps": 0.92,
        "epsdiluted": 0.86,
        "weightedAverageShsOut": 35555555,
        "weightedAverageShsOutDil": 37348266,
        "link": null,
        "finalLink": null
    },
    {
        "date": "2017-12-30",
        "symbol": "HPH",
        "reportedCurrency": "CNY",
        "cik": "0001750264",
        "fillingDate": "2017-12-30",
        "acceptedDate": "2017-12-30 00:00:00",
        "calendarYear": "2018",
        "period": "Q2",
        "revenue": 82905500,
        "costOfRevenue": 14412500,
        "grossProfit": 68493000,
        "grossProfitRatio": 0.8261574926,
        "researchAndDevelopmentExpenses": 0,
        "generalAndAdministrativeExpenses": 14311500,
        "sellingAndMarketingExpenses": 22735000,
        "sellingGeneralAndAdministrativeExpenses": 37046500,
        "otherExpenses": 100500,
        "operatingExpenses": 36946000,
        "costAndExpenses": 51358500,
        "interestIncome": 1820000,
        "interestExpense": 0,
        "depreciationAndAmortization": 932500,
        "ebitda": 34299500,
        "ebitdaratio": 0.4137180284,
        "operatingIncome": 31446500,
        "operatingIncomeRatio": 0.3793053537,
        "totalOtherIncomeExpensesNet": 4492500,
        "incomeBeforeTax": 35939000,
        "incomeBeforeTaxRatio": 0.4334935559,
        "incomeTaxExpense": 4130500,
        "netIncome": 32298000,
        "netIncomeRatio": 0.3895760836,
        "eps": 0.92,
        "epsdiluted": 0.86,
        "weightedAverageShsOut": 35555555,
        "weightedAverageShsOutDil": 37348266,
        "link": null,
        "finalLink": null
    },
    {
        "date": "2017-06-30",
        "symbol": "HPH",
        "reportedCurrency": "CNY",
        "cik": "0001750264",
        "fillingDate": "2017-06-30",
        "acceptedDate": "2017-06-30 00:00:00",
        "calendarYear": "2017",
        "period": "Q4",
        "revenue": 77845500,
        "costOfRevenue": 26698500,
        "grossProfit": 51147000,
        "grossProfitRatio": 0.6570321984,
        "researchAndDevelopmentExpenses": 0,
        "generalAndAdministrativeExpenses": 10044000,
        "sellingAndMarketingExpenses": 17484500,
        "sellingGeneralAndAdministrativeExpenses": 27528500,
        "otherExpenses": 421500,
        "operatingExpenses": 27107000,
        "costAndExpenses": 53805500,
        "interestIncome": 25500,
        "interestExpense": 1155500,
        "depreciationAndAmortization": 832500,
        "ebitda": 24898000,
        "ebitdaratio": 0.3198386548,
        "operatingIncome": 23618500,
        "operatingIncomeRatio": 0.3034022519,
        "totalOtherIncomeExpensesNet": 149000,
        "incomeBeforeTax": 23767500,
        "incomeBeforeTaxRatio": 0.3053162996,
        "incomeTaxExpense": 3820500,
        "netIncome": 18906500,
        "netIncomeRatio": 0.2428720992,
        "eps": 0.51,
        "epsdiluted": 0.51,
        "weightedAverageShsOut": 35555568,
        "weightedAverageShsOutDil": 37348266,
        "link": null,
        "finalLink": null
    },
    {
        "date": "2016-12-30",
        "symbol": "HPH",
        "reportedCurrency": "CNY",
        "cik": "0001750264",
        "fillingDate": "2016-12-30",
        "acceptedDate": "2016-12-30 00:00:00",
        "calendarYear": "2017",
        "period": "Q2",
        "revenue": 77845500,
        "costOfRevenue": 26698500,
        "grossProfit": 51147000,
        "grossProfitRatio": 0.6570321984,
        "researchAndDevelopmentExpenses": 0,
        "generalAndAdministrativeExpenses": 10044000,
        "sellingAndMarketingExpenses": 17484500,
        "sellingGeneralAndAdministrativeExpenses": 27528500,
        "otherExpenses": 421500,
        "operatingExpenses": 27107000,
        "costAndExpenses": 53805500,
        "interestIncome": 25500,
        "interestExpense": 1155500,
        "depreciationAndAmortization": 832500,
        "ebitda": 24898000,
        "ebitdaratio": 0.3198386548,
        "operatingIncome": 23618500,
        "operatingIncomeRatio": 0.3034022519,
        "totalOtherIncomeExpensesNet": 149000,
        "incomeBeforeTax": 23767500,
        "incomeBeforeTaxRatio": 0.3053162996,
        "incomeTaxExpense": 3820500,
        "netIncome": 18906500,
        "netIncomeRatio": 0.2428720992,
        "eps": 0.51,
        "epsdiluted": 0.51,
        "weightedAverageShsOut": 35555568,
        "weightedAverageShsOutDil": 37348266,
        "link": null,
        "finalLink": null
    }
]