[
    {
        "date": "2025-06-30",
        "symbol": "HRB",
        "reportedCurrency": "USD",
        "cik": "0000012659",
        "fillingDate": "2025-08-15",
        "acceptedDate": "2025-08-15 16:16:51",
        "calendarYear": "2025",
        "period": "Q4",
        "revenue": 1111011000,
        "costOfRevenue": 532929000,
        "grossProfit": 578082000,
        "grossProfitRatio": 0.5203206809,
        "researchAndDevelopmentExpenses": 0,
        "generalAndAdministrativeExpenses": 0,
        "sellingAndMarketingExpenses": 0,
        "sellingGeneralAndAdministrativeExpenses": 206803000,
        "otherExpenses": 0,
        "operatingExpenses": 206803000,
        "costAndExpenses": 739732000,
        "interestIncome": 0,
        "interestExpense": 15828000,
        "depreciationAndAmortization": 29580000,
        "ebitda": 413190000,
        "ebitdaratio": 0.3719045086,
        "operatingIncome": 371279000,
        "operatingIncomeRatio": 0.3341812097,
        "totalOtherIncomeExpensesNet": -3497000,
        "incomeBeforeTax": 367782000,
        "incomeBeforeTaxRatio": 0.3310336261,
        "incomeTaxExpense": 67373000,
        "netIncome": 299439000,
        "netIncomeRatio": 0.2695193837,
        "eps": 2.23,
        "epsdiluted": 2.2,
        "weightedAverageShsOut": 133947401,
        "weightedAverageShsOutDil": 135318000,
        "link": "https://www.sec.gov/Archives/edgar/data/12659/000160529725000016/0001605297-25-000016-index.htm",
        "finalLink": "https://www.sec.gov/Archives/edgar/data/12659/000160529725000016/hrb-20250630.htm"
    },
    {
        "date": "2025-03-31",
        "symbol": "HRB",
        "reportedCurrency": "USD",
        "cik": "0000012659",
        "fillingDate": "2025-05-07",
        "acceptedDate": "2025-05-07 16:52:55",
        "calendarYear": "2025",
        "period": "Q3",
        "revenue": 2277104000,
        "costOfRevenue": 969392000,
        "grossProfit": 1307712000,
        "grossProfitRatio": 0.5742873404,
        "researchAndDevelopmentExpenses": 0,
        "generalAndAdministrativeExpenses": 0,
        "sellingAndMarketingExpenses": 0,
        "sellingGeneralAndAdministrativeExpenses": 329399000,
        "otherExpenses": 0,
        "operatingExpenses": 329399000,
        "costAndExpenses": 1298791000,
        "interestIncome": 0,
        "interestExpense": 24686000,
        "depreciationAndAmortization": 29221000,
        "ebitda": 1012088000,
        "ebitdaratio": 0.4444627913,
        "operatingIncome": 978313000,
        "operatingIncomeRatio": 0.429630355,
        "totalOtherIncomeExpensesNet": -20132000,
        "incomeBeforeTax": 958181000,
        "incomeBeforeTaxRatio": 0.4207893008,
        "incomeTaxExpense": 235253000,
        "netIncome": 722330000,
        "netIncomeRatio": 0.3172143213,
        "eps": 5.38,
        "epsdiluted": 5.32,
        "weightedAverageShsOut": 135563000,
        "weightedAverageShsOutDil": 135563000,
        "link": "https://www.sec.gov/Archives/edgar/data/12659/000160529725000005/0001605297-25-000005-index.htm",
        "finalLink": "https://www.sec.gov/Archives/edgar/data/12659/000160529725000005/hrb-20250331.htm"
    },
    {
        "date": "2024-12-31",
        "symbol": "HRB",
        "reportedCurrency": "USD",
        "cik": "0000012659",
        "fillingDate": "2025-02-06",
        "acceptedDate": "2025-02-06 16:08:40",
        "calendarYear": "2025",
        "period": "Q2",
        "revenue": 179070000,
        "costOfRevenue": 314209000,
        "grossProfit": -135139000,
        "grossProfitRatio": -0.7546713576,
        "researchAndDevelopmentExpenses": 0,
        "generalAndAdministrativeExpenses": 0,
        "sellingAndMarketingExpenses": 0,
        "sellingGeneralAndAdministrativeExpenses": 158152000,
        "otherExpenses": 0,
        "operatingExpenses": 158152000,
        "costAndExpenses": 472361000,
        "interestIncome": 0,
        "interestExpense": 21752000,
        "depreciationAndAmortization": 29195000,
        "ebitda": -261352000,
        "ebitdaratio": -1.4594962864,
        "operatingIncome": -293291000,
        "operatingIncomeRatio": -1.6378567041,
        "totalOtherIncomeExpensesNet": -19008000,
        "incomeBeforeTax": -312299000,
        "incomeBeforeTaxRatio": -1.7440051377,
        "incomeTaxExpense": -69833000,
        "netIncome": -243420000,
        "netIncomeRatio": -1.3593566762,
        "eps": -1.8,
        "epsdiluted": -1.8,
        "weightedAverageShsOut": 135563000,
        "weightedAverageShsOutDil": 135563000,
        "link": "https://www.sec.gov/Archives/edgar/data/12659/000183886225000011/0001838862-25-000011-index.htm",
        "finalLink": "https://www.sec.gov/Archives/edgar/data/12659/000183886225000011/hrb-20241231.htm"
    },
    {
        "date": "2024-09-30",
        "symbol": "HRB",
        "reportedCurrency": "USD",
        "cik": "0000012659",
        "fillingDate": "2024-11-07",
        "acceptedDate": "2024-11-07 16:47:07",
        "calendarYear": "2025",
        "period": "Q1",
        "revenue": 193810000,
        "costOfRevenue": 269581000,
        "grossProfit": -75771000,
        "grossProfitRatio": -0.3909550591,
        "researchAndDevelopmentExpenses": 0,
        "generalAndAdministrativeExpenses": 0,
        "sellingAndMarketingExpenses": 0,
        "sellingGeneralAndAdministrativeExpenses": 152560000,
        "otherExpenses": 0,
        "operatingExpenses": 152560000,
        "costAndExpenses": 422141000,
        "interestIncome": 0,
        "interestExpense": 15847000,
        "depreciationAndAmortization": 28831000,
        "ebitda": -187583000,
        "ebitdaratio": -0.9678705949,
        "operatingIncome": -228331000,
        "operatingIncomeRatio": -1.1781177442,
        "totalOtherIncomeExpensesNet": -3930000,
        "incomeBeforeTax": -232261000,
        "incomeBeforeTaxRatio": -1.1983953356,
        "incomeTaxExpense": -60840000,
        "netIncome": -172576000,
        "netIncomeRatio": -0.8904390898,
        "eps": -1.23,
        "epsdiluted": -1.23,
        "weightedAverageShsOut": 139154000,
        "weightedAverageShsOutDil": 139154000,
        "link": "https://www.sec.gov/Archives/edgar/data/12659/000183886224000045/0001838862-24-000045-index.htm",
        "finalLink": "https://www.sec.gov/Archives/edgar/data/12659/000183886224000045/hrb-20240930.htm"
    },
    {
        "date": "2024-06-30",
        "symbol": "HRB",
        "reportedCurrency": "USD",
        "cik": "0000012659",
        "fillingDate": "2024-08-15",
        "acceptedDate": "2024-08-15 16:47:24",
        "calendarYear": "2024",
        "period": "Q4",
        "revenue": 1062630000,
        "costOfRevenue": 506373000,
        "grossProfit": 556257000,
        "grossProfitRatio": 0.5234719517,
        "researchAndDevelopmentExpenses": 0,
        "generalAndAdministrativeExpenses": 0,
        "sellingAndMarketingExpenses": 0,
        "sellingGeneralAndAdministrativeExpenses": 205426000,
        "otherExpenses": 0,
        "operatingExpenses": 205426000,
        "costAndExpenses": 711799000,
        "interestIncome": 0,
        "interestExpense": 15776000,
        "depreciationAndAmortization": 30780000,
        "ebitda": 396754000,
        "ebitdaratio": 0.3733698465,
        "operatingIncome": 350831000,
        "operatingIncomeRatio": 0.3301534871,
        "totalOtherIncomeExpensesNet": -633000,
        "incomeBeforeTax": 350198000,
        "incomeBeforeTaxRatio": 0.3295577953,
        "incomeTaxExpense": 91832000,
        "netIncome": 257817000,
        "netIncomeRatio": 0.2426216087,
        "eps": 1.82,
        "epsdiluted": 1.82,
        "weightedAverageShsOut": 141761000,
        "weightedAverageShsOutDil": 141761000,
        "link": "https://www.sec.gov/Archives/edgar/data/12659/000183886224000030/0001838862-24-000030-index.htm",
        "finalLink": "https://www.sec.gov/Archives/edgar/data/12659/000183886224000030/hrb-20240630.htm"
    },
    {
        "date": "2024-03-31",
        "symbol": "HRB",
        "reportedCurrency": "USD",
        "cik": "0000012659",
        "fillingDate": "2024-05-09",
        "acceptedDate": "2024-05-09 16:48:29",
        "calendarYear": "2024",
        "period": "Q3",
        "revenue": 2184834000,
        "costOfRevenue": 926008000,
        "grossProfit": 1258826000,
        "grossProfitRatio": 0.5761655119,
        "researchAndDevelopmentExpenses": 0,
        "generalAndAdministrativeExpenses": 0,
        "sellingAndMarketingExpenses": 0,
        "sellingGeneralAndAdministrativeExpenses": 330622000,
        "otherExpenses": 0,
        "operatingExpenses": 330622000,
        "costAndExpenses": 1256630000,
        "interestIncome": 0,
        "interestExpense": 26070000,
        "depreciationAndAmortization": 30673000,
        "ebitda": 964101000,
        "ebitdaratio": 0.44126968,
        "operatingIncome": 928204000,
        "operatingIncomeRatio": 0.4248395988,
        "totalOtherIncomeExpensesNet": -20846000,
        "incomeBeforeTax": 907358000,
        "incomeBeforeTaxRatio": 0.4152983705,
        "incomeTaxExpense": 215772000,
        "netIncome": 690737000,
        "netIncomeRatio": 0.3161507922,
        "eps": 4.93,
        "epsdiluted": 4.86,
        "weightedAverageShsOut": 139525000,
        "weightedAverageShsOutDil": 141540000,
        "link": "https://www.sec.gov/Archives/edgar/data/12659/000183886224000021/0001838862-24-000021-index.htm",
        "finalLink": "https://www.sec.gov/Archives/edgar/data/12659/000183886224000021/hrb-20240331.htm"
    },
    {
        "date": "2023-12-31",
        "symbol": "HRB",
        "reportedCurrency": "USD",
        "cik": "0000012659",
        "fillingDate": "2024-02-06",
        "acceptedDate": "2024-02-06 16:49:39",
        "calendarYear": "2024",
        "period": "Q2",
        "revenue": 179083000,
        "costOfRevenue": 299827000,
        "grossProfit": -120744000,
        "grossProfitRatio": -0.674234852,
        "researchAndDevelopmentExpenses": 0,
        "generalAndAdministrativeExpenses": 0,
        "sellingAndMarketingExpenses": 0,
        "sellingGeneralAndAdministrativeExpenses": 146688000,
        "otherExpenses": 0,
        "operatingExpenses": 146688000,
        "costAndExpenses": 446515000,
        "interestIncome": 0,
        "interestExpense": 21364000,
        "depreciationAndAmortization": 30106000,
        "ebitda": -231404000,
        "ebitdaratio": -1.2921606183,
        "operatingIncome": -267432000,
        "operatingIncomeRatio": -1.4933410765,
        "totalOtherIncomeExpensesNet": -15442000,
        "incomeBeforeTax": -282874000,
        "incomeBeforeTaxRatio": -1.57956925,
        "incomeTaxExpense": -93758000,
        "netIncome": -189755000,
        "netIncomeRatio": -1.0595924795,
        "eps": -1.33,
        "epsdiluted": -1.33,
        "weightedAverageShsOut": 142340000,
        "weightedAverageShsOutDil": 142340000,
        "link": "https://www.sec.gov/Archives/edgar/data/12659/000183886224000013/0001838862-24-000013-index.htm",
        "finalLink": "https://www.sec.gov/Archives/edgar/data/12659/000183886224000013/hrb-20231231.htm"
    },
    {
        "date": "2023-09-30",
        "symbol": "HRB",
        "reportedCurrency": "USD",
        "cik": "0000012659",
        "fillingDate": "2023-11-07",
        "acceptedDate": "2023-11-07 16:46:04",
        "calendarYear": "2024",
        "period": "Q1",
        "revenue": 183800000,
        "costOfRevenue": 259358000,
        "grossProfit": -75558000,
        "grossProfitRatio": -0.4110881393,
        "researchAndDevelopmentExpenses": 0,
        "generalAndAdministrativeExpenses": 0,
        "sellingAndMarketingExpenses": 0,
        "sellingGeneralAndAdministrativeExpenses": 130768000,
        "otherExpenses": 0,
        "operatingExpenses": 130768000,
        "costAndExpenses": 390126000,
        "interestIncome": 0,
        "interestExpense": 15870000,
        "depreciationAndAmortization": 30225000,
        "ebitda": -166265000,
        "ebitdaratio": -0.9045973885,
        "operatingIncome": -206326000,
        "operatingIncomeRatio": -1.1225571273,
        "totalOtherIncomeExpensesNet": -6034000,
        "incomeBeforeTax": -212360000,
        "incomeBeforeTaxRatio": -1.1553862894,
        "incomeTaxExpense": -49487000,
        "netIncome": -163482000,
        "netIncomeRatio": -0.8894559304,
        "eps": -1.12,
        "epsdiluted": -1.12,
        "weightedAverageShsOut": 145966071,
        "weightedAverageShsOutDil": 146273000,
        "link": "https://www.sec.gov/Archives/edgar/data/12659/000183886223000040/0001838862-23-000040-index.htm",
        "finalLink": "https://www.sec.gov/Archives/edgar/data/12659/000183886223000040/hrb-20230930.htm"
    },
    {
        "date": "2023-06-30",
        "symbol": "HRB",
        "reportedCurrency": "USD",
        "cik": "0000012659",
        "fillingDate": "2023-08-17",
        "acceptedDate": "2023-08-17 17:17:39",
        "calendarYear": "2023",
        "period": "Q4",
        "revenue": 1032146000,
        "costOfRevenue": 480759000,
        "grossProfit": 551387000,
        "grossProfitRatio": 0.5342141519,
        "researchAndDevelopmentExpenses": 0,
        "generalAndAdministrativeExpenses": 0,
        "sellingAndMarketingExpenses": 0,
        "sellingGeneralAndAdministrativeExpenses": 174877000,
        "otherExpenses": 0,
        "operatingExpenses": 174877000,
        "costAndExpenses": 655636000,
        "interestIncome": 0,
        "interestExpense": 15871000,
        "depreciationAndAmortization": 31841000,
        "ebitda": 422823000,
        "ebitdaratio": 0.4096542543,
        "operatingIncome": 376510000,
        "operatingIncomeRatio": 0.3647836643,
        "totalOtherIncomeExpensesNet": -1399000,
        "incomeBeforeTax": 375111000,
        "incomeBeforeTaxRatio": 0.3634282359,
        "incomeTaxExpense": 71158000,
        "netIncome": 302271000,
        "netIncomeRatio": 0.2928568245,
        "eps": 1.98,
        "epsdiluted": 1.96,
        "weightedAverageShsOut": 152284238,
        "weightedAverageShsOutDil": 153512000,
        "link": "https://www.sec.gov/Archives/edgar/data/12659/000183886223000027/0001838862-23-000027-index.htm",
        "finalLink": "https://www.sec.gov/Archives/edgar/data/12659/000183886223000027/hrb-20230630.htm"
    },
    {
        "date": "2023-03-31",
        "symbol": "HRB",
        "reportedCurrency": "USD",
        "cik": "0000012659",
        "fillingDate": "2023-05-09",
        "acceptedDate": "2023-05-09 16:52:30",
        "calendarYear": "2023",
        "period": "Q3",
        "revenue": 2093649000,
        "costOfRevenue": 883686000,
        "grossProfit": 1209963000,
        "grossProfitRatio": 0.5779206543,
        "researchAndDevelopmentExpenses": 0,
        "generalAndAdministrativeExpenses": 0,
        "sellingAndMarketingExpenses": 0,
        "sellingGeneralAndAdministrativeExpenses": 345461000,
        "otherExpenses": 0,
        "operatingExpenses": 345461000,
        "costAndExpenses": 1229147000,
        "interestIncome": 0,
        "interestExpense": 22298000,
        "depreciationAndAmortization": 32313000,
        "ebitda": 910039000,
        "ebitdaratio": 0.4346664603,
        "operatingIncome": 864502000,
        "operatingIncomeRatio": 0.4129163962,
        "totalOtherIncomeExpensesNet": -9074000,
        "incomeBeforeTax": 855428000,
        "incomeBeforeTaxRatio": 0.4085823364,
        "incomeTaxExpense": 209351000,
        "netIncome": 643429000,
        "netIncomeRatio": 0.3073241981,
        "eps": 4.23,
        "epsdiluted": 4.12,
        "weightedAverageShsOut": 152284238,
        "weightedAverageShsOutDil": 155561000,
        "link": "https://www.sec.gov/Archives/edgar/data/12659/000183886223000019/0001838862-23-000019-index.htm",
        "finalLink": "https://www.sec.gov/Archives/edgar/data/12659/000183886223000019/hrb-20230331.htm"
    },
    {
        "date": "2022-12-31",
        "symbol": "HRB",
        "reportedCurrency": "USD",
        "cik": "0000012659",
        "fillingDate": "2023-02-07",
        "acceptedDate": "2023-02-07 16:52:45",
        "calendarYear": "2023",
        "period": "Q2",
        "revenue": 166405000,
        "costOfRevenue": 298345000,
        "grossProfit": -131940000,
        "grossProfitRatio": -0.7928848292,
        "researchAndDevelopmentExpenses": 0,
        "generalAndAdministrativeExpenses": 0,
        "sellingAndMarketingExpenses": 0,
        "sellingGeneralAndAdministrativeExpenses": 151263000,
        "otherExpenses": 0,
        "operatingExpenses": 151263000,
        "costAndExpenses": 449608000,
        "interestIncome": 0,
        "interestExpense": 18985000,
        "depreciationAndAmortization": 32723000,
        "ebitda": -246295000,
        "ebitdaratio": -1.4800937472,
        "operatingIncome": -283203000,
        "operatingIncomeRatio": -1.7018899672,
        "totalOtherIncomeExpensesNet": -14800000,
        "incomeBeforeTax": -298003000,
        "incomeBeforeTaxRatio": -1.7908296025,
        "incomeTaxExpense": -77140000,
        "netIncome": -223579000,
        "netIncomeRatio": -1.343583426,
        "eps": -1.43,
        "epsdiluted": -1.43,
        "weightedAverageShsOut": 154119000,
        "weightedAverageShsOutDil": 154119000,
        "link": "https://www.sec.gov/Archives/edgar/data/12659/000183886223000011/0001838862-23-000011-index.htm",
        "finalLink": "https://www.sec.gov/Archives/edgar/data/12659/000183886223000011/hrb-20221231.htm"
    },
    {
        "date": "2022-09-30",
        "symbol": "HRB",
        "reportedCurrency": "USD",
        "cik": "0000012659",
        "fillingDate": "2022-11-03",
        "acceptedDate": "2022-11-03 16:09:15",
        "calendarYear": "2023",
        "period": "Q1",
        "revenue": 179985000,
        "costOfRevenue": 260662000,
        "grossProfit": -80677000,
        "grossProfitRatio": -0.4482429091,
        "researchAndDevelopmentExpenses": 0,
        "generalAndAdministrativeExpenses": 0,
        "sellingAndMarketingExpenses": 0,
        "sellingGeneralAndAdministrativeExpenses": 128434000,
        "otherExpenses": 0,
        "operatingExpenses": 128434000,
        "costAndExpenses": 389096000,
        "interestIncome": 0,
        "interestExpense": 15824000,
        "depreciationAndAmortization": 33624000,
        "ebitda": -171876000,
        "ebitdaratio": -0.9549462455,
        "operatingIncome": -209111000,
        "operatingIncomeRatio": -1.1618245965,
        "totalOtherIncomeExpensesNet": -12213000,
        "incomeBeforeTax": -221324000,
        "incomeBeforeTaxRatio": -1.2296802511,
        "incomeTaxExpense": -53957000,
        "netIncome": -168421000,
        "netIncomeRatio": -0.9357502014,
        "eps": -1.05,
        "epsdiluted": -1.05,
        "weightedAverageShsOut": 159284000,
        "weightedAverageShsOutDil": 159284000,
        "link": "https://www.sec.gov/Archives/edgar/data/12659/000183886222000043/0001838862-22-000043-index.htm",
        "finalLink": "https://www.sec.gov/Archives/edgar/data/12659/000183886222000043/hrb-20220930.htm"
    },
    {
        "date": "2022-06-30",
        "symbol": "HRB",
        "reportedCurrency": "USD",
        "cik": "0000012659",
        "fillingDate": "2022-08-16",
        "acceptedDate": "2022-08-16 16:44:29",
        "calendarYear": "2022",
        "period": "Q4",
        "revenue": 1050073000,
        "costOfRevenue": 518952000,
        "grossProfit": 531121000,
        "grossProfitRatio": 0.5057943591,
        "researchAndDevelopmentExpenses": 0,
        "generalAndAdministrativeExpenses": 0,
        "sellingAndMarketingExpenses": 0,
        "sellingGeneralAndAdministrativeExpenses": 219517000,
        "otherExpenses": 0,
        "operatingExpenses": 219517000,
        "costAndExpenses": 738469000,
        "interestIncome": 0,
        "interestExpense": 18621000,
        "depreciationAndAmortization": 34716000,
        "ebitda": 346785000,
        "ebitdaratio": 0.3302484684,
        "operatingIncome": 311604000,
        "operatingIncomeRatio": 0.2967450834,
        "totalOtherIncomeExpensesNet": -18156000,
        "incomeBeforeTax": 293448000,
        "incomeBeforeTaxRatio": 0.2794548569,
        "incomeTaxExpense": 68757000,
        "netIncome": 222703000,
        "netIncomeRatio": 0.2120833504,
        "eps": 1.39,
        "epsdiluted": 1.36,
        "weightedAverageShsOut": 159930321,
        "weightedAverageShsOutDil": 163283000,
        "link": "https://www.sec.gov/Archives/edgar/data/12659/000183886222000028/0001838862-22-000028-index.htm",
        "finalLink": "https://www.sec.gov/Archives/edgar/data/12659/000183886222000028/hrb-20220630.htm"
    },
    {
        "date": "2022-03-31",
        "symbol": "HRB",
        "reportedCurrency": "USD",
        "cik": "0000012659",
        "fillingDate": "2022-05-10",
        "acceptedDate": "2022-05-10 16:37:42",
        "calendarYear": "2022",
        "period": "Q3",
        "revenue": 2061757000,
        "costOfRevenue": 831455000,
        "grossProfit": 1230302000,
        "grossProfitRatio": 0.5967250263,
        "researchAndDevelopmentExpenses": 0,
        "generalAndAdministrativeExpenses": 0,
        "sellingAndMarketingExpenses": 0,
        "sellingGeneralAndAdministrativeExpenses": 344937000,
        "otherExpenses": 0,
        "operatingExpenses": 344937000,
        "costAndExpenses": 1176392000,
        "interestIncome": 0,
        "interestExpense": 23746000,
        "depreciationAndAmortization": 36116000,
        "ebitda": 921719000,
        "ebitdaratio": 0.4470551088,
        "operatingIncome": 885365000,
        "operatingIncomeRatio": 0.429422575,
        "totalOtherIncomeExpensesNet": -23508000,
        "incomeBeforeTax": 861857000,
        "incomeBeforeTaxRatio": 0.4180206494,
        "incomeTaxExpense": 186884000,
        "netIncome": 673177000,
        "netIncomeRatio": 0.32650647,
        "eps": 4.14,
        "epsdiluted": 4.06,
        "weightedAverageShsOut": 162777000,
        "weightedAverageShsOutDil": 165612000,
        "link": "https://www.sec.gov/Archives/edgar/data/12659/000183886222000016/0001838862-22-000016-index.htm",
        "finalLink": "https://www.sec.gov/Archives/edgar/data/12659/000183886222000016/hrb-20220331.htm"
    },
    {
        "date": "2021-12-31",
        "symbol": "HRB",
        "reportedCurrency": "USD",
        "cik": "0000012659",
        "fillingDate": "2022-02-04",
        "acceptedDate": "2022-02-04 16:06:26",
        "calendarYear": "2022",
        "period": "Q2",
        "revenue": 158816000,
        "costOfRevenue": 164332000,
        "grossProfit": -5516000,
        "grossProfitRatio": -0.0347320169,
        "researchAndDevelopmentExpenses": 0,
        "generalAndAdministrativeExpenses": 0,
        "sellingAndMarketingExpenses": 0,
        "sellingGeneralAndAdministrativeExpenses": 116437000,
        "otherExpenses": 155347000,
        "operatingExpenses": 271784000,
        "costAndExpenses": 436116000,
        "interestIncome": 0,
        "interestExpense": 23085000,
        "depreciationAndAmortization": 35631000,
        "ebitda": -240202000,
        "ebitdaratio": -1.5124546645,
        "operatingIncome": -277300000,
        "operatingIncomeRatio": -1.7460457385,
        "totalOtherIncomeExpensesNet": -21618000,
        "incomeBeforeTax": -298918000,
        "incomeBeforeTaxRatio": -1.8821655249,
        "incomeTaxExpense": -109845000,
        "netIncome": -190605000,
        "netIncomeRatio": -1.2001624521,
        "eps": -1.1,
        "epsdiluted": -1.1,
        "weightedAverageShsOut": 172354111,
        "weightedAverageShsOutDil": 173378000,
        "link": "https://www.sec.gov/Archives/edgar/data/12659/000183886222000008/0001838862-22-000008-index.htm",
        "finalLink": "https://www.sec.gov/Archives/edgar/data/12659/000183886222000008/hrb-20211231.htm"
    },
    {
        "date": "2021-09-30",
        "symbol": "HRB",
        "reportedCurrency": "USD",
        "cik": "0000012659",
        "fillingDate": "2021-11-04",
        "acceptedDate": "2021-11-04 17:16:46",
        "calendarYear": "2022",
        "period": "Q1",
        "revenue": 192624000,
        "costOfRevenue": 241532000,
        "grossProfit": -48908000,
        "grossProfitRatio": -0.2539039787,
        "researchAndDevelopmentExpenses": 0,
        "generalAndAdministrativeExpenses": 0,
        "sellingAndMarketingExpenses": 0,
        "sellingGeneralAndAdministrativeExpenses": 125864000,
        "otherExpenses": 0,
        "operatingExpenses": 125864000,
        "costAndExpenses": 367396000,
        "interestIncome": 0,
        "interestExpense": 22830000,
        "depreciationAndAmortization": 35715000,
        "ebitda": -138773000,
        "ebitdaratio": -0.7204346291,
        "operatingIncome": -174772000,
        "operatingIncomeRatio": -0.9073220367,
        "totalOtherIncomeExpensesNet": -22546000,
        "incomeBeforeTax": -197318000,
        "incomeBeforeTaxRatio": -1.0243687183,
        "incomeTaxExpense": -47373000,
        "netIncome": -151601000,
        "netIncomeRatio": -0.7870306919,
        "eps": -0.85,
        "epsdiluted": -0.85,
        "weightedAverageShsOut": 178099000,
        "weightedAverageShsOutDil": 178099000,
        "link": "https://www.sec.gov/Archives/edgar/data/12659/000183886221000049/0001838862-21-000049-index.htm",
        "finalLink": "https://www.sec.gov/Archives/edgar/data/12659/000183886221000049/hrb-20210930.htm"
    },
    {
        "date": "2021-06-30",
        "symbol": "HRB",
        "reportedCurrency": "USD",
        "cik": "0000012659",
        "fillingDate": "2021-06-30",
        "acceptedDate": "2021-06-30 00:00:00",
        "calendarYear": "2021",
        "period": "Q4",
        "revenue": 253761000,
        "costOfRevenue": 45848000,
        "grossProfit": 207913000,
        "grossProfitRatio": 0.8193260588,
        "researchAndDevelopmentExpenses": 61596000,
        "generalAndAdministrativeExpenses": 0,
        "sellingAndMarketingExpenses": 0,
        "sellingGeneralAndAdministrativeExpenses": 27281000,
        "otherExpenses": 0,
        "operatingExpenses": 88877000,
        "costAndExpenses": 134725000,
        "interestIncome": 0,
        "interestExpense": 30009000,
        "depreciationAndAmortization": 30479000,
        "ebitda": 265673000,
        "ebitdaratio": 1.0469418074,
        "operatingIncome": 119036000,
        "operatingIncomeRatio": 0.4690870544,
        "totalOtherIncomeExpensesNet": 111164000,
        "incomeBeforeTax": 230200000,
        "incomeBeforeTaxRatio": 0.9071527934,
        "incomeTaxExpense": 128258999,
        "netIncome": 97420000,
        "netIncomeRatio": 0.3839045401,
        "eps": 0.61,
        "epsdiluted": 0.58,
        "weightedAverageShsOut": 168208549,
        "weightedAverageShsOutDil": 175049000,
        "link": null,
        "finalLink": null
    },
    {
        "date": "2021-04-30",
        "symbol": "HRB",
        "reportedCurrency": "USD",
        "cik": "0000012659",
        "fillingDate": "2021-06-15",
        "acceptedDate": "2021-06-15 17:16:29",
        "calendarYear": "2021",
        "period": "Q3",
        "revenue": 601030000,
        "costOfRevenue": 315036000,
        "grossProfit": 285994000,
        "grossProfitRatio": 0.4758398083,
        "researchAndDevelopmentExpenses": 0,
        "generalAndAdministrativeExpenses": 0,
        "sellingAndMarketingExpenses": 0,
        "sellingGeneralAndAdministrativeExpenses": 133038000,
        "otherExpenses": 0,
        "operatingExpenses": 133038000,
        "costAndExpenses": 448074000,
        "interestIncome": 0,
        "interestExpense": 32977000,
        "depreciationAndAmortization": 39508000,
        "ebitda": 195675000,
        "ebitdaratio": 0.3255661115,
        "operatingIncome": 152956000,
        "operatingIncomeRatio": 0.2544897925,
        "totalOtherIncomeExpensesNet": -28914000,
        "incomeBeforeTax": 124042000,
        "incomeBeforeTaxRatio": 0.2063823769,
        "incomeTaxExpense": 30486000,
        "netIncome": 91259000,
        "netIncomeRatio": 0.1518376787,
        "eps": 0.48,
        "epsdiluted": 0.47,
        "weightedAverageShsOut": 186832000,
        "weightedAverageShsOutDil": 188777000,
        "link": null,
        "finalLink": null
    },
    {
        "date": "2021-01-31",
        "symbol": "HRB",
        "reportedCurrency": "USD",
        "cik": "0000012659",
        "fillingDate": "2021-03-09",
        "acceptedDate": "2021-03-09 17:21:22",
        "calendarYear": "2021",
        "period": "Q2",
        "revenue": 2328180000,
        "costOfRevenue": 901728000,
        "grossProfit": 1426452000,
        "grossProfitRatio": 0.6126897405,
        "researchAndDevelopmentExpenses": 0,
        "generalAndAdministrativeExpenses": 0,
        "sellingAndMarketingExpenses": 0,
        "sellingGeneralAndAdministrativeExpenses": 340900000,
        "otherExpenses": 0,
        "operatingExpenses": 340900000,
        "costAndExpenses": 1242628000,
        "interestIncome": 0,
        "interestExpense": 21551000,
        "depreciationAndAmortization": 39689000,
        "ebitda": 1126461000,
        "ebitdaratio": 0.4838375899,
        "operatingIncome": 1085552000,
        "operatingIncomeRatio": 0.466266354,
        "totalOtherIncomeExpensesNet": -20331000,
        "incomeBeforeTax": 1065221000,
        "incomeBeforeTaxRatio": 0.4575337818,
        "incomeTaxExpense": 114254000,
        "netIncome": 949252000,
        "netIncomeRatio": 0.4077227706,
        "eps": 5.21,
        "epsdiluted": 5.13,
        "weightedAverageShsOut": 182198081,
        "weightedAverageShsOutDil": 184354000,
        "link": "https://www.sec.gov/Archives/edgar/data/12659/000183886221000028/0001838862-21-000028-index.htm",
        "finalLink": "https://www.sec.gov/Archives/edgar/data/12659/000183886221000028/hrb-20210430.htm"
    },
    {
        "date": "2020-10-31",
        "symbol": "HRB",
        "reportedCurrency": "USD",
        "cik": "0000012659",
        "fillingDate": "2020-12-08",
        "acceptedDate": "2020-12-08 17:03:39",
        "calendarYear": "2021",
        "period": "Q1",
        "revenue": 308227000,
        "costOfRevenue": 380273000,
        "grossProfit": -72046000,
        "grossProfitRatio": -0.2337433126,
        "researchAndDevelopmentExpenses": 0,
        "generalAndAdministrativeExpenses": 0,
        "sellingAndMarketingExpenses": 0,
        "sellingGeneralAndAdministrativeExpenses": 191488000,
        "otherExpenses": 0,
        "operatingExpenses": 191488000,
        "costAndExpenses": 571761000,
        "interestIncome": 123000,
        "interestExpense": 22333000,
        "depreciationAndAmortization": 39856000,
        "ebitda": -221311000,
        "ebitdaratio": -0.7180130229,
        "operatingIncome": -263534000,
        "operatingIncomeRatio": -0.8549997242,
        "totalOtherIncomeExpensesNet": -19966000,
        "incomeBeforeTax": -283500000,
        "incomeBeforeTaxRatio": -0.9197766581,
        "incomeTaxExpense": -51669000,
        "netIncome": -232994000,
        "netIncomeRatio": -0.7559169054,
        "eps": -1.27,
        "epsdiluted": -1.27,
        "weightedAverageShsOut": 182709448,
        "weightedAverageShsOutDil": 183438000,
        "link": "https://www.sec.gov/Archives/edgar/data/12659/000183886221000009/0001838862-21-000009-index.htm",
        "finalLink": "https://www.sec.gov/Archives/edgar/data/12659/000183886221000009/hrb-20210131.htm"
    },
    {
        "date": "2020-06-16",
        "symbol": "HRB",
        "reportedCurrency": "USD",
        "cik": "0000012659",
        "fillingDate": "2020-06-17",
        "acceptedDate": "2020-06-16 18:23:12",
        "calendarYear": "2020",
        "period": "Q4",
        "revenue": 1809352000,
        "costOfRevenue": 767157000,
        "grossProfit": 1042195000,
        "grossProfitRatio": 0.5760045585,
        "researchAndDevelopmentExpenses": 0,
        "generalAndAdministrativeExpenses": 0,
        "sellingAndMarketingExpenses": 0,
        "sellingGeneralAndAdministrativeExpenses": 268603000,
        "otherExpenses": 0,
        "operatingExpenses": 268603000,
        "costAndExpenses": 1035760000,
        "interestIncome": 1606000,
        "interestExpense": 27412000,
        "depreciationAndAmortization": 44127000,
        "ebitda": 713615000,
        "ebitdaratio": 0.3944036318,
        "operatingIncome": 773592000,
        "operatingIncomeRatio": 0.4275519634,
        "totalOtherIncomeExpensesNet": -131516000,
        "incomeBeforeTax": 642076000,
        "incomeBeforeTaxRatio": 0.3548651672,
        "incomeTaxExpense": 178616000,
        "netIncome": 460403000,
        "netIncomeRatio": 0.2544573969,
        "eps": 2.39,
        "epsdiluted": 2.37,
        "weightedAverageShsOut": 192475000,
        "weightedAverageShsOutDil": 193726000,
        "link": "https://www.sec.gov/Archives/edgar/data/12659/000157484220000021/0001574842-20-000021-index.htm",
        "finalLink": "https://www.sec.gov/Archives/edgar/data/12659/000157484220000021/hrb2020043010k.htm"
    },
    {
        "date": "2020-04-30",
        "symbol": "HRB",
        "reportedCurrency": "USD",
        "cik": "0000012659",
        "fillingDate": "2020-06-17",
        "acceptedDate": "2020-06-16 18:23:12",
        "calendarYear": "2020",
        "period": "Q3",
        "revenue": 150362000,
        "costOfRevenue": 229392000,
        "grossProfit": -79030000,
        "grossProfitRatio": -0.525598223,
        "researchAndDevelopmentExpenses": 0,
        "generalAndAdministrativeExpenses": 0,
        "sellingAndMarketingExpenses": 0,
        "sellingGeneralAndAdministrativeExpenses": 116136000,
        "otherExpenses": 0,
        "operatingExpenses": 116136000,
        "costAndExpenses": 345528000,
        "interestIncome": 8026000,
        "interestExpense": 21071000,
        "depreciationAndAmortization": 38605000,
        "ebitda": -147438000,
        "ebitdaratio": -0.9805535973,
        "operatingIncome": -195166000,
        "operatingIncomeRatio": -1.2979742222,
        "totalOtherIncomeExpensesNet": -11948000,
        "incomeBeforeTax": -207114000,
        "incomeBeforeTaxRatio": -1.3774357883,
        "incomeTaxExpense": -61390000,
        "netIncome": -150247000,
        "netIncomeRatio": -0.9992351791,
        "eps": -0.8083000000000001,
        "epsdiluted": -0.7880000000000001,
        "weightedAverageShsOut": 196701000,
        "weightedAverageShsOutDil": 198108000,
        "link": null,
        "finalLink": null
    },
    {
        "date": "2020-01-31",
        "symbol": "HRB",
        "reportedCurrency": "USD",
        "cik": "0000012659",
        "fillingDate": "2020-03-09",
        "acceptedDate": "2020-03-09 16:45:05",
        "calendarYear": "2020",
        "period": "Q2",
        "revenue": 519205000,
        "costOfRevenue": 462521000,
        "grossProfit": 56684000,
        "grossProfitRatio": 0.1091746035,
        "researchAndDevelopmentExpenses": 0,
        "generalAndAdministrativeExpenses": 0,
        "sellingAndMarketingExpenses": 0,
        "sellingGeneralAndAdministrativeExpenses": 209288000,
        "otherExpenses": 0,
        "operatingExpenses": 209288000,
        "costAndExpenses": 671809000,
        "interestIncome": 2397000,
        "interestExpense": 26305000,
        "depreciationAndAmortization": 44147000,
        "ebitda": -106578000,
        "ebitdaratio": -0.2052715209,
        "operatingIncome": -152604000,
        "operatingIncomeRatio": -0.2939185871,
        "totalOtherIncomeExpensesNet": -24426000,
        "incomeBeforeTax": -177030000,
        "incomeBeforeTaxRatio": -0.3409635886,
        "incomeTaxExpense": -49004000,
        "netIncome": -129683000,
        "netIncomeRatio": -0.249772248,
        "eps": -0.67,
        "epsdiluted": -0.67,
        "weightedAverageShsOut": 194077000,
        "weightedAverageShsOutDil": 194077000,
        "link": "https://www.sec.gov/Archives/edgar/data/12659/000157484220000013/0001574842-20-000013-index.htm",
        "finalLink": "https://www.sec.gov/Archives/edgar/data/12659/000157484220000013/hrb2020013110q.htm"
    },
    {
        "date": "2019-10-31",
        "symbol": "HRB",
        "reportedCurrency": "USD",
        "cik": "0000012659",
        "fillingDate": "2019-12-06",
        "acceptedDate": "2019-12-06 17:25:04",
        "calendarYear": "2020",
        "period": "Q1",
        "revenue": 160801000,
        "costOfRevenue": 253206000,
        "grossProfit": -92405000,
        "grossProfitRatio": -0.5746543865,
        "researchAndDevelopmentExpenses": 0,
        "generalAndAdministrativeExpenses": 0,
        "sellingAndMarketingExpenses": 0,
        "sellingGeneralAndAdministrativeExpenses": 150334000,
        "otherExpenses": 0,
        "operatingExpenses": 150334000,
        "costAndExpenses": 403540000,
        "interestIncome": 2225000,
        "interestExpense": 21306000,
        "depreciationAndAmortization": 42657000,
        "ebitda": -197343000,
        "ebitdaratio": -1.2272498305,
        "operatingIncome": -242739000,
        "operatingIncomeRatio": -1.5095615077,
        "totalOtherIncomeExpensesNet": -18567000,
        "incomeBeforeTax": -261306000,
        "incomeBeforeTaxRatio": -1.6250272075,
        "incomeTaxExpense": -77752000,
        "netIncome": -187999000,
        "netIncomeRatio": -1.1691407392,
        "eps": -0.95,
        "epsdiluted": -0.95,
        "weightedAverageShsOut": 197531182,
        "weightedAverageShsOutDil": 198079000,
        "link": "https://www.sec.gov/Archives/edgar/data/12659/000157484219000041/0001574842-19-000041-index.htm",
        "finalLink": "https://www.sec.gov/Archives/edgar/data/12659/000157484219000041/hrb2019103110q.htm"
    },
    {
        "date": "2019-07-31",
        "symbol": "HRB",
        "reportedCurrency": "USD",
        "cik": "0000012659",
        "fillingDate": "2019-09-06",
        "acceptedDate": "2019-09-06 16:29:07",
        "calendarYear": "2019",
        "period": "Q4",
        "revenue": 150362000,
        "costOfRevenue": 229392000,
        "grossProfit": -79030000,
        "grossProfitRatio": -0.525598223,
        "researchAndDevelopmentExpenses": 0,
        "generalAndAdministrativeExpenses": 0,
        "sellingAndMarketingExpenses": 0,
        "sellingGeneralAndAdministrativeExpenses": 116136000,
        "otherExpenses": 0,
        "operatingExpenses": 116136000,
        "costAndExpenses": 345528000,
        "interestIncome": 8026000,
        "interestExpense": 21071000,
        "depreciationAndAmortization": 38605000,
        "ebitda": -147438000,
        "ebitdaratio": -0.9805535973,
        "operatingIncome": -195166000,
        "operatingIncomeRatio": -1.2979742222,
        "totalOtherIncomeExpensesNet": -11948000,
        "incomeBeforeTax": -207114000,
        "incomeBeforeTaxRatio": -1.3774357883,
        "incomeTaxExpense": -61390000,
        "netIncome": -150247000,
        "netIncomeRatio": -0.9992351791,
        "eps": -0.74,
        "epsdiluted": -0.74,
        "weightedAverageShsOut": 202037000,
        "weightedAverageShsOutDil": 202037000,
        "link": "https://www.sec.gov/Archives/edgar/data/12659/000157484219000031/0001574842-19-000031-index.htm",
        "finalLink": "https://www.sec.gov/Archives/edgar/data/12659/000157484219000031/hrb2019073110q.htm"
    },
    {
        "date": "2019-04-30",
        "symbol": "HRB",
        "reportedCurrency": "USD",
        "cik": "0000012659",
        "fillingDate": "2019-06-14",
        "acceptedDate": "2019-06-14 16:26:26",
        "calendarYear": "2019",
        "period": "Q3",
        "revenue": 2332443000,
        "costOfRevenue": 863521000,
        "grossProfit": 1468922000,
        "grossProfitRatio": 0.6297783054,
        "researchAndDevelopmentExpenses": 0,
        "generalAndAdministrativeExpenses": 0,
        "sellingAndMarketingExpenses": 0,
        "sellingGeneralAndAdministrativeExpenses": 317650000,
        "otherExpenses": 0,
        "operatingExpenses": 317650000,
        "costAndExpenses": 1181171000,
        "interestIncome": 5252000,
        "interestExpense": 21837000,
        "depreciationAndAmortization": 40682000,
        "ebitda": 1197098000,
        "ebitdaratio": 0.5132378369,
        "operatingIncome": 1151272000,
        "operatingIncomeRatio": 0.4935906258,
        "totalOtherIncomeExpensesNet": -16693000,
        "incomeBeforeTax": 1134579000,
        "incomeBeforeTaxRatio": 0.4864337521,
        "incomeTaxExpense": 249810000,
        "netIncome": 877909000,
        "netIncomeRatio": 0.3763903341,
        "eps": 4.32,
        "epsdiluted": 4.29,
        "weightedAverageShsOut": 202675000,
        "weightedAverageShsOutDil": 204199000,
        "link": "https://www.sec.gov/Archives/edgar/data/12659/000157484219000022/0001574842-19-000022-index.htm",
        "finalLink": "https://www.sec.gov/Archives/edgar/data/12659/000157484219000022/hrb2019043010k.htm"
    },
    {
        "date": "2019-01-31",
        "symbol": "HRB",
        "reportedCurrency": "USD",
        "cik": "0000012659",
        "fillingDate": "2019-03-08",
        "acceptedDate": "2019-03-08 17:25:00",
        "calendarYear": "2019",
        "period": "Q2",
        "revenue": 468384000,
        "costOfRevenue": 421026000,
        "grossProfit": 47358000,
        "grossProfitRatio": 0.1011093462,
        "researchAndDevelopmentExpenses": 0,
        "generalAndAdministrativeExpenses": 0,
        "sellingAndMarketingExpenses": 0,
        "sellingGeneralAndAdministrativeExpenses": 185458000,
        "otherExpenses": 0,
        "operatingExpenses": 185458000,
        "costAndExpenses": 606484000,
        "interestIncome": 2258000,
        "interestExpense": 22833000,
        "depreciationAndAmortization": 44088000,
        "ebitda": -91743000,
        "ebitdaratio": -0.1958713363,
        "operatingIncome": -138100000,
        "operatingIncomeRatio": -0.2948435472,
        "totalOtherIncomeExpensesNet": -20564000,
        "incomeBeforeTax": -158664000,
        "incomeBeforeTaxRatio": -0.3387476942,
        "incomeTaxExpense": -38885000,
        "netIncome": -126454000,
        "netIncomeRatio": -0.2699793332,
        "eps": -0.62,
        "epsdiluted": -0.62,
        "weightedAverageShsOut": 205532000,
        "weightedAverageShsOutDil": 205532000,
        "link": "https://www.sec.gov/Archives/edgar/data/12659/000157484219000007/0001574842-19-000007-index.htm",
        "finalLink": "https://www.sec.gov/Archives/edgar/data/12659/000157484219000007/hrb2019013110q.htm"
    },
    {
        "date": "2018-10-31",
        "symbol": "HRB",
        "reportedCurrency": "USD",
        "cik": "0000012659",
        "fillingDate": "2018-12-07",
        "acceptedDate": "2018-12-07 17:14:47",
        "calendarYear": "2019",
        "period": "Q1",
        "revenue": 148871000,
        "costOfRevenue": 250815000,
        "grossProfit": -101944000,
        "grossProfitRatio": -0.6847807834,
        "researchAndDevelopmentExpenses": 0,
        "generalAndAdministrativeExpenses": 0,
        "sellingAndMarketingExpenses": 0,
        "sellingGeneralAndAdministrativeExpenses": 113319000,
        "otherExpenses": 0,
        "operatingExpenses": 113319000,
        "costAndExpenses": 364134000,
        "interestIncome": 4505000,
        "interestExpense": 21191000,
        "depreciationAndAmortization": 41493000,
        "ebitda": -169306000,
        "ebitdaratio": -1.1372664925,
        "operatingIncome": -215263000,
        "operatingIncomeRatio": -1.4459700009,
        "totalOtherIncomeExpensesNet": -16727000,
        "incomeBeforeTax": -231990000,
        "incomeBeforeTaxRatio": -1.5583290231,
        "incomeTaxExpense": -61053000,
        "netIncome": -176276000,
        "netIncomeRatio": -1.1840855506,
        "eps": -0.86,
        "epsdiluted": -0.86,
        "weightedAverageShsOut": 205520000,
        "weightedAverageShsOutDil": 205520000,
        "link": "https://www.sec.gov/Archives/edgar/data/12659/000157484218000037/0001574842-18-000037-index.htm",
        "finalLink": "https://www.sec.gov/Archives/edgar/data/12659/000157484218000037/hrb2018103110q.htm"
    },
    {
        "date": "2018-07-31",
        "symbol": "HRB",
        "reportedCurrency": "USD",
        "cik": "0000012659",
        "fillingDate": "2018-09-07",
        "acceptedDate": "2018-09-07 17:23:56",
        "calendarYear": "2018",
        "period": "Q4",
        "revenue": 145183000,
        "costOfRevenue": 221560000,
        "grossProfit": -76377000,
        "grossProfitRatio": -0.5260739894,
        "researchAndDevelopmentExpenses": 0,
        "generalAndAdministrativeExpenses": 0,
        "sellingAndMarketingExpenses": 0,
        "sellingGeneralAndAdministrativeExpenses": 105740000,
        "otherExpenses": 0,
        "operatingExpenses": 105740000,
        "costAndExpenses": 327300000,
        "interestIncome": 4497000,
        "interestExpense": 21190000,
        "depreciationAndAmortization": 40432000,
        "ebitda": -137143000,
        "ebitdaratio": -0.9446216155,
        "operatingIncome": -182117000,
        "operatingIncomeRatio": -1.2543961759,
        "totalOtherIncomeExpensesNet": -16648000,
        "incomeBeforeTax": -198765000,
        "incomeBeforeTaxRatio": -1.3690652487,
        "incomeTaxExpense": -49968000,
        "netIncome": -152670000,
        "netIncomeRatio": -1.0515693986,
        "eps": -0.74,
        "epsdiluted": -0.74,
        "weightedAverageShsOut": 206859722,
        "weightedAverageShsOutDil": 207673000,
        "link": "https://www.sec.gov/Archives/edgar/data/12659/000157484218000027/0001574842-18-000027-index.htm",
        "finalLink": "https://www.sec.gov/Archives/edgar/data/12659/000157484218000027/hrb2018073110q.htm"
    },
    {
        "date": "2018-04-30",
        "symbol": "HRB",
        "reportedCurrency": "USD",
        "cik": "0000012659",
        "fillingDate": "2018-06-15",
        "acceptedDate": "2018-06-15 16:34:07",
        "calendarYear": "2018",
        "period": "Q3",
        "revenue": 2392849000,
        "costOfRevenue": 669941000,
        "grossProfit": 1722908000,
        "grossProfitRatio": 0.720023704,
        "researchAndDevelopmentExpenses": 0,
        "generalAndAdministrativeExpenses": 0,
        "sellingAndMarketingExpenses": 0,
        "sellingGeneralAndAdministrativeExpenses": 518899000,
        "otherExpenses": -46487000,
        "operatingExpenses": 472412000,
        "costAndExpenses": 1142353000,
        "interestIncome": 3407000,
        "interestExpense": 22270000,
        "depreciationAndAmortization": 46417000,
        "ebitda": 1299708000,
        "ebitdaratio": 0.5431634006,
        "operatingIncome": 1250496000,
        "operatingIncomeRatio": 0.5225971217,
        "totalOtherIncomeExpensesNet": -19475000,
        "incomeBeforeTax": 1231021000,
        "incomeBeforeTaxRatio": 0.514458288,
        "incomeTaxExpense": 85057000,
        "netIncome": 1142927000,
        "netIncomeRatio": 0.4776427597,
        "eps": 5.45,
        "epsdiluted": 5.42,
        "weightedAverageShsOut": 209230000,
        "weightedAverageShsOutDil": 210527000,
        "link": "https://www.sec.gov/Archives/edgar/data/12659/000157484218000019/0001574842-18-000019-index.htm",
        "finalLink": "https://www.sec.gov/Archives/edgar/data/12659/000157484218000019/hrb2018043010k.htm"
    },
    {
        "date": "2018-01-31",
        "symbol": "HRB",
        "reportedCurrency": "USD",
        "cik": "0000012659",
        "fillingDate": "2018-03-08",
        "acceptedDate": "2018-03-07 17:52:30",
        "calendarYear": "2018",
        "period": "Q2",
        "revenue": 488426000,
        "costOfRevenue": 416601000,
        "grossProfit": 71825000,
        "grossProfitRatio": 0.1470540061,
        "researchAndDevelopmentExpenses": 0,
        "generalAndAdministrativeExpenses": 83384000,
        "sellingAndMarketingExpenses": 85714000,
        "sellingGeneralAndAdministrativeExpenses": 169098000,
        "otherExpenses": 0,
        "operatingExpenses": 169098000,
        "costAndExpenses": 585699000,
        "interestIncome": 699000,
        "interestExpense": 24560000,
        "depreciationAndAmortization": 136878000,
        "ebitda": 40633000,
        "ebitdaratio": 0.083191722,
        "operatingIncome": -97273000,
        "operatingIncomeRatio": -0.1991560646,
        "totalOtherIncomeExpensesNet": -23532000,
        "incomeBeforeTax": -120805000,
        "incomeBeforeTaxRatio": -0.2473353179,
        "incomeTaxExpense": 122120000,
        "netIncome": -245645000,
        "netIncomeRatio": -0.5029318669,
        "eps": -1.17,
        "epsdiluted": -1.17,
        "weightedAverageShsOut": 209080000,
        "weightedAverageShsOutDil": 209080000,
        "link": "https://www.sec.gov/Archives/edgar/data/12659/000157484218000007/0001574842-18-000007-index.htm",
        "finalLink": "https://www.sec.gov/Archives/edgar/data/12659/000157484218000007/hrb2018013110q.htm"
    },
    {
        "date": "2017-10-31",
        "symbol": "HRB",
        "reportedCurrency": "USD",
        "cik": "0000012659",
        "fillingDate": "2017-12-07",
        "acceptedDate": "2017-12-07 17:12:07",
        "calendarYear": "2018",
        "period": "Q1",
        "revenue": 140854000,
        "costOfRevenue": 240019000,
        "grossProfit": -99165000,
        "grossProfitRatio": -0.7040268647,
        "researchAndDevelopmentExpenses": 0,
        "generalAndAdministrativeExpenses": 77201000,
        "sellingAndMarketingExpenses": 39645000,
        "sellingGeneralAndAdministrativeExpenses": 116846000,
        "otherExpenses": 0,
        "operatingExpenses": 116846000,
        "costAndExpenses": 356865000,
        "interestIncome": 1311000,
        "interestExpense": 21265000,
        "depreciationAndAmortization": 88390000,
        "ebitda": -126610000,
        "ebitdaratio": -0.8988740114,
        "operatingIncome": -216011000,
        "operatingIncomeRatio": -1.533580871,
        "totalOtherIncomeExpensesNet": -20254000,
        "incomeBeforeTax": -236265000,
        "incomeBeforeTaxRatio": -1.6773751544,
        "incomeTaxExpense": -87953000,
        "netIncome": -153566000,
        "netIncomeRatio": -1.0902494782,
        "eps": -0.73,
        "epsdiluted": -0.73,
        "weightedAverageShsOut": 209065000,
        "weightedAverageShsOutDil": 209065000,
        "link": "https://www.sec.gov/Archives/edgar/data/12659/000157484217000037/0001574842-17-000037-index.htm",
        "finalLink": "https://www.sec.gov/Archives/edgar/data/12659/000157484217000037/hrb2017103110q.htm"
    },
    {
        "date": "2017-07-31",
        "symbol": "HRB",
        "reportedCurrency": "USD",
        "cik": "0000012659",
        "fillingDate": "2017-09-01",
        "acceptedDate": "2017-09-01 16:11:27",
        "calendarYear": "2017",
        "period": "Q4",
        "revenue": 137802000,
        "costOfRevenue": 227715000,
        "grossProfit": -89913000,
        "grossProfitRatio": -0.6524796447,
        "researchAndDevelopmentExpenses": 0,
        "generalAndAdministrativeExpenses": 71355000,
        "sellingAndMarketingExpenses": 23894000,
        "sellingGeneralAndAdministrativeExpenses": 95249000,
        "otherExpenses": 0,
        "operatingExpenses": 95249000,
        "costAndExpenses": 322964000,
        "interestIncome": 1444000,
        "interestExpense": 21277000,
        "depreciationAndAmortization": 43598000,
        "ebitda": -140344000,
        "ebitdaratio": -1.0184467569,
        "operatingIncome": -185162000,
        "operatingIncomeRatio": -1.3436815141,
        "totalOtherIncomeExpensesNet": -20057000,
        "incomeBeforeTax": -205219000,
        "incomeBeforeTaxRatio": -1.4892309255,
        "incomeTaxExpense": -77401000,
        "netIncome": -130567000,
        "netIncomeRatio": -0.9474971336,
        "eps": -0.63,
        "epsdiluted": -0.63,
        "weightedAverageShsOut": 206416129,
        "weightedAverageShsOutDil": 207935000,
        "link": "https://www.sec.gov/Archives/edgar/data/12659/000157484217000027/0001574842-17-000027-index.htm",
        "finalLink": "https://www.sec.gov/Archives/edgar/data/12659/000157484217000027/hrb2017073110q.htm"
    },
    {
        "date": "2017-04-30",
        "symbol": "HRB",
        "reportedCurrency": "USD",
        "cik": "0000012659",
        "fillingDate": "2017-06-16",
        "acceptedDate": "2017-06-16 16:16:56",
        "calendarYear": "2017",
        "period": "Q3",
        "revenue": 2327915000,
        "costOfRevenue": 883970000,
        "grossProfit": 1443945000,
        "grossProfitRatio": 0.6202739361,
        "researchAndDevelopmentExpenses": 0,
        "generalAndAdministrativeExpenses": 0,
        "sellingAndMarketingExpenses": 193030000,
        "sellingGeneralAndAdministrativeExpenses": 193030000,
        "otherExpenses": 17393000,
        "operatingExpenses": 210423000,
        "costAndExpenses": 1094393000,
        "interestIncome": 3696000,
        "interestExpense": 22925000,
        "depreciationAndAmortization": 49976000,
        "ebitda": 1284804000,
        "ebitdaratio": 0.551911904,
        "operatingIncome": 1233522000,
        "operatingIncomeRatio": 0.5298827492,
        "totalOtherIncomeExpensesNet": -21619000,
        "incomeBeforeTax": 1211903000,
        "incomeBeforeTaxRatio": 0.520595898,
        "incomeTaxExpense": 425333000,
        "netIncome": 783352000,
        "netIncomeRatio": 0.3365036954,
        "eps": 3.77,
        "epsdiluted": 3.75,
        "weightedAverageShsOut": 207170000,
        "weightedAverageShsOutDil": 208605000,
        "link": "https://www.sec.gov/Archives/edgar/data/12659/000157484217000019/0001574842-17-000019-index.htm",
        "finalLink": "https://www.sec.gov/Archives/edgar/data/12659/000157484217000019/hrb2017043010k.htm"
    },
    {
        "date": "2017-01-31",
        "symbol": "HRB",
        "reportedCurrency": "USD",
        "cik": "0000012659",
        "fillingDate": "2017-03-08",
        "acceptedDate": "2017-03-08 17:20:19",
        "calendarYear": "2017",
        "period": "Q2",
        "revenue": 451882000,
        "costOfRevenue": 447185000,
        "grossProfit": 4697000,
        "grossProfitRatio": 0.0103943065,
        "researchAndDevelopmentExpenses": 0,
        "generalAndAdministrativeExpenses": 0,
        "sellingAndMarketingExpenses": 114157000,
        "sellingGeneralAndAdministrativeExpenses": 114157000,
        "otherExpenses": 15332000,
        "operatingExpenses": 129489000,
        "costAndExpenses": 576674000,
        "interestIncome": 574000,
        "interestExpense": 25940000,
        "depreciationAndAmortization": 132192000,
        "ebitda": 7534000,
        "ebitdaratio": 0.0166724941,
        "operatingIncome": -124792000,
        "operatingIncomeRatio": -0.2761605906,
        "totalOtherIncomeExpensesNet": -25806000,
        "incomeBeforeTax": -150598000,
        "incomeBeforeTaxRatio": -0.3332684196,
        "incomeTaxExpense": -49386000,
        "netIncome": -104514000,
        "netIncomeRatio": -0.2312860437,
        "eps": -0.5,
        "epsdiluted": -0.5,
        "weightedAverageShsOut": 206846938,
        "weightedAverageShsOutDil": 207862000,
        "link": "https://www.sec.gov/Archives/edgar/data/12659/000157484217000007/0001574842-17-000007-index.htm",
        "finalLink": "https://www.sec.gov/Archives/edgar/data/12659/000157484217000007/hrb2017013110q.htm"
    },
    {
        "date": "2016-10-31",
        "symbol": "HRB",
        "reportedCurrency": "USD",
        "cik": "0000012659",
        "fillingDate": "2016-12-08",
        "acceptedDate": "2016-12-08 17:08:05",
        "calendarYear": "2017",
        "period": "Q1",
        "revenue": 131332000,
        "costOfRevenue": 283995000,
        "grossProfit": -152663000,
        "grossProfitRatio": -1.1624204307,
        "researchAndDevelopmentExpenses": 0,
        "generalAndAdministrativeExpenses": 0,
        "sellingAndMarketingExpenses": 39520000,
        "sellingGeneralAndAdministrativeExpenses": 39520000,
        "otherExpenses": 15839000,
        "operatingExpenses": 55359000,
        "costAndExpenses": 339354000,
        "interestIncome": 693000,
        "interestExpense": 22620000,
        "depreciationAndAmortization": 87032000,
        "ebitda": -118817000,
        "ebitdaratio": -0.9047071544,
        "operatingIncome": -208022000,
        "operatingIncomeRatio": -1.5839399385,
        "totalOtherIncomeExpensesNet": -20447000,
        "incomeBeforeTax": -228469000,
        "incomeBeforeTaxRatio": -1.7396293363,
        "incomeTaxExpense": -85054000,
        "netIncome": -146220000,
        "netIncomeRatio": -1.113361557,
        "eps": -0.68,
        "epsdiluted": -0.68,
        "weightedAverageShsOut": 214265671,
        "weightedAverageShsOutDil": 215535000,
        "link": "https://www.sec.gov/Archives/edgar/data/12659/000157484216000060/0001574842-16-000060-index.htm",
        "finalLink": "https://www.sec.gov/Archives/edgar/data/12659/000157484216000060/hrb2016103110q.htm"
    },
    {
        "date": "2016-07-31",
        "symbol": "HRB",
        "reportedCurrency": "USD",
        "cik": "0000012659",
        "fillingDate": "2016-09-01",
        "acceptedDate": "2016-09-01 17:14:04",
        "calendarYear": "2016",
        "period": "Q4",
        "revenue": 125185000,
        "costOfRevenue": 268608000,
        "grossProfit": -143423000,
        "grossProfitRatio": -1.1456883812,
        "researchAndDevelopmentExpenses": 0,
        "generalAndAdministrativeExpenses": 0,
        "sellingAndMarketingExpenses": 27486000,
        "sellingGeneralAndAdministrativeExpenses": 27486000,
        "otherExpenses": 13815000,
        "operatingExpenses": 41301000,
        "costAndExpenses": 309909000,
        "interestIncome": 31000,
        "interestExpense": 21466000,
        "depreciationAndAmortization": 41282000,
        "ebitda": -140801000,
        "ebitdaratio": -1.1247433798,
        "operatingIncome": -184724000,
        "operatingIncomeRatio": -1.4756081,
        "totalOtherIncomeExpensesNet": -18825000,
        "incomeBeforeTax": -203549000,
        "incomeBeforeTaxRatio": -1.6259855414,
        "incomeTaxExpense": -82523000,
        "netIncome": -123673000,
        "netIncomeRatio": -0.9879218756,
        "eps": -0.56,
        "epsdiluted": -0.56,
        "weightedAverageShsOut": 220272727,
        "weightedAverageShsOutDil": 220484000,
        "link": "https://www.sec.gov/Archives/edgar/data/12659/000157484216000051/0001574842-16-000051-index.htm",
        "finalLink": "https://www.sec.gov/Archives/edgar/data/12659/000157484216000051/hrb2016073110q.htm"
    },
    {
        "date": "2016-04-30",
        "symbol": "HRB",
        "reportedCurrency": "USD",
        "cik": "0000012659",
        "fillingDate": "2016-06-17",
        "acceptedDate": "2016-06-17 17:07:38",
        "calendarYear": "2016",
        "period": "Q3",
        "revenue": 2297477000,
        "costOfRevenue": 901993000,
        "grossProfit": 1395484000,
        "grossProfitRatio": 0.6073984636,
        "researchAndDevelopmentExpenses": 0,
        "generalAndAdministrativeExpenses": 0,
        "sellingAndMarketingExpenses": 220453000,
        "sellingGeneralAndAdministrativeExpenses": 220453000,
        "otherExpenses": 14182000,
        "operatingExpenses": 234635000,
        "costAndExpenses": 1136628000,
        "interestIncome": 0,
        "interestExpense": 22633000,
        "depreciationAndAmortization": 14182000,
        "ebitda": 1177622000,
        "ebitdaratio": 0.5125718342,
        "operatingIncome": 1160849000,
        "operatingIncomeRatio": 0.5052712171,
        "totalOtherIncomeExpensesNet": -20042000,
        "incomeBeforeTax": 1140807000,
        "incomeBeforeTaxRatio": 0.4965477348,
        "incomeTaxExpense": 439582000,
        "netIncome": 700662000,
        "netIncomeRatio": 0.3049701912,
        "eps": 3.15,
        "epsdiluted": 3.13,
        "weightedAverageShsOut": 222098000,
        "weightedAverageShsOutDil": 223622000,
        "link": "https://www.sec.gov/Archives/edgar/data/12659/000157484216000042/0001574842-16-000042-index.htm",
        "finalLink": "https://www.sec.gov/Archives/edgar/data/12659/000157484216000042/hrb2016043010k.htm"
    },
    {
        "date": "2016-01-31",
        "symbol": "HRB",
        "reportedCurrency": "USD",
        "cik": "0000012659",
        "fillingDate": "2016-03-11",
        "acceptedDate": "2016-03-11 16:04:57",
        "calendarYear": "2016",
        "period": "Q2",
        "revenue": 474543000,
        "costOfRevenue": 456166000,
        "grossProfit": 18377000,
        "grossProfitRatio": 0.0387256792,
        "researchAndDevelopmentExpenses": 0,
        "generalAndAdministrativeExpenses": 0,
        "sellingAndMarketingExpenses": 121711000,
        "sellingGeneralAndAdministrativeExpenses": 121711000,
        "otherExpenses": 16508000,
        "operatingExpenses": 138219000,
        "costAndExpenses": 594385000,
        "interestIncome": 36000,
        "interestExpense": 23573000,
        "depreciationAndAmortization": 45303000,
        "ebitda": -77624000,
        "ebitdaratio": -0.163576325,
        "operatingIncome": -119842000,
        "operatingIncomeRatio": -0.2525419193,
        "totalOtherIncomeExpensesNet": -26658000,
        "incomeBeforeTax": -146500000,
        "incomeBeforeTaxRatio": -0.3087180719,
        "incomeTaxExpense": -67851000,
        "netIncome": -81729000,
        "netIncomeRatio": -0.1722267529,
        "eps": -0.35,
        "epsdiluted": -0.35,
        "weightedAverageShsOut": 231649999,
        "weightedAverageShsOutDil": 231904000,
        "link": "https://www.sec.gov/Archives/edgar/data/12659/000157484216000031/0001574842-16-000031-index.htm",
        "finalLink": "https://www.sec.gov/Archives/edgar/data/12659/000157484216000031/hrb2016013110q.htm"
    },
    {
        "date": "2015-10-31",
        "symbol": "HRB",
        "reportedCurrency": "USD",
        "cik": "0000012659",
        "fillingDate": "2015-12-09",
        "acceptedDate": "2015-12-09 17:04:34",
        "calendarYear": "2016",
        "period": "Q1",
        "revenue": 128415000,
        "costOfRevenue": 287994000,
        "grossProfit": -159579000,
        "grossProfitRatio": -1.2426819297,
        "researchAndDevelopmentExpenses": 0,
        "generalAndAdministrativeExpenses": 0,
        "sellingAndMarketingExpenses": 60263000,
        "sellingGeneralAndAdministrativeExpenses": 60263000,
        "otherExpenses": 13991000,
        "operatingExpenses": 74254000,
        "costAndExpenses": 362248000,
        "interestIncome": 8768000,
        "interestExpense": 14181000,
        "depreciationAndAmortization": 13991000,
        "ebitda": -209547000,
        "ebitdaratio": -1.631795351,
        "operatingIncome": -233833000,
        "operatingIncomeRatio": -1.8209165596,
        "totalOtherIncomeExpensesNet": -3886000,
        "incomeBeforeTax": -237719000,
        "incomeBeforeTaxRatio": -1.8511778219,
        "incomeTaxExpense": -95201000,
        "netIncome": -145007000,
        "netIncomeRatio": -1.1292060896,
        "eps": -0.54,
        "epsdiluted": -0.54,
        "weightedAverageShsOut": 264111111,
        "weightedAverageShsOutDil": 266267000,
        "link": "https://www.sec.gov/Archives/edgar/data/12659/000157484215000024/0001574842-15-000024-index.htm",
        "finalLink": "https://www.sec.gov/Archives/edgar/data/12659/000157484215000024/hrb2015103110q.htm"
    },
    {
        "date": "2015-07-31",
        "symbol": "HRB",
        "reportedCurrency": "USD",
        "cik": "0000012659",
        "fillingDate": "2015-09-04",
        "acceptedDate": "2015-09-04 16:09:34",
        "calendarYear": "2015",
        "period": "Q4",
        "revenue": 137718000,
        "costOfRevenue": 268177000,
        "grossProfit": -130459000,
        "grossProfitRatio": -0.9472908407,
        "researchAndDevelopmentExpenses": 0,
        "generalAndAdministrativeExpenses": 0,
        "sellingAndMarketingExpenses": 30513000,
        "sellingGeneralAndAdministrativeExpenses": 30513000,
        "otherExpenses": 13010000,
        "operatingExpenses": 43523000,
        "costAndExpenses": 311700000,
        "interestIncome": 0,
        "interestExpense": 8575000,
        "depreciationAndAmortization": 13010000,
        "ebitda": -165524000,
        "ebitdaratio": -1.2019053428,
        "operatingIncome": -173982000,
        "operatingIncomeRatio": -1.2633206988,
        "totalOtherIncomeExpensesNet": -13127000,
        "incomeBeforeTax": -187109000,
        "incomeBeforeTaxRatio": -1.3586386674,
        "incomeTaxExpense": -90604000,
        "netIncome": -99659000,
        "netIncomeRatio": -0.7236454204,
        "eps": -0.36,
        "epsdiluted": -0.36,
        "weightedAverageShsOut": 275765507,
        "weightedAverageShsOutDil": 276830556,
        "link": "https://www.sec.gov/Archives/edgar/data/12659/000157484215000014/0001574842-15-000014-index.htm",
        "finalLink": "https://www.sec.gov/Archives/edgar/data/12659/000157484215000014/hrb2015073110q.htm"
    },
    {
        "date": "2015-04-30",
        "symbol": "HRB",
        "reportedCurrency": "USD",
        "cik": "0000012659",
        "fillingDate": "2015-06-17",
        "acceptedDate": "2015-06-17 16:36:12",
        "calendarYear": "2015",
        "period": "Q3",
        "revenue": 2301370000,
        "costOfRevenue": 879219000,
        "grossProfit": 1422151000,
        "grossProfitRatio": 0.6179584335,
        "researchAndDevelopmentExpenses": 0,
        "generalAndAdministrativeExpenses": 0,
        "sellingAndMarketingExpenses": 191814000,
        "sellingGeneralAndAdministrativeExpenses": 191814000,
        "otherExpenses": 14732000,
        "operatingExpenses": 206546000,
        "costAndExpenses": 1085765000,
        "interestIncome": 0,
        "interestExpense": 8560000,
        "depreciationAndAmortization": 14732000,
        "ebitda": 1233351000,
        "ebitdaratio": 0.5359203431,
        "operatingIncome": 1215605000,
        "operatingIncomeRatio": 0.528209284,
        "totalOtherIncomeExpensesNet": -5546000,
        "incomeBeforeTax": 1210059000,
        "incomeBeforeTaxRatio": 0.5257994151,
        "incomeTaxExpense": 465926000,
        "netIncome": 738841000,
        "netIncomeRatio": 0.3210439868,
        "eps": 2.69,
        "epsdiluted": 2.68,
        "weightedAverageShsOut": 275106000,
        "weightedAverageShsOutDil": 275106000,
        "link": "https://www.sec.gov/Archives/edgar/data/12659/000157484215000011/0001574842-15-000011-index.htm",
        "finalLink": "https://www.sec.gov/Archives/edgar/data/12659/000157484215000011/hrb2015043010k.htm"
    },
    {
        "date": "2015-01-31",
        "symbol": "HRB",
        "reportedCurrency": "USD",
        "cik": "0000012659",
        "fillingDate": "2015-03-05",
        "acceptedDate": "2015-03-05 17:05:43",
        "calendarYear": "2015",
        "period": "Q2",
        "revenue": 509074000,
        "costOfRevenue": 455058000,
        "grossProfit": 54016000,
        "grossProfitRatio": 0.1061063814,
        "researchAndDevelopmentExpenses": 0,
        "generalAndAdministrativeExpenses": 0,
        "sellingAndMarketingExpenses": 115057000,
        "sellingGeneralAndAdministrativeExpenses": 115057000,
        "otherExpenses": 14110000,
        "operatingExpenses": 129167000,
        "costAndExpenses": 584225000,
        "interestIncome": 0,
        "interestExpense": 9048000,
        "depreciationAndAmortization": 14110000,
        "ebitda": -67707000,
        "ebitdaratio": -0.1330003104,
        "operatingIncome": -75151000,
        "operatingIncomeRatio": -0.1476229389,
        "totalOtherIncomeExpensesNet": -15714000,
        "incomeBeforeTax": -90865000,
        "incomeBeforeTaxRatio": -0.1784907499,
        "incomeTaxExpense": -55554000,
        "netIncome": -36948000,
        "netIncomeRatio": -0.0725788392,
        "eps": -0.13,
        "epsdiluted": -0.13,
        "weightedAverageShsOut": 272430769,
        "weightedAverageShsOutDil": 284215385,
        "link": "https://www.sec.gov/Archives/edgar/data/12659/000157484215000005/0001574842-15-000005-index.htm",
        "finalLink": "https://www.sec.gov/Archives/edgar/data/12659/000157484215000005/hrb2015013110q.htm"
    },
    {
        "date": "2014-10-31",
        "symbol": "HRB",
        "reportedCurrency": "USD",
        "cik": "0000012659",
        "fillingDate": "2014-12-09",
        "acceptedDate": "2014-12-09 17:06:37",
        "calendarYear": "2015",
        "period": "Q1",
        "revenue": 134628000,
        "costOfRevenue": 276050000,
        "grossProfit": -141422000,
        "grossProfitRatio": -1.050464985,
        "researchAndDevelopmentExpenses": 0,
        "generalAndAdministrativeExpenses": 0,
        "sellingAndMarketingExpenses": 32526000,
        "sellingGeneralAndAdministrativeExpenses": 32526000,
        "otherExpenses": 10500000,
        "operatingExpenses": 43026000,
        "costAndExpenses": 319076000,
        "interestIncome": 0,
        "interestExpense": 13843000,
        "depreciationAndAmortization": 10500000,
        "ebitda": -176230000,
        "ebitdaratio": -1.3090144695,
        "operatingIncome": -184448000,
        "operatingIncomeRatio": -1.370056749,
        "totalOtherIncomeExpensesNet": -16125000,
        "incomeBeforeTax": -200573000,
        "incomeBeforeTaxRatio": -1.4898312387,
        "incomeTaxExpense": -87346000,
        "netIncome": -111998000,
        "netIncomeRatio": -0.8319071813,
        "eps": -0.41,
        "epsdiluted": -0.41,
        "weightedAverageShsOut": 275106000,
        "weightedAverageShsOutDil": 275106000,
        "link": "https://www.sec.gov/Archives/edgar/data/12659/000157484214000044/0001574842-14-000044-index.htm",
        "finalLink": "https://www.sec.gov/Archives/edgar/data/12659/000157484214000044/hrb2014103110q.htm"
    },
    {
        "date": "2014-07-31",
        "symbol": "HRB",
        "reportedCurrency": "USD",
        "cik": "0000012659",
        "fillingDate": "2014-09-04",
        "acceptedDate": "2014-09-04 15:17:17",
        "calendarYear": "2014",
        "period": "Q4",
        "revenue": 133586000,
        "costOfRevenue": 258690000,
        "grossProfit": -125104000,
        "grossProfitRatio": -0.9365053224,
        "researchAndDevelopmentExpenses": 0,
        "generalAndAdministrativeExpenses": 0,
        "sellingAndMarketingExpenses": 27635000,
        "sellingGeneralAndAdministrativeExpenses": 27635000,
        "otherExpenses": 22396000,
        "operatingExpenses": 50031000,
        "costAndExpenses": 308721000,
        "interestIncome": 0,
        "interestExpense": 13795000,
        "depreciationAndAmortization": 8601000,
        "ebitda": -153420000,
        "ebitdaratio": -1.1484736424,
        "operatingIncome": -175135000,
        "operatingIncomeRatio": -1.3110281017,
        "totalOtherIncomeExpensesNet": -681000,
        "incomeBeforeTax": -175816000,
        "incomeBeforeTaxRatio": -1.3161259413,
        "incomeTaxExpense": -66965000,
        "netIncome": -116232000,
        "netIncomeRatio": -0.8700911772,
        "eps": -0.42,
        "epsdiluted": -0.42,
        "weightedAverageShsOut": 272350000,
        "weightedAverageShsOutDil": 276742857,
        "link": "https://www.sec.gov/Archives/edgar/data/12659/000157484214000038/0001574842-14-000038-index.htm",
        "finalLink": "https://www.sec.gov/Archives/edgar/data/12659/000157484214000038/hrb2014073110q.htm"
    },
    {
        "date": "2014-04-30",
        "symbol": "HRB",
        "reportedCurrency": "USD",
        "cik": "0000012659",
        "fillingDate": "2014-06-19",
        "acceptedDate": "2014-06-19 16:08:47",
        "calendarYear": "2014",
        "period": "Q3",
        "revenue": 2562990000,
        "costOfRevenue": 1082981000,
        "grossProfit": 1480009000,
        "grossProfitRatio": 0.5774540673,
        "researchAndDevelopmentExpenses": 0,
        "generalAndAdministrativeExpenses": 0,
        "sellingAndMarketingExpenses": 0,
        "sellingGeneralAndAdministrativeExpenses": -3933000,
        "otherExpenses": 1548767000,
        "operatingExpenses": 1544834000,
        "costAndExpenses": 2627815000,
        "interestIncome": 0,
        "interestExpense": 0,
        "depreciationAndAmortization": 0,
        "ebitda": 1461597000,
        "ebitdaratio": 0.5702702703,
        "operatingIncome": -64825000,
        "operatingIncomeRatio": -0.0252927245,
        "totalOtherIncomeExpensesNet": 1543622000,
        "incomeBeforeTax": 1478797000,
        "incomeBeforeTaxRatio": 0.5769811821,
        "incomeTaxExpense": 549664000,
        "netIncome": 909998000,
        "netIncomeRatio": 0.3550532776,
        "eps": 3.31,
        "epsdiluted": 3.29,
        "weightedAverageShsOut": 274222000,
        "weightedAverageShsOutDil": 276406000,
        "link": "https://www.sec.gov/Archives/edgar/data/12659/000157484214000031/0001574842-14-000031-index.htm",
        "finalLink": "https://www.sec.gov/Archives/edgar/data/12659/000157484214000031/hrb201443010k.htm"
    },
    {
        "date": "2014-01-31",
        "symbol": "HRB",
        "reportedCurrency": "USD",
        "cik": "0000012659",
        "fillingDate": "2014-03-06",
        "acceptedDate": "2014-03-06 17:03:35",
        "calendarYear": "2014",
        "period": "Q2",
        "revenue": 199770000,
        "costOfRevenue": 409876000,
        "grossProfit": -210106000,
        "grossProfitRatio": -1.0517395004,
        "researchAndDevelopmentExpenses": 0,
        "generalAndAdministrativeExpenses": 0,
        "sellingAndMarketingExpenses": 107693000,
        "sellingGeneralAndAdministrativeExpenses": 107693000,
        "otherExpenses": 20416000,
        "operatingExpenses": 128109000,
        "costAndExpenses": 537985000,
        "interestIncome": 0,
        "interestExpense": 13872000,
        "depreciationAndAmortization": 6544000,
        "ebitda": -327409000,
        "ebitdaratio": -1.6389297692,
        "operatingIncome": -338215000,
        "operatingIncomeRatio": -1.6930219753,
        "totalOtherIncomeExpensesNet": -9610000,
        "incomeBeforeTax": -347825000,
        "incomeBeforeTaxRatio": -1.7411272964,
        "incomeTaxExpense": -135074000,
        "netIncome": -214711000,
        "netIncomeRatio": -1.0747910097,
        "eps": -0.78,
        "epsdiluted": -0.78,
        "weightedAverageShsOut": 272870512,
        "weightedAverageShsOutDil": 274110000,
        "link": "https://www.sec.gov/Archives/edgar/data/12659/000157484214000007/0001574842-14-000007-index.htm",
        "finalLink": "https://www.sec.gov/Archives/edgar/data/12659/000157484214000007/hrb2014013110q.htm"
    },
    {
        "date": "2013-10-31",
        "symbol": "HRB",
        "reportedCurrency": "USD",
        "cik": "0000012659",
        "fillingDate": "2013-12-10",
        "acceptedDate": "2013-12-10 17:06:26",
        "calendarYear": "2014",
        "period": "Q1",
        "revenue": 134340000,
        "costOfRevenue": 261881000,
        "grossProfit": -127541000,
        "grossProfitRatio": -0.9493896085,
        "researchAndDevelopmentExpenses": 0,
        "generalAndAdministrativeExpenses": 0,
        "sellingAndMarketingExpenses": 34701000,
        "sellingGeneralAndAdministrativeExpenses": 34701000,
        "otherExpenses": 18374000,
        "operatingExpenses": 53075000,
        "costAndExpenses": 314956000,
        "interestIncome": 0,
        "interestExpense": 13801000,
        "depreciationAndAmortization": 4573000,
        "ebitda": -160988000,
        "ebitdaratio": -1.1983623642,
        "operatingIncome": -180616000,
        "operatingIncomeRatio": -1.3444692571,
        "totalOtherIncomeExpensesNet": 1254000,
        "incomeBeforeTax": -179362000,
        "incomeBeforeTaxRatio": -1.3351347328,
        "incomeTaxExpense": -76347000,
        "netIncome": -104943000,
        "netIncomeRatio": -0.7811746315,
        "eps": -0.38,
        "epsdiluted": -0.38,
        "weightedAverageShsOut": 271334210,
        "weightedAverageShsOutDil": 273907000,
        "link": "https://www.sec.gov/Archives/edgar/data/12659/000157484213000023/0001574842-13-000023-index.htm",
        "finalLink": "https://www.sec.gov/Archives/edgar/data/12659/000157484213000023/hrb2013103110q.htm"
    },
    {
        "date": "2013-07-31",
        "symbol": "HRB",
        "reportedCurrency": "USD",
        "cik": "0000012659",
        "fillingDate": "2013-09-05",
        "acceptedDate": "2013-09-05 13:08:24",
        "calendarYear": "2013",
        "period": "Q4",
        "revenue": 127195000,
        "costOfRevenue": 263100000,
        "grossProfit": -135905000,
        "grossProfitRatio": -1.0684775345,
        "researchAndDevelopmentExpenses": 0,
        "generalAndAdministrativeExpenses": 0,
        "sellingAndMarketingExpenses": 39396000,
        "sellingGeneralAndAdministrativeExpenses": 39396000,
        "otherExpenses": 4254000,
        "operatingExpenses": 43650000,
        "costAndExpenses": 306750000,
        "interestIncome": 0,
        "interestExpense": 0,
        "depreciationAndAmortization": 4254000,
        "ebitda": -175301000,
        "ebitdaratio": -1.3782066905,
        "operatingIncome": -179555000,
        "operatingIncomeRatio": -1.4116514014,
        "totalOtherIncomeExpensesNet": -4939000,
        "incomeBeforeTax": -184494000,
        "incomeBeforeTaxRatio": -1.4504815441,
        "incomeTaxExpense": -71224000,
        "netIncome": -115187000,
        "netIncomeRatio": -0.9055937733,
        "eps": -0.42,
        "epsdiluted": -0.42,
        "weightedAverageShsOut": 269838095,
        "weightedAverageShsOutDil": 274254762,
        "link": "https://www.sec.gov/Archives/edgar/data/12659/000157484213000013/0001574842-13-000013-index.htm",
        "finalLink": "https://www.sec.gov/Archives/edgar/data/12659/000157484213000013/hrb201373110q.htm"
    },
    {
        "date": "2013-04-30",
        "symbol": "HRB",
        "reportedCurrency": "USD",
        "cik": "0000012659",
        "fillingDate": "2013-06-26",
        "acceptedDate": "2013-06-26 16:47:35",
        "calendarYear": "2013",
        "period": "Q3",
        "revenue": 2200212000,
        "costOfRevenue": 821735000,
        "grossProfit": 1378477000,
        "grossProfitRatio": 0.6265200808,
        "researchAndDevelopmentExpenses": 0,
        "generalAndAdministrativeExpenses": 0,
        "sellingAndMarketingExpenses": 0,
        "sellingGeneralAndAdministrativeExpenses": 251667000,
        "otherExpenses": 0,
        "operatingExpenses": 251667000,
        "costAndExpenses": 1073402000,
        "interestIncome": 0,
        "interestExpense": 0,
        "depreciationAndAmortization": 0,
        "ebitda": 1126810000,
        "ebitdaratio": 0.5121370123,
        "operatingIncome": 1126810000,
        "operatingIncomeRatio": 0.5121370123,
        "totalOtherIncomeExpensesNet": 3026000,
        "incomeBeforeTax": 1129836000,
        "incomeBeforeTaxRatio": 0.5135123343,
        "incomeTaxExpense": 440914000,
        "netIncome": 664340000,
        "netIncomeRatio": 0.3019436309,
        "eps": 2.44,
        "epsdiluted": 2.42,
        "weightedAverageShsOut": 272384000,
        "weightedAverageShsOutDil": 274715000,
        "link": "https://www.sec.gov/Archives/edgar/data/12659/000157484213000010/0001574842-13-000010-index.htm",
        "finalLink": "https://www.sec.gov/Archives/edgar/data/12659/000157484213000010/hrb201343010k.htm"
    },
    {
        "date": "2013-01-31",
        "symbol": "HRB",
        "reportedCurrency": "USD",
        "cik": "0000012659",
        "fillingDate": "2013-03-07",
        "acceptedDate": "2013-03-07 17:19:37",
        "calendarYear": "2013",
        "period": "Q2",
        "revenue": 471979000,
        "costOfRevenue": 377618000,
        "grossProfit": 94361000,
        "grossProfitRatio": 0.1999262679,
        "researchAndDevelopmentExpenses": 0,
        "generalAndAdministrativeExpenses": 0,
        "sellingAndMarketingExpenses": 0,
        "sellingGeneralAndAdministrativeExpenses": 186997000,
        "otherExpenses": 0,
        "operatingExpenses": 186997000,
        "costAndExpenses": 564615000,
        "interestIncome": 0,
        "interestExpense": 0,
        "depreciationAndAmortization": 0,
        "ebitda": -92636000,
        "ebitdaratio": -0.1962714443,
        "operatingIncome": -92636000,
        "operatingIncomeRatio": -0.1962714443,
        "totalOtherIncomeExpensesNet": -3632000,
        "incomeBeforeTax": -96268000,
        "incomeBeforeTaxRatio": -0.2039667019,
        "incomeTaxExpense": -79353000,
        "netIncome": -17708000,
        "netIncomeRatio": -0.0375186184,
        "eps": -0.0652,
        "epsdiluted": -0.0652,
        "weightedAverageShsOut": 271542000,
        "weightedAverageShsOutDil": 271542000,
        "link": "https://www.sec.gov/Archives/edgar/data/12659/000119312513096282/0001193125-13-096282-index.htm",
        "finalLink": "https://www.sec.gov/Archives/edgar/data/12659/000119312513096282/d497179d10q.htm"
    },
    {
        "date": "2012-10-31",
        "symbol": "HRB",
        "reportedCurrency": "USD",
        "cik": "0000012659",
        "fillingDate": "2012-12-06",
        "acceptedDate": "2012-12-06 06:11:18",
        "calendarYear": "2013",
        "period": "Q1",
        "revenue": 137263000,
        "costOfRevenue": 212011000,
        "grossProfit": -74748000,
        "grossProfitRatio": -0.5445604424,
        "researchAndDevelopmentExpenses": 0,
        "generalAndAdministrativeExpenses": 0,
        "sellingAndMarketingExpenses": 0,
        "sellingGeneralAndAdministrativeExpenses": 90327000,
        "otherExpenses": 0,
        "operatingExpenses": 90327000,
        "costAndExpenses": 302338000,
        "interestIncome": 9859000,
        "interestExpense": 0,
        "depreciationAndAmortization": 0,
        "ebitda": -165075000,
        "ebitdaratio": -1.2026183312,
        "operatingIncome": -165075000,
        "operatingIncomeRatio": -1.2026183312,
        "totalOtherIncomeExpensesNet": 2787000,
        "incomeBeforeTax": -162288000,
        "incomeBeforeTaxRatio": -1.1823142435,
        "incomeTaxExpense": -61089000,
        "netIncome": -105243000,
        "netIncomeRatio": -0.7667251918,
        "eps": -0.39,
        "epsdiluted": -0.39,
        "weightedAverageShsOut": 271145000,
        "weightedAverageShsOutDil": 271145000,
        "link": "https://www.sec.gov/Archives/edgar/data/12659/000119312512492763/0001193125-12-492763-index.htm",
        "finalLink": "https://www.sec.gov/Archives/edgar/data/12659/000119312512492763/d449155d10q.htm"
    },
    {
        "date": "2012-07-31",
        "symbol": "HRB",
        "reportedCurrency": "USD",
        "cik": "0000012659",
        "fillingDate": "2012-09-05",
        "acceptedDate": "2012-09-05 17:17:16",
        "calendarYear": "2012",
        "period": "Q4",
        "revenue": 96489000,
        "costOfRevenue": 193424000,
        "grossProfit": -96935000,
        "grossProfitRatio": -1.0046222886,
        "researchAndDevelopmentExpenses": 0,
        "generalAndAdministrativeExpenses": 0,
        "sellingAndMarketingExpenses": 0,
        "sellingGeneralAndAdministrativeExpenses": 75478000,
        "otherExpenses": 0,
        "operatingExpenses": 75478000,
        "costAndExpenses": 268902000,
        "interestIncome": 9873000,
        "interestExpense": 0,
        "depreciationAndAmortization": 0,
        "ebitda": -172413000,
        "ebitdaratio": -1.7868668967,
        "operatingIncome": -172413000,
        "operatingIncomeRatio": -1.7868668967,
        "totalOtherIncomeExpensesNet": 3144000,
        "incomeBeforeTax": -169269000,
        "incomeBeforeTaxRatio": -1.7542828716,
        "incomeTaxExpense": -63619000,
        "netIncome": -107441000,
        "netIncomeRatio": -1.1135051664,
        "eps": -0.39,
        "epsdiluted": -0.39,
        "weightedAverageShsOut": 277155000,
        "weightedAverageShsOutDil": 277155000,
        "link": "https://www.sec.gov/Archives/edgar/data/12659/000119312512381188/0001193125-12-381188-index.htm",
        "finalLink": "https://www.sec.gov/Archives/edgar/data/12659/000119312512381188/d389232d10q.htm"
    },
    {
        "date": "2012-04-30",
        "symbol": "HRB",
        "reportedCurrency": "USD",
        "cik": "0000012659",
        "fillingDate": "2012-06-26",
        "acceptedDate": "2012-06-26 17:18:58",
        "calendarYear": "2012",
        "period": "Q3",
        "revenue": 1960611000,
        "costOfRevenue": 783521000,
        "grossProfit": 1177090000,
        "grossProfitRatio": 0.6003689666,
        "researchAndDevelopmentExpenses": 0,
        "generalAndAdministrativeExpenses": 0,
        "sellingAndMarketingExpenses": 0,
        "sellingGeneralAndAdministrativeExpenses": 210231000,
        "otherExpenses": 0,
        "operatingExpenses": 210231000,
        "costAndExpenses": 993752000,
        "interestIncome": 40063000,
        "interestExpense": 22737000,
        "depreciationAndAmortization": 0,
        "ebitda": 1004363000,
        "ebitdaratio": 0.5122704096,
        "operatingIncome": 966859000,
        "operatingIncomeRatio": 0.4931416788,
        "totalOtherIncomeExpensesNet": 14767000,
        "incomeBeforeTax": 981626000,
        "incomeBeforeTaxRatio": 0.5006735145,
        "incomeTaxExpense": 389923000,
        "netIncome": 586103000,
        "netIncomeRatio": 0.2989389532,
        "eps": 2,
        "epsdiluted": 1.99,
        "weightedAverageShsOut": 293103000,
        "weightedAverageShsOutDil": 293985000,
        "link": "https://www.sec.gov/Archives/edgar/data/12659/000119312512283991/0001193125-12-283991-index.htm",
        "finalLink": "https://www.sec.gov/Archives/edgar/data/12659/000119312512283991/d347306d10k.htm"
    },
    {
        "date": "2012-01-31",
        "symbol": "HRB",
        "reportedCurrency": "USD",
        "cik": "0000012659",
        "fillingDate": "2012-03-07",
        "acceptedDate": "2012-03-07 17:14:11",
        "calendarYear": "2012",
        "period": "Q2",
        "revenue": 663280000,
        "costOfRevenue": 455240000,
        "grossProfit": 208040000,
        "grossProfitRatio": 0.3136533591,
        "researchAndDevelopmentExpenses": 0,
        "generalAndAdministrativeExpenses": 0,
        "sellingAndMarketingExpenses": 0,
        "sellingGeneralAndAdministrativeExpenses": 211736000,
        "otherExpenses": 0,
        "operatingExpenses": 211736000,
        "costAndExpenses": 666976000,
        "interestIncome": 39476000,
        "interestExpense": 23543000,
        "depreciationAndAmortization": 0,
        "ebitda": -3696000,
        "ebitdaratio": -0.0055723073,
        "operatingIncome": -3696000,
        "operatingIncomeRatio": -0.0055723073,
        "totalOtherIncomeExpensesNet": 2670000,
        "incomeBeforeTax": -1026000,
        "incomeBeforeTaxRatio": -0.001546858,
        "incomeTaxExpense": 2541000,
        "netIncome": -3349000,
        "netIncomeRatio": -0.0050491497,
        "eps": -0.0114,
        "epsdiluted": -0.0114,
        "weightedAverageShsOut": 292963000,
        "weightedAverageShsOutDil": 292963000,
        "link": "https://www.sec.gov/Archives/edgar/data/12659/000119312512101417/0001193125-12-101417-index.htm",
        "finalLink": "https://www.sec.gov/Archives/edgar/data/12659/000119312512101417/d308610d10q.htm"
    },
    {
        "date": "2011-10-31",
        "symbol": "HRB",
        "reportedCurrency": "USD",
        "cik": "0000012659",
        "fillingDate": "2011-12-05",
        "acceptedDate": "2011-12-05 17:10:50",
        "calendarYear": "2012",
        "period": "Q1",
        "revenue": 119273000,
        "costOfRevenue": 227613000,
        "grossProfit": -108340000,
        "grossProfitRatio": -0.9083363376,
        "researchAndDevelopmentExpenses": 0,
        "generalAndAdministrativeExpenses": 0,
        "sellingAndMarketingExpenses": 0,
        "sellingGeneralAndAdministrativeExpenses": 103755000,
        "otherExpenses": 0,
        "operatingExpenses": 103755000,
        "costAndExpenses": 331368000,
        "interestIncome": 9921000,
        "interestExpense": 0,
        "depreciationAndAmortization": 0,
        "ebitda": -212095000,
        "ebitdaratio": -1.7782314522,
        "operatingIncome": -212095000,
        "operatingIncomeRatio": -1.7782314522,
        "totalOtherIncomeExpensesNet": 8166000,
        "incomeBeforeTax": -203929000,
        "incomeBeforeTaxRatio": -1.7097666697,
        "incomeTaxExpense": -80916000,
        "netIncome": -141724000,
        "netIncomeRatio": -1.1882320391,
        "eps": -0.47,
        "epsdiluted": -0.47,
        "weightedAverageShsOut": 299895000,
        "weightedAverageShsOutDil": 299895000,
        "link": "https://www.sec.gov/Archives/edgar/data/12659/000119312511330630/0001193125-11-330630-index.htm",
        "finalLink": "https://www.sec.gov/Archives/edgar/data/12659/000119312511330630/d262290d10q.htm"
    },
    {
        "date": "2011-07-31",
        "symbol": "HRB",
        "reportedCurrency": "USD",
        "cik": "0000012659",
        "fillingDate": "2011-09-01",
        "acceptedDate": "2011-09-01 17:01:29",
        "calendarYear": "2011",
        "period": "Q4",
        "revenue": 90283000,
        "costOfRevenue": 212584000,
        "grossProfit": -122301000,
        "grossProfitRatio": -1.3546404085,
        "researchAndDevelopmentExpenses": 0,
        "generalAndAdministrativeExpenses": 0,
        "sellingAndMarketingExpenses": 0,
        "sellingGeneralAndAdministrativeExpenses": 92653000,
        "otherExpenses": 0,
        "operatingExpenses": 92653000,
        "costAndExpenses": 305237000,
        "interestIncome": 10340000,
        "interestExpense": 0,
        "depreciationAndAmortization": 0,
        "ebitda": -214954000,
        "ebitdaratio": -2.3808911977,
        "operatingIncome": -214954000,
        "operatingIncomeRatio": -2.3808911977,
        "totalOtherIncomeExpensesNet": 14353000,
        "incomeBeforeTax": -200601000,
        "incomeBeforeTaxRatio": -2.221913317,
        "incomeTaxExpense": -81446000,
        "netIncome": -175098000,
        "netIncomeRatio": -1.9394348881,
        "eps": -0.57,
        "epsdiluted": -0.57,
        "weightedAverageShsOut": 305491000,
        "weightedAverageShsOutDil": 305491000,
        "link": "https://www.sec.gov/Archives/edgar/data/12659/000095012311082115/0000950123-11-082115-index.htm",
        "finalLink": "https://www.sec.gov/Archives/edgar/data/12659/000095012311082115/c65967e10vq.htm"
    },
    {
        "date": "2011-04-30",
        "symbol": "HRB",
        "reportedCurrency": "USD",
        "cik": "0000012659",
        "fillingDate": "2011-06-23",
        "acceptedDate": "2011-06-23 17:07:05",
        "calendarYear": "2011",
        "period": "Q3",
        "revenue": 2191298000,
        "costOfRevenue": 1018461000,
        "grossProfit": 1172837000,
        "grossProfitRatio": 0.5352247846,
        "researchAndDevelopmentExpenses": 0,
        "generalAndAdministrativeExpenses": 0,
        "sellingAndMarketingExpenses": 0,
        "sellingGeneralAndAdministrativeExpenses": 232365000,
        "otherExpenses": 0,
        "operatingExpenses": 232365000,
        "costAndExpenses": 1250826000,
        "interestIncome": 57107000,
        "interestExpense": 0,
        "depreciationAndAmortization": 0,
        "ebitda": 940472000,
        "ebitdaratio": 0.4291848941,
        "operatingIncome": 940472000,
        "operatingIncomeRatio": 0.4291848941,
        "totalOtherIncomeExpensesNet": 136438000,
        "incomeBeforeTax": 1076910000,
        "incomeBeforeTaxRatio": 0.4914484474,
        "incomeTaxExpense": 418680000,
        "netIncome": 658561000,
        "netIncomeRatio": 0.3005346603,
        "eps": -0.36,
        "epsdiluted": -0.36,
        "weightedAverageShsOut": 305282000,
        "weightedAverageShsOutDil": 306804000,
        "link": "https://www.sec.gov/Archives/edgar/data/12659/000095012311061237/0000950123-11-061237-index.htm",
        "finalLink": "https://www.sec.gov/Archives/edgar/data/12659/000095012311061237/c64703e10vk.htm"
    },
    {
        "date": "2011-01-31",
        "symbol": "HRB",
        "reportedCurrency": "USD",
        "cik": "0000012659",
        "fillingDate": "2011-03-09",
        "acceptedDate": "2011-03-09 16:57:28",
        "calendarYear": "2011",
        "period": "Q2",
        "revenue": 624284000,
        "costOfRevenue": 470222000,
        "grossProfit": 154062000,
        "grossProfitRatio": 0.2467819134,
        "researchAndDevelopmentExpenses": 0,
        "generalAndAdministrativeExpenses": 0,
        "sellingAndMarketingExpenses": 0,
        "sellingGeneralAndAdministrativeExpenses": 190639000,
        "otherExpenses": 0,
        "operatingExpenses": 190639000,
        "costAndExpenses": 660861000,
        "interestIncome": 56012000,
        "interestExpense": 24662000,
        "depreciationAndAmortization": 0,
        "ebitda": -1306000,
        "ebitdaratio": -0.0020919966,
        "operatingIncome": -36577000,
        "operatingIncomeRatio": -0.0585903211,
        "totalOtherIncomeExpensesNet": 10609000,
        "incomeBeforeTax": -25968000,
        "incomeBeforeTaxRatio": -0.0415964529,
        "incomeTaxExpense": -14934000,
        "netIncome": -12721000,
        "netIncomeRatio": -0.0203769438,
        "eps": -0.0417,
        "epsdiluted": -0.0417,
        "weightedAverageShsOut": 305144000,
        "weightedAverageShsOutDil": 305144000,
        "link": "https://www.sec.gov/Archives/edgar/data/12659/000095012311023681/0000950123-11-023681-index.htm",
        "finalLink": "https://www.sec.gov/Archives/edgar/data/12659/000095012311023681/c63443e10vq.htm"
    },
    {
        "date": "2010-10-31",
        "symbol": "HRB",
        "reportedCurrency": "USD",
        "cik": "0000012659",
        "fillingDate": "2010-12-08",
        "acceptedDate": "2010-12-08 15:37:57",
        "calendarYear": "2011",
        "period": "Q1",
        "revenue": 109093000,
        "costOfRevenue": 231975000,
        "grossProfit": -122882000,
        "grossProfitRatio": -1.1263967441,
        "researchAndDevelopmentExpenses": 0,
        "generalAndAdministrativeExpenses": 0,
        "sellingAndMarketingExpenses": 0,
        "sellingGeneralAndAdministrativeExpenses": 74983000,
        "otherExpenses": 0,
        "operatingExpenses": 74983000,
        "costAndExpenses": 306958000,
        "interestIncome": 20994000,
        "interestExpense": 22992000,
        "depreciationAndAmortization": 0,
        "ebitda": -160524000,
        "ebitdaratio": -1.4714417974,
        "operatingIncome": -197865000,
        "operatingIncomeRatio": -1.8137277369,
        "totalOtherIncomeExpensesNet": 14349000,
        "incomeBeforeTax": -183516000,
        "incomeBeforeTaxRatio": -1.6821977579,
        "incomeTaxExpense": -72072000,
        "netIncome": -109049000,
        "netIncomeRatio": -0.9995966744,
        "eps": -0.36,
        "epsdiluted": -0.36,
        "weightedAverageShsOut": 306804000,
        "weightedAverageShsOutDil": 306804000,
        "link": "https://www.sec.gov/Archives/edgar/data/12659/000095012310111972/0000950123-10-111972-index.htm",
        "finalLink": "https://www.sec.gov/Archives/edgar/data/12659/000095012310111972/c61700e10vq.htm"
    },
    {
        "date": "2010-07-31",
        "symbol": "HRB",
        "reportedCurrency": "USD",
        "cik": "0000012659",
        "fillingDate": "2010-09-03",
        "acceptedDate": "2010-09-03 17:11:34",
        "calendarYear": "2010",
        "period": "Q4",
        "revenue": 264172000,
        "costOfRevenue": 368016000,
        "grossProfit": -103844000,
        "grossProfitRatio": -0.3930923792,
        "researchAndDevelopmentExpenses": 0,
        "generalAndAdministrativeExpenses": 0,
        "sellingAndMarketingExpenses": 0,
        "sellingGeneralAndAdministrativeExpenses": 117029000,
        "otherExpenses": 0,
        "operatingExpenses": 117029000,
        "costAndExpenses": 485045000,
        "interestIncome": 10302000,
        "interestExpense": 22962000,
        "depreciationAndAmortization": 0,
        "ebitda": -184355000,
        "ebitdaratio": -0.6978597278,
        "operatingIncome": -220873000,
        "operatingIncomeRatio": -0.8360954227,
        "totalOtherIncomeExpensesNet": 13556000,
        "incomeBeforeTax": -207317000,
        "incomeBeforeTaxRatio": -0.7847803704,
        "incomeTaxExpense": -79679000,
        "netIncome": -130681000,
        "netIncomeRatio": -0.4946814954,
        "eps": -0.41,
        "epsdiluted": -0.41,
        "weightedAverageShsOut": 319690000,
        "weightedAverageShsOutDil": 319690000,
        "link": "https://www.sec.gov/Archives/edgar/data/12659/000095012310083907/0000950123-10-083907-index.htm",
        "finalLink": "https://www.sec.gov/Archives/edgar/data/12659/000095012310083907/c60134e10vq.htm"
    },
    {
        "date": "2010-04-30",
        "symbol": "HRB",
        "reportedCurrency": "USD",
        "cik": "0000012659",
        "fillingDate": "2010-06-29",
        "acceptedDate": "2010-06-28 19:07:51",
        "calendarYear": "2010",
        "period": "Q3",
        "revenue": 2337894000,
        "costOfRevenue": 1024850000,
        "grossProfit": 1313044000,
        "grossProfitRatio": 0.5616353864,
        "researchAndDevelopmentExpenses": 0,
        "generalAndAdministrativeExpenses": 0,
        "sellingAndMarketingExpenses": 0,
        "sellingGeneralAndAdministrativeExpenses": 203936000,
        "otherExpenses": 0,
        "operatingExpenses": 203936000,
        "costAndExpenses": 1228786000,
        "interestIncome": 49659000,
        "interestExpense": 0,
        "depreciationAndAmortization": 0,
        "ebitda": 1109108000,
        "ebitdaratio": 0.474404742,
        "operatingIncome": 1109108000,
        "operatingIncomeRatio": 0.474404742,
        "totalOtherIncomeExpensesNet": 1302000,
        "incomeBeforeTax": 1110410000,
        "incomeBeforeTaxRatio": 0.4749616535,
        "incomeTaxExpense": 417978000,
        "netIncome": 690828000,
        "netIncomeRatio": 0.2954915835,
        "eps": -0.38,
        "epsdiluted": -0.38,
        "weightedAverageShsOut": 326253000,
        "weightedAverageShsOutDil": 335346000,
        "link": "https://www.sec.gov/Archives/edgar/data/12659/000095012310061837/0000950123-10-061837-index.htm",
        "finalLink": "https://www.sec.gov/Archives/edgar/data/12659/000095012310061837/c58738e10vk.htm"
    },
    {
        "date": "2010-01-31",
        "symbol": "HRB",
        "reportedCurrency": "USD",
        "cik": "0000012659",
        "fillingDate": "2010-03-08",
        "acceptedDate": "2010-03-08 17:26:51",
        "calendarYear": "2010",
        "period": "Q2",
        "revenue": 934852000,
        "costOfRevenue": 645747000,
        "grossProfit": 289105000,
        "grossProfitRatio": 0.3092521597,
        "researchAndDevelopmentExpenses": 0,
        "generalAndAdministrativeExpenses": 0,
        "sellingAndMarketingExpenses": 0,
        "sellingGeneralAndAdministrativeExpenses": 194661000,
        "otherExpenses": 0,
        "operatingExpenses": 194661000,
        "costAndExpenses": 840408000,
        "interestIncome": 48346000,
        "interestExpense": 0,
        "depreciationAndAmortization": 0,
        "ebitda": 94444000,
        "ebitdaratio": 0.1010256169,
        "operatingIncome": 94444000,
        "operatingIncomeRatio": 0.1010256169,
        "totalOtherIncomeExpensesNet": 3007000,
        "incomeBeforeTax": 97451000,
        "incomeBeforeTaxRatio": 0.1042421688,
        "incomeTaxExpense": 43848000,
        "netIncome": 50635000,
        "netIncomeRatio": 0.0541636537,
        "eps": 0.15,
        "epsdiluted": 0.15,
        "weightedAverageShsOut": 332999000,
        "weightedAverageShsOutDil": 334297000,
        "link": "https://www.sec.gov/Archives/edgar/data/12659/000095012310022156/0000950123-10-022156-index.htm",
        "finalLink": "https://www.sec.gov/Archives/edgar/data/12659/000095012310022156/c56755e10vq.htm"
    },
    {
        "date": "2009-10-31",
        "symbol": "HRB",
        "reportedCurrency": "USD",
        "cik": "0000012659",
        "fillingDate": "2009-12-09",
        "acceptedDate": "2009-12-09 17:26:25",
        "calendarYear": "2010",
        "period": "Q1",
        "revenue": 326081000,
        "costOfRevenue": 410949000,
        "grossProfit": -84868000,
        "grossProfitRatio": -0.2602666209,
        "researchAndDevelopmentExpenses": 0,
        "generalAndAdministrativeExpenses": 0,
        "sellingAndMarketingExpenses": 0,
        "sellingGeneralAndAdministrativeExpenses": 129685000,
        "otherExpenses": 0,
        "operatingExpenses": 129685000,
        "costAndExpenses": 540634000,
        "interestIncome": 12113000,
        "interestExpense": 0,
        "depreciationAndAmortization": 0,
        "ebitda": -214553000,
        "ebitdaratio": -0.6579745523,
        "operatingIncome": -214553000,
        "operatingIncomeRatio": -0.6579745523,
        "totalOtherIncomeExpensesNet": 1700000,
        "incomeBeforeTax": -212853000,
        "incomeBeforeTaxRatio": -0.6527611238,
        "incomeTaxExpense": -86381000,
        "netIncome": -128587000,
        "netIncomeRatio": -0.39434067,
        "eps": -0.38,
        "epsdiluted": -0.38,
        "weightedAverageShsOut": 335346000,
        "weightedAverageShsOutDil": 335346000,
        "link": "https://www.sec.gov/Archives/edgar/data/12659/000095012309069608/0000950123-09-069608-index.htm",
        "finalLink": "https://www.sec.gov/Archives/edgar/data/12659/000095012309069608/c54990e10vq.htm"
    },
    {
        "date": "2009-07-31",
        "symbol": "HRB",
        "reportedCurrency": "USD",
        "cik": "0000012659",
        "fillingDate": "2009-09-04",
        "acceptedDate": "2009-09-04 17:21:13",
        "calendarYear": "2009",
        "period": "Q4",
        "revenue": 275505000,
        "costOfRevenue": 386450000,
        "grossProfit": -110945000,
        "grossProfitRatio": -0.4026968658,
        "researchAndDevelopmentExpenses": 0,
        "generalAndAdministrativeExpenses": 0,
        "sellingAndMarketingExpenses": 0,
        "sellingGeneralAndAdministrativeExpenses": 103217000,
        "otherExpenses": 0,
        "operatingExpenses": 103217000,
        "costAndExpenses": 489667000,
        "interestIncome": 12287000,
        "interestExpense": 0,
        "depreciationAndAmortization": 0,
        "ebitda": -214162000,
        "ebitdaratio": -0.7773434239,
        "operatingIncome": -214162000,
        "operatingIncomeRatio": -0.7773434239,
        "totalOtherIncomeExpensesNet": 3289000,
        "incomeBeforeTax": -210873000,
        "incomeBeforeTaxRatio": -0.7654053465,
        "incomeTaxExpense": -80256000,
        "netIncome": -133634000,
        "netIncomeRatio": -0.485051088,
        "eps": -0.4,
        "epsdiluted": -0.4,
        "weightedAverageShsOut": 334533000,
        "weightedAverageShsOutDil": 334533000,
        "link": "https://www.sec.gov/Archives/edgar/data/12659/000095012309041361/0000950123-09-041361-index.htm",
        "finalLink": "https://www.sec.gov/Archives/edgar/data/12659/000095012309041361/c53404e10vq.htm"
    },
    {
        "date": "2009-04-30",
        "symbol": "HRB",
        "reportedCurrency": "USD",
        "cik": "0000012659",
        "fillingDate": "2009-06-29",
        "acceptedDate": "2009-06-29 16:15:28",
        "calendarYear": "2009",
        "period": "Q3",
        "revenue": 2466753000,
        "costOfRevenue": 1106566000,
        "grossProfit": 1360187000,
        "grossProfitRatio": 0.5514078629,
        "researchAndDevelopmentExpenses": 0,
        "generalAndAdministrativeExpenses": 0,
        "sellingAndMarketingExpenses": 0,
        "sellingGeneralAndAdministrativeExpenses": 184436000,
        "otherExpenses": 0,
        "operatingExpenses": 184436000,
        "costAndExpenses": 1291002000,
        "interestIncome": 0,
        "interestExpense": 0,
        "depreciationAndAmortization": 33176000,
        "ebitda": 1208927000,
        "ebitdaratio": 0.4900883874,
        "operatingIncome": 1175751000,
        "operatingIncomeRatio": 0.4766391284,
        "totalOtherIncomeExpensesNet": 2303000,
        "incomeBeforeTax": 1178054000,
        "incomeBeforeTaxRatio": 0.4775727444,
        "incomeTaxExpense": 470245000,
        "netIncome": 706903000,
        "netIncomeRatio": 0.2865722673,
        "eps": -0.4,
        "epsdiluted": -0.4,
        "weightedAverageShsOut": 329810000,
        "weightedAverageShsOutDil": 329810000,
        "link": "https://www.sec.gov/Archives/edgar/data/12659/000095012309018620/0000950123-09-018620-index.htm",
        "finalLink": "https://www.sec.gov/Archives/edgar/data/12659/000095012309018620/c51997e10vk.htm"
    },
    {
        "date": "2009-01-31",
        "symbol": "HRB",
        "reportedCurrency": "USD",
        "cik": "0000012659",
        "fillingDate": "2009-03-06",
        "acceptedDate": "2009-03-06 16:33:53",
        "calendarYear": "2009",
        "period": "Q2",
        "revenue": 993446000,
        "costOfRevenue": 684567000,
        "grossProfit": 308879000,
        "grossProfitRatio": 0.3109167484,
        "researchAndDevelopmentExpenses": 0,
        "generalAndAdministrativeExpenses": 0,
        "sellingAndMarketingExpenses": 0,
        "sellingGeneralAndAdministrativeExpenses": 208814000,
        "otherExpenses": 0,
        "operatingExpenses": 208814000,
        "costAndExpenses": 893381000,
        "interestIncome": 58604000,
        "interestExpense": 0,
        "depreciationAndAmortization": 31141000,
        "ebitda": 100065000,
        "ebitdaratio": 0.1007251527,
        "operatingIncome": 100065000,
        "operatingIncomeRatio": 0.1007251527,
        "totalOtherIncomeExpensesNet": 1674000,
        "incomeBeforeTax": 101739000,
        "incomeBeforeTaxRatio": 0.1024101964,
        "incomeTaxExpense": 34909000,
        "netIncome": 47363000,
        "netIncomeRatio": 0.047675465,
        "eps": 0.14,
        "epsdiluted": 0.14,
        "weightedAverageShsOut": 337338000,
        "weightedAverageShsOutDil": 338687000,
        "link": "https://www.sec.gov/Archives/edgar/data/12659/000095013709001604/0000950137-09-001604-index.htm",
        "finalLink": "https://www.sec.gov/Archives/edgar/data/12659/000095013709001604/c49780e10vq.htm"
    },
    {
        "date": "2008-10-31",
        "symbol": "HRB",
        "reportedCurrency": "USD",
        "cik": "0000012659",
        "fillingDate": "2008-12-08",
        "acceptedDate": "2008-12-08 16:59:48",
        "calendarYear": "2009",
        "period": "Q1",
        "revenue": 351469000,
        "costOfRevenue": 438765000,
        "grossProfit": -87296000,
        "grossProfitRatio": -0.2483746788,
        "researchAndDevelopmentExpenses": 0,
        "generalAndAdministrativeExpenses": 0,
        "sellingAndMarketingExpenses": 0,
        "sellingGeneralAndAdministrativeExpenses": 138036000,
        "otherExpenses": 0,
        "operatingExpenses": 138036000,
        "costAndExpenses": 576801000,
        "interestIncome": 17047000,
        "interestExpense": 0,
        "depreciationAndAmortization": 29758000,
        "ebitda": -225332000,
        "ebitdaratio": -0.6411148636,
        "operatingIncome": -225332000,
        "operatingIncomeRatio": -0.6411148636,
        "totalOtherIncomeExpensesNet": -2121000,
        "incomeBeforeTax": -227453000,
        "incomeBeforeTaxRatio": -0.6471495352,
        "incomeTaxExpense": -94292000,
        "netIncome": -135874000,
        "netIncomeRatio": -0.3865888599,
        "eps": -0.41,
        "epsdiluted": -0.41,
        "weightedAverageShsOut": 329810000,
        "weightedAverageShsOutDil": 329810000,
        "link": "https://www.sec.gov/Archives/edgar/data/12659/000095013708014303/0000950137-08-014303-index.htm",
        "finalLink": "https://www.sec.gov/Archives/edgar/data/12659/000095013708014303/c48095e10vq.htm"
    },
    {
        "date": "2008-07-31",
        "symbol": "HRB",
        "reportedCurrency": "USD",
        "cik": "0000012659",
        "fillingDate": "2008-09-03",
        "acceptedDate": "2008-09-03 16:16:34",
        "calendarYear": "2008",
        "period": "Q4",
        "revenue": 271909000,
        "costOfRevenue": 360138000,
        "grossProfit": -88229000,
        "grossProfitRatio": -0.3244798811,
        "researchAndDevelopmentExpenses": 0,
        "generalAndAdministrativeExpenses": 0,
        "sellingAndMarketingExpenses": 0,
        "sellingGeneralAndAdministrativeExpenses": 123386000,
        "otherExpenses": 0,
        "operatingExpenses": 123386000,
        "costAndExpenses": 483524000,
        "interestIncome": 17847000,
        "interestExpense": 0,
        "depreciationAndAmortization": 29556000,
        "ebitda": -211615000,
        "ebitdaratio": -0.7782566962,
        "operatingIncome": -211615000,
        "operatingIncomeRatio": -0.7782566962,
        "totalOtherIncomeExpensesNet": -1355000,
        "incomeBeforeTax": -212970000,
        "incomeBeforeTaxRatio": -0.783239981,
        "incomeTaxExpense": -84547000,
        "netIncome": -132719000,
        "netIncomeRatio": -0.4881007984,
        "eps": -0.41,
        "epsdiluted": -0.41,
        "weightedAverageShsOut": 327141000,
        "weightedAverageShsOutDil": 327141000,
        "link": "https://www.sec.gov/Archives/edgar/data/12659/000095013708011375/0000950137-08-011375-index.htm",
        "finalLink": "https://www.sec.gov/Archives/edgar/data/12659/000095013708011375/c35251e10vq.htm"
    },
    {
        "date": "2008-04-30",
        "symbol": "HRB",
        "reportedCurrency": "USD",
        "cik": "0000012659",
        "fillingDate": "2008-06-30",
        "acceptedDate": "2008-06-30 06:04:53",
        "calendarYear": "2008",
        "period": "Q3",
        "revenue": 2615233000,
        "costOfRevenue": 1186638000,
        "grossProfit": 1428595000,
        "grossProfitRatio": 0.546259167,
        "researchAndDevelopmentExpenses": 0,
        "generalAndAdministrativeExpenses": 0,
        "sellingAndMarketingExpenses": 0,
        "sellingGeneralAndAdministrativeExpenses": 286167000,
        "otherExpenses": 0,
        "operatingExpenses": 286167000,
        "costAndExpenses": 1472805000,
        "interestIncome": 0,
        "interestExpense": 0,
        "depreciationAndAmortization": 38022000,
        "ebitda": 1180450000,
        "ebitdaratio": 0.4513746959,
        "operatingIncome": 1142428000,
        "operatingIncomeRatio": 0.4368360295,
        "totalOtherIncomeExpensesNet": 5990000,
        "incomeBeforeTax": 1148418000,
        "incomeBeforeTaxRatio": 0.4391264564,
        "incomeTaxExpense": 457298000,
        "netIncome": 543562000,
        "netIncomeRatio": 0.2078445783,
        "eps": -0.42,
        "epsdiluted": -0.42,
        "weightedAverageShsOut": 324694000,
        "weightedAverageShsOutDil": 324694000,
        "link": "https://www.sec.gov/Archives/edgar/data/12659/000095013408012051/0000950134-08-012051-index.htm",
        "finalLink": "https://www.sec.gov/Archives/edgar/data/12659/000095013408012051/c27745e10vk.htm"
    },
    {
        "date": "2008-01-31",
        "symbol": "HRB",
        "reportedCurrency": "USD",
        "cik": "0000012659",
        "fillingDate": "2008-03-06",
        "acceptedDate": "2008-03-05 21:58:34",
        "calendarYear": "2008",
        "period": "Q2",
        "revenue": 894804000,
        "costOfRevenue": 649041000,
        "grossProfit": 245763000,
        "grossProfitRatio": 0.2746556788,
        "researchAndDevelopmentExpenses": 0,
        "generalAndAdministrativeExpenses": 0,
        "sellingAndMarketingExpenses": 0,
        "sellingGeneralAndAdministrativeExpenses": 247320000,
        "otherExpenses": 0,
        "operatingExpenses": 247320000,
        "costAndExpenses": 896361000,
        "interestIncome": 0,
        "interestExpense": 0,
        "depreciationAndAmortization": 28481000,
        "ebitda": 26924000,
        "ebitdaratio": 0.0300892709,
        "operatingIncome": -1557000,
        "operatingIncomeRatio": -0.0017400459,
        "totalOtherIncomeExpensesNet": 1973000,
        "incomeBeforeTax": 416000,
        "incomeBeforeTaxRatio": 0.0004649063,
        "incomeTaxExpense": -6674000,
        "netIncome": -47358000,
        "netIncomeRatio": -0.0529255569,
        "eps": -0.15,
        "epsdiluted": -0.14,
        "weightedAverageShsOut": 325074000,
        "weightedAverageShsOutDil": 327202000,
        "link": "https://www.sec.gov/Archives/edgar/data/12659/000095013408004190/0000950134-08-004190-index.htm",
        "finalLink": "https://www.sec.gov/Archives/edgar/data/12659/000095013408004190/c24485e10vq.htm"
    },
    {
        "date": "2007-10-31",
        "symbol": "HRB",
        "reportedCurrency": "USD",
        "cik": "0000012659",
        "fillingDate": "2007-12-13",
        "acceptedDate": "2007-12-12 20:40:17",
        "calendarYear": "2008",
        "period": "Q1",
        "revenue": 329947000,
        "costOfRevenue": 437092000,
        "grossProfit": -107145000,
        "grossProfitRatio": -0.3247339724,
        "researchAndDevelopmentExpenses": 0,
        "generalAndAdministrativeExpenses": 0,
        "sellingAndMarketingExpenses": 0,
        "sellingGeneralAndAdministrativeExpenses": 151278000,
        "otherExpenses": -26745000,
        "operatingExpenses": 124533000,
        "costAndExpenses": 561625000,
        "interestIncome": 0,
        "interestExpense": 0,
        "depreciationAndAmortization": 17154000,
        "ebitda": -214524000,
        "ebitdaratio": -0.6501771497,
        "operatingIncome": -231678000,
        "operatingIncomeRatio": -0.7021673178,
        "totalOtherIncomeExpensesNet": 7942000,
        "incomeBeforeTax": -223736000,
        "incomeBeforeTaxRatio": -0.6780967852,
        "incomeTaxExpense": -86890000,
        "netIncome": -502271000,
        "netIncomeRatio": -1.5222778204,
        "eps": -1.55,
        "epsdiluted": -1.55,
        "weightedAverageShsOut": 324694000,
        "weightedAverageShsOutDil": 324694000,
        "link": "https://www.sec.gov/Archives/edgar/data/12659/000095013707018444/0000950137-07-018444-index.htm",
        "finalLink": "https://www.sec.gov/Archives/edgar/data/12659/000095013707018444/c19129e10vq.htm"
    },
    {
        "date": "2007-07-31",
        "symbol": "HRB",
        "reportedCurrency": "USD",
        "cik": "0000012659",
        "fillingDate": "2007-09-06",
        "acceptedDate": "2007-09-06 08:25:30",
        "calendarYear": "2007",
        "period": "Q4",
        "revenue": 339371000,
        "costOfRevenue": 428644000,
        "grossProfit": -89273000,
        "grossProfitRatio": -0.2630542975,
        "researchAndDevelopmentExpenses": 0,
        "generalAndAdministrativeExpenses": 0,
        "sellingAndMarketingExpenses": 0,
        "sellingGeneralAndAdministrativeExpenses": 144109000,
        "otherExpenses": -41838000,
        "operatingExpenses": 102271000,
        "costAndExpenses": 530915000,
        "interestIncome": 0,
        "interestExpense": 0,
        "depreciationAndAmortization": 37075000,
        "ebitda": -154469000,
        "ebitdaratio": -0.4551626391,
        "operatingIncome": -191544000,
        "operatingIncomeRatio": -0.5644088623,
        "totalOtherIncomeExpensesNet": 7964000,
        "incomeBeforeTax": -183580000,
        "incomeBeforeTaxRatio": -0.540941919,
        "incomeTaxExpense": -73757000,
        "netIncome": -302580000,
        "netIncomeRatio": -0.8915906191,
        "eps": -0.93,
        "epsdiluted": -0.93,
        "weightedAverageShsOut": 323864000,
        "weightedAverageShsOutDil": 323864000,
        "link": "https://www.sec.gov/Archives/edgar/data/12659/000095012407004609/0000950124-07-004609-index.htm",
        "finalLink": "https://www.sec.gov/Archives/edgar/data/12659/000095012407004609/c18368e10vq.htm"
    },
    {
        "date": "2007-04-30",
        "symbol": "HRB",
        "reportedCurrency": "USD",
        "cik": "0000012659",
        "fillingDate": "2007-06-29",
        "acceptedDate": "2007-06-29 14:57:57",
        "calendarYear": "2007",
        "period": "Q3",
        "revenue": 2316752000,
        "costOfRevenue": 1015537000,
        "grossProfit": 1301215000,
        "grossProfitRatio": 0.5616548513,
        "researchAndDevelopmentExpenses": 0,
        "generalAndAdministrativeExpenses": 0,
        "sellingAndMarketingExpenses": 0,
        "sellingGeneralAndAdministrativeExpenses": 260799000,
        "otherExpenses": 300000,
        "operatingExpenses": 261099000,
        "costAndExpenses": 1276636000,
        "interestIncome": 0,
        "interestExpense": 0,
        "depreciationAndAmortization": 30306000,
        "ebitda": 1070422000,
        "ebitdaratio": 0.462035643,
        "operatingIncome": 1040116000,
        "operatingIncomeRatio": 0.4489543982,
        "totalOtherIncomeExpensesNet": -2569000,
        "incomeBeforeTax": 1037547000,
        "incomeBeforeTaxRatio": 0.4478455182,
        "incomeTaxExpense": 434187000,
        "netIncome": -85564000,
        "netIncomeRatio": -0.0369327403,
        "eps": -0.27,
        "epsdiluted": -0.27,
        "weightedAverageShsOut": 321742000,
        "weightedAverageShsOutDil": 321742000,
        "link": "https://www.sec.gov/Archives/edgar/data/12659/000095013707009521/0000950137-07-009521-index.htm",
        "finalLink": "https://www.sec.gov/Archives/edgar/data/12659/000095013707009521/c16312e10vk.htm"
    },
    {
        "date": "2007-01-31",
        "symbol": "HRB",
        "reportedCurrency": "USD",
        "cik": "0000012659",
        "fillingDate": "2007-03-14",
        "acceptedDate": "2007-03-14 08:44:51",
        "calendarYear": "2007",
        "period": "Q2",
        "revenue": 931179000,
        "costOfRevenue": 646259000,
        "grossProfit": 284920000,
        "grossProfitRatio": 0.3059776906,
        "researchAndDevelopmentExpenses": 0,
        "generalAndAdministrativeExpenses": 0,
        "sellingAndMarketingExpenses": 0,
        "sellingGeneralAndAdministrativeExpenses": 253968000,
        "otherExpenses": 0,
        "operatingExpenses": 253968000,
        "costAndExpenses": 900227000,
        "interestIncome": 0,
        "interestExpense": 0,
        "depreciationAndAmortization": 38858000,
        "ebitda": 69810000,
        "ebitdaratio": 0.0749694742,
        "operatingIncome": 30952000,
        "operatingIncomeRatio": 0.0332395812,
        "totalOtherIncomeExpensesNet": -8827000,
        "incomeBeforeTax": 22125000,
        "incomeBeforeTaxRatio": 0.0237602008,
        "incomeTaxExpense": 181000,
        "netIncome": -60252000,
        "netIncomeRatio": -0.0647050674,
        "eps": -0.19,
        "epsdiluted": -0.18,
        "weightedAverageShsOut": 322350000,
        "weightedAverageShsOutDil": 326048000,
        "link": "https://www.sec.gov/Archives/edgar/data/12659/000095013707003740/0000950137-07-003740-index.htm",
        "finalLink": "https://www.sec.gov/Archives/edgar/data/12659/000095013707003740/c13075e10vq.htm"
    },
    {
        "date": "2006-10-31",
        "symbol": "HRB",
        "reportedCurrency": "USD",
        "cik": "0000012659",
        "fillingDate": "2006-12-11",
        "acceptedDate": "2006-12-11 16:03:07",
        "calendarYear": "2007",
        "period": "Q1",
        "revenue": 396083000,
        "costOfRevenue": 424827000,
        "grossProfit": -28744000,
        "grossProfitRatio": -0.0725706481,
        "researchAndDevelopmentExpenses": 0,
        "generalAndAdministrativeExpenses": 0,
        "sellingAndMarketingExpenses": 0,
        "sellingGeneralAndAdministrativeExpenses": 162972000,
        "otherExpenses": 0,
        "operatingExpenses": 162972000,
        "costAndExpenses": 587799000,
        "interestIncome": 0,
        "interestExpense": 0,
        "depreciationAndAmortization": 37337000,
        "ebitda": -154379000,
        "ebitdaratio": -0.3897642666,
        "operatingIncome": -191716000,
        "operatingIncomeRatio": -0.4840298624,
        "totalOtherIncomeExpensesNet": -6903000,
        "incomeBeforeTax": -198619000,
        "incomeBeforeTaxRatio": -0.5014580277,
        "incomeTaxExpense": -77622000,
        "netIncome": -156460000,
        "netIncomeRatio": -0.3950182159,
        "eps": -0.49,
        "epsdiluted": -0.49,
        "weightedAverageShsOut": 321742000,
        "weightedAverageShsOutDil": 321742000,
        "link": "https://www.sec.gov/Archives/edgar/data/12659/000095013706013457/0000950137-06-013457-index.htm",
        "finalLink": "https://www.sec.gov/Archives/edgar/data/12659/000095013706013457/c10477e10vq.htm"
    },
    {
        "date": "2006-07-31",
        "symbol": "HRB",
        "reportedCurrency": "USD",
        "cik": "0000012659",
        "fillingDate": "2006-09-11",
        "acceptedDate": "2006-09-11 16:56:27",
        "calendarYear": "2006",
        "period": "Q4",
        "revenue": 342770000,
        "costOfRevenue": 381732000,
        "grossProfit": -38962000,
        "grossProfitRatio": -0.1136680573,
        "researchAndDevelopmentExpenses": 0,
        "generalAndAdministrativeExpenses": 0,
        "sellingAndMarketingExpenses": 0,
        "sellingGeneralAndAdministrativeExpenses": 149071000,
        "otherExpenses": 0,
        "operatingExpenses": 149071000,
        "costAndExpenses": 530803000,
        "interestIncome": 0,
        "interestExpense": 0,
        "depreciationAndAmortization": 34627000,
        "ebitda": -153406000,
        "ebitdaratio": -0.4475479184,
        "operatingIncome": -188033000,
        "operatingIncomeRatio": -0.5485690113,
        "totalOtherIncomeExpensesNet": -5941000,
        "incomeBeforeTax": -193974000,
        "incomeBeforeTaxRatio": -0.5659013333,
        "incomeTaxExpense": -76135000,
        "netIncome": -131377000,
        "netIncomeRatio": -0.3832803338,
        "eps": -0.41,
        "epsdiluted": -0.41,
        "weightedAverageShsOut": 323671000,
        "weightedAverageShsOutDil": 323671000,
        "link": "https://www.sec.gov/Archives/edgar/data/12659/000095013706009930/0000950137-06-009930-index.htm",
        "finalLink": "https://www.sec.gov/Archives/edgar/data/12659/000095013706009930/c08315e10vq.htm"
    },
    {
        "date": "2006-04-30",
        "symbol": "HRB",
        "reportedCurrency": "USD",
        "cik": "0000012659",
        "fillingDate": "2006-06-30",
        "acceptedDate": "2006-06-30 17:04:01",
        "calendarYear": "2006",
        "period": "Q3",
        "revenue": 2496018000,
        "costOfRevenue": 1140045000,
        "grossProfit": 1355973000,
        "grossProfitRatio": 0.5432544958,
        "researchAndDevelopmentExpenses": 0,
        "generalAndAdministrativeExpenses": 0,
        "sellingAndMarketingExpenses": 0,
        "sellingGeneralAndAdministrativeExpenses": 371538000,
        "otherExpenses": 0,
        "operatingExpenses": 371538000,
        "costAndExpenses": 1511583000,
        "interestIncome": 0,
        "interestExpense": 0,
        "depreciationAndAmortization": 97010000,
        "ebitda": 1081445000,
        "ebitdaratio": 0.4332681094,
        "operatingIncome": 984435000,
        "operatingIncomeRatio": 0.3944022038,
        "totalOtherIncomeExpensesNet": -3452000,
        "incomeBeforeTax": 980983000,
        "incomeBeforeTaxRatio": 0.393019201,
        "incomeTaxExpense": 393445000,
        "netIncome": 587538000,
        "netIncomeRatio": 0.2353901294,
        "eps": -0.26,
        "epsdiluted": -0.26,
        "weightedAverageShsOut": 326047000,
        "weightedAverageShsOutDil": 326047000,
        "link": "https://www.sec.gov/Archives/edgar/data/12659/000095013706007517/0000950137-06-007517-index.htm",
        "finalLink": "https://www.sec.gov/Archives/edgar/data/12659/000095013706007517/c04679e10vk.htm"
    },
    {
        "date": "2006-01-31",
        "symbol": "HRB",
        "reportedCurrency": "USD",
        "cik": "0000012659",
        "fillingDate": "2006-03-31",
        "acceptedDate": "2006-03-31 13:19:26",
        "calendarYear": "2006",
        "period": "Q2",
        "revenue": 860253000,
        "costOfRevenue": 599363000,
        "grossProfit": 260890000,
        "grossProfitRatio": 0.3032712469,
        "researchAndDevelopmentExpenses": 0,
        "generalAndAdministrativeExpenses": 0,
        "sellingAndMarketingExpenses": 0,
        "sellingGeneralAndAdministrativeExpenses": 297401000,
        "otherExpenses": 0,
        "operatingExpenses": 297401000,
        "costAndExpenses": 896764000,
        "interestIncome": 0,
        "interestExpense": 0,
        "depreciationAndAmortization": -35757000,
        "ebitda": -36511000,
        "ebitdaratio": -0.0424421653,
        "operatingIncome": -36511000,
        "operatingIncomeRatio": -0.0424421653,
        "totalOtherIncomeExpensesNet": -8503000,
        "incomeBeforeTax": -45014000,
        "incomeBeforeTaxRatio": -0.0523264667,
        "incomeTaxExpense": -14766000,
        "netIncome": 12113000,
        "netIncomeRatio": 0.0140807414,
        "eps": 0.04,
        "epsdiluted": 0.04,
        "weightedAverageShsOut": 327289000,
        "weightedAverageShsOutDil": 327289000,
        "link": "https://www.sec.gov/Archives/edgar/data/12659/000095013706004028/0000950137-06-004028-index.htm",
        "finalLink": "https://www.sec.gov/Archives/edgar/data/12659/000095013706004028/c03790e10vq.htm"
    },
    {
        "date": "2005-10-31",
        "symbol": "HRB",
        "reportedCurrency": "USD",
        "cik": "0000012659",
        "fillingDate": "2005-12-12",
        "acceptedDate": "2005-12-12 16:48:04",
        "calendarYear": "2006",
        "period": "Q1",
        "revenue": 605043000,
        "costOfRevenue": 532928000,
        "grossProfit": 72115000,
        "grossProfitRatio": 0.1191898758,
        "researchAndDevelopmentExpenses": 0,
        "generalAndAdministrativeExpenses": 0,
        "sellingAndMarketingExpenses": 0,
        "sellingGeneralAndAdministrativeExpenses": 195702000,
        "otherExpenses": 0,
        "operatingExpenses": 195702000,
        "costAndExpenses": 728630000,
        "interestIncome": 0,
        "interestExpense": 0,
        "depreciationAndAmortization": 75856000,
        "ebitda": -47731000,
        "ebitdaratio": -0.0788886079,
        "operatingIncome": -123587000,
        "operatingIncomeRatio": -0.2042615153,
        "totalOtherIncomeExpensesNet": -9542000,
        "incomeBeforeTax": -133129000,
        "incomeBeforeTaxRatio": -0.2200322952,
        "incomeTaxExpense": -51880000,
        "netIncome": -81249000,
        "netIncomeRatio": -0.1342863235,
        "eps": -0.26,
        "epsdiluted": -0.26,
        "weightedAverageShsOut": 326047000,
        "weightedAverageShsOutDil": 326047000,
        "link": "https://www.sec.gov/Archives/edgar/data/12659/000095013705014822/0000950137-05-014822-index.htm",
        "finalLink": "https://www.sec.gov/Archives/edgar/data/12659/000095013705014822/c00622e10vq.htm"
    },
    {
        "date": "2005-07-31",
        "symbol": "HRB",
        "reportedCurrency": "USD",
        "cik": "0000012659",
        "fillingDate": "2005-09-08",
        "acceptedDate": "2005-09-08 16:53:17",
        "calendarYear": "2005",
        "period": "Q4",
        "revenue": 614993000,
        "costOfRevenue": 471045000,
        "grossProfit": 143948000,
        "grossProfitRatio": 0.2340644528,
        "researchAndDevelopmentExpenses": 0,
        "generalAndAdministrativeExpenses": 0,
        "sellingAndMarketingExpenses": 0,
        "sellingGeneralAndAdministrativeExpenses": 184782000,
        "otherExpenses": 0,
        "operatingExpenses": 184782000,
        "costAndExpenses": 655827000,
        "interestIncome": 0,
        "interestExpense": 0,
        "depreciationAndAmortization": 71297000,
        "ebitda": 30463000,
        "ebitdaratio": 0.0495338971,
        "operatingIncome": -40834000,
        "operatingIncomeRatio": -0.0663975037,
        "totalOtherIncomeExpensesNet": -5035000,
        "incomeBeforeTax": -45869000,
        "incomeBeforeTaxRatio": -0.0745845888,
        "incomeTaxExpense": -17875000,
        "netIncome": -27994000,
        "netIncomeRatio": -0.0455192173,
        "eps": -0.0856,
        "epsdiluted": -0.0856,
        "weightedAverageShsOut": 330714000,
        "weightedAverageShsOutDil": 330714000,
        "link": "https://www.sec.gov/Archives/edgar/data/12659/000095013705011140/0000950137-05-011140-index.htm",
        "finalLink": "https://www.sec.gov/Archives/edgar/data/12659/000095013705011140/c98260e10vq.htm"
    },
    {
        "date": "2005-04-30",
        "symbol": "HRB",
        "reportedCurrency": "USD",
        "cik": "0000012659",
        "fillingDate": "2005-07-29",
        "acceptedDate": "2005-07-29 21:57:10",
        "calendarYear": "2005",
        "period": "Q3",
        "revenue": 2366046000,
        "costOfRevenue": 1290747000,
        "grossProfit": 1075299000,
        "grossProfitRatio": 0.4544708767,
        "researchAndDevelopmentExpenses": 0,
        "generalAndAdministrativeExpenses": 0,
        "sellingAndMarketingExpenses": 0,
        "sellingGeneralAndAdministrativeExpenses": 58071000,
        "otherExpenses": -65080000,
        "operatingExpenses": -7009000,
        "costAndExpenses": 1283738000,
        "interestIncome": 0,
        "interestExpense": 0,
        "depreciationAndAmortization": 84874000,
        "ebitda": 1167182000,
        "ebitdaratio": 0.4933048639,
        "operatingIncome": 1082308000,
        "operatingIncomeRatio": 0.4574332029,
        "totalOtherIncomeExpensesNet": -57788000,
        "incomeBeforeTax": 1024520000,
        "incomeBeforeTaxRatio": 0.4330093329,
        "incomeTaxExpense": 384073000,
        "netIncome": 640447000,
        "netIncomeRatio": 0.2706823959,
        "eps": -0.16,
        "epsdiluted": -0.16,
        "weightedAverageShsOut": 326243750,
        "weightedAverageShsOutDil": 326243750,
        "link": "https://www.sec.gov/Archives/edgar/data/12659/000095013705009321/0000950137-05-009321-index.htm",
        "finalLink": "https://www.sec.gov/Archives/edgar/data/12659/000095013705009321/c91685e10vk.htm"
    },
    {
        "date": "2005-01-31",
        "symbol": "HRB",
        "reportedCurrency": "USD",
        "cik": "0000012659",
        "fillingDate": "2005-03-09",
        "acceptedDate": "2005-03-09 16:26:15",
        "calendarYear": "2005",
        "period": "Q2",
        "revenue": 1036236000,
        "costOfRevenue": 641550000,
        "grossProfit": 394686000,
        "grossProfitRatio": 0.3808842773,
        "researchAndDevelopmentExpenses": 0,
        "generalAndAdministrativeExpenses": 0,
        "sellingAndMarketingExpenses": 0,
        "sellingGeneralAndAdministrativeExpenses": 248114000,
        "otherExpenses": 0,
        "operatingExpenses": 248114000,
        "costAndExpenses": 889664000,
        "interestIncome": 0,
        "interestExpense": 0,
        "depreciationAndAmortization": 69590000,
        "ebitda": 216162000,
        "ebitdaratio": 0.2086030595,
        "operatingIncome": 146572000,
        "operatingIncomeRatio": 0.1414465431,
        "totalOtherIncomeExpensesNet": 6706000,
        "incomeBeforeTax": 153278000,
        "incomeBeforeTaxRatio": 0.1479180418,
        "incomeTaxExpense": 59542000,
        "netIncome": 93736000,
        "netIncomeRatio": 0.0904581582,
        "eps": 0.28,
        "epsdiluted": 0.28,
        "weightedAverageShsOut": 329039000,
        "weightedAverageShsOutDil": 334875000,
        "link": "https://www.sec.gov/Archives/edgar/data/12659/000095013705002822/0000950137-05-002822-index.htm",
        "finalLink": "https://www.sec.gov/Archives/edgar/data/12659/000095013705002822/c92779e10vq.htm"
    },
    {
        "date": "2004-10-31",
        "symbol": "HRB",
        "reportedCurrency": "USD",
        "cik": "0000012659",
        "fillingDate": "2004-12-08",
        "acceptedDate": "2004-12-08 14:11:26",
        "calendarYear": "2005",
        "period": "Q1",
        "revenue": 541953000,
        "costOfRevenue": 420333000,
        "grossProfit": 121620000,
        "grossProfitRatio": 0.2244106039,
        "researchAndDevelopmentExpenses": 0,
        "generalAndAdministrativeExpenses": 0,
        "sellingAndMarketingExpenses": 0,
        "sellingGeneralAndAdministrativeExpenses": 184867000,
        "otherExpenses": 0,
        "operatingExpenses": 184867000,
        "costAndExpenses": 605200000,
        "interestIncome": 0,
        "interestExpense": 0,
        "depreciationAndAmortization": 61678000,
        "ebitda": -1569000,
        "ebitdaratio": -0.002895085,
        "operatingIncome": -63247000,
        "operatingIncomeRatio": -0.1167020018,
        "totalOtherIncomeExpensesNet": -16571000,
        "incomeBeforeTax": -79818000,
        "incomeBeforeTaxRatio": -0.147278454,
        "incomeTaxExpense": -29946000,
        "netIncome": -49872000,
        "netIncomeRatio": -0.09202274,
        "eps": -0.16,
        "epsdiluted": -0.15,
        "weightedAverageShsOut": 329372000,
        "weightedAverageShsOutDil": 339100000,
        "link": "https://www.sec.gov/Archives/edgar/data/12659/000095013704010849/0000950137-04-010849-index.htm",
        "finalLink": "https://www.sec.gov/Archives/edgar/data/12659/000095013704010849/c90202e10vq.htm"
    },
    {
        "date": "2004-07-31",
        "symbol": "HRB",
        "reportedCurrency": "USD",
        "cik": "0000012659",
        "fillingDate": "2004-09-08",
        "acceptedDate": "2004-09-08 16:43:41",
        "calendarYear": "2004",
        "period": "Q4",
        "revenue": 486551000,
        "costOfRevenue": 369370000,
        "grossProfit": 117181000,
        "grossProfitRatio": 0.2408401175,
        "researchAndDevelopmentExpenses": 0,
        "generalAndAdministrativeExpenses": 0,
        "sellingAndMarketingExpenses": 0,
        "sellingGeneralAndAdministrativeExpenses": 160196000,
        "otherExpenses": 0,
        "operatingExpenses": 160196000,
        "costAndExpenses": 529566000,
        "interestIncome": 0,
        "interestExpense": 0,
        "depreciationAndAmortization": 57242000,
        "ebitda": 14227000,
        "ebitdaratio": 0.0292405113,
        "operatingIncome": -43015000,
        "operatingIncomeRatio": -0.0884079983,
        "totalOtherIncomeExpensesNet": -15785000,
        "incomeBeforeTax": -58800000,
        "incomeBeforeTaxRatio": -0.1208506405,
        "incomeTaxExpense": -22058000,
        "netIncome": -36742000,
        "netIncomeRatio": -0.0755152081,
        "eps": -0.13,
        "epsdiluted": -0.13,
        "weightedAverageShsOut": 334018182,
        "weightedAverageShsOutDil": 334018182,
        "link": "https://www.sec.gov/Archives/edgar/data/12659/000095013704007558/0000950137-04-007558-index.htm",
        "finalLink": "https://www.sec.gov/Archives/edgar/data/12659/000095013704007558/c88054e10vq.htm"
    },
    {
        "date": "2004-04-30",
        "symbol": "HRB",
        "reportedCurrency": "USD",
        "cik": "0000012659",
        "fillingDate": "2004-07-02",
        "acceptedDate": "2004-07-02 17:18:06",
        "calendarYear": "2004",
        "period": "Q3",
        "revenue": 2142868000,
        "costOfRevenue": 170290000,
        "grossProfit": 1972578000,
        "grossProfitRatio": 0.920531736,
        "researchAndDevelopmentExpenses": 0,
        "generalAndAdministrativeExpenses": 867692000,
        "sellingAndMarketingExpenses": 88551000,
        "sellingGeneralAndAdministrativeExpenses": 956243000,
        "otherExpenses": 69640000,
        "operatingExpenses": 1025883000,
        "costAndExpenses": 1196173000,
        "interestIncome": 0,
        "interestExpense": 0,
        "depreciationAndAmortization": 61925000,
        "ebitda": 1008620000,
        "ebitdaratio": 0.4706869485,
        "operatingIncome": 946695000,
        "operatingIncomeRatio": 0.4417887616,
        "totalOtherIncomeExpensesNet": 5379000,
        "incomeBeforeTax": 952074000,
        "incomeBeforeTaxRatio": 0.4442989489,
        "incomeTaxExpense": 376439000,
        "netIncome": 575635000,
        "netIncomeRatio": 0.2686283056,
        "eps": 0.03,
        "epsdiluted": 0.03,
        "weightedAverageShsOut": 345866667,
        "weightedAverageShsOutDil": 345866667,
        "link": "https://www.sec.gov/Archives/edgar/data/12659/000095013704005468/0000950137-04-005468-index.htm",
        "finalLink": "https://www.sec.gov/Archives/edgar/data/12659/000095013704005468/c86302e10vk.htm"
    },
    {
        "date": "2004-01-31",
        "symbol": "HRB",
        "reportedCurrency": "USD",
        "cik": "0000012659",
        "fillingDate": "2004-03-16",
        "acceptedDate": "2004-03-16 15:23:37",
        "calendarYear": "2004",
        "period": "Q2",
        "revenue": 962830000,
        "costOfRevenue": 454342000,
        "grossProfit": 508488000,
        "grossProfitRatio": 0.5281181517,
        "researchAndDevelopmentExpenses": 0,
        "generalAndAdministrativeExpenses": 487599000,
        "sellingAndMarketingExpenses": 67975000,
        "sellingGeneralAndAdministrativeExpenses": 312623000,
        "otherExpenses": 21361000,
        "operatingExpenses": 333984000,
        "costAndExpenses": 788326000,
        "interestIncome": 0,
        "interestExpense": 0,
        "depreciationAndAmortization": 68514000,
        "ebitda": 243018000,
        "ebitdaratio": 0.2523996967,
        "operatingIncome": 174504000,
        "operatingIncomeRatio": 0.1812407175,
        "totalOtherIncomeExpensesNet": 1616000,
        "incomeBeforeTax": 176120000,
        "incomeBeforeTaxRatio": 0.1829191031,
        "incomeTaxExpense": 69394000,
        "netIncome": 106726000,
        "netIncomeRatio": 0.1108461514,
        "eps": 0.3,
        "epsdiluted": 0.3,
        "weightedAverageShsOut": 355753333,
        "weightedAverageShsOutDil": 361783051,
        "link": "https://www.sec.gov/Archives/edgar/data/12659/000095013704001921/0000950137-04-001921-index.htm",
        "finalLink": "https://www.sec.gov/Archives/edgar/data/12659/000095013704001921/c83692e10vq.htm"
    },
    {
        "date": "2003-10-31",
        "symbol": "HRB",
        "reportedCurrency": "USD",
        "cik": "0000012659",
        "fillingDate": "2003-12-10",
        "acceptedDate": "2003-12-10 17:19:33",
        "calendarYear": "2004",
        "period": "Q1",
        "revenue": 568872000,
        "costOfRevenue": 282926000,
        "grossProfit": 285946000,
        "grossProfitRatio": 0.5026543757,
        "researchAndDevelopmentExpenses": 0,
        "generalAndAdministrativeExpenses": 338078000,
        "sellingAndMarketingExpenses": 21683000,
        "sellingGeneralAndAdministrativeExpenses": 250077000,
        "otherExpenses": 19899000,
        "operatingExpenses": 269976000,
        "costAndExpenses": 552902000,
        "interestIncome": 0,
        "interestExpense": 0,
        "depreciationAndAmortization": 57696000,
        "ebitda": 73666000,
        "ebitdaratio": 0.12949486,
        "operatingIncome": 15970000,
        "operatingIncomeRatio": 0.028073099,
        "totalOtherIncomeExpensesNet": 1164000,
        "incomeBeforeTax": 17134000,
        "incomeBeforeTaxRatio": 0.0301192535,
        "incomeTaxExpense": 6758000,
        "netIncome": 10376000,
        "netIncomeRatio": 0.018239604,
        "eps": 0.03,
        "epsdiluted": 0.03,
        "weightedAverageShsOut": 345866667,
        "weightedAverageShsOutDil": 345866667,
        "link": "https://www.sec.gov/Archives/edgar/data/12659/000095013403016525/0000950134-03-016525-index.htm",
        "finalLink": "https://www.sec.gov/Archives/edgar/data/12659/000095013403016525/c81485e10vq.htm"
    },
    {
        "date": "2003-07-31",
        "symbol": "HRB",
        "reportedCurrency": "USD",
        "cik": "0000012659",
        "fillingDate": "2003-09-15",
        "acceptedDate": "2003-09-12 17:47:42",
        "calendarYear": "2003",
        "period": "Q4",
        "revenue": 494843000,
        "costOfRevenue": 111700000,
        "grossProfit": 383143000,
        "grossProfitRatio": 0.7742718398,
        "researchAndDevelopmentExpenses": 0,
        "generalAndAdministrativeExpenses": 298307000,
        "sellingAndMarketingExpenses": 10108000,
        "sellingGeneralAndAdministrativeExpenses": 308415000,
        "otherExpenses": 59126000,
        "operatingExpenses": 367541000,
        "costAndExpenses": 479241000,
        "interestIncome": 0,
        "interestExpense": 0,
        "depreciationAndAmortization": 53621000,
        "ebitda": 69223000,
        "ebitdaratio": 0.1398888132,
        "operatingIncome": 15602000,
        "operatingIncomeRatio": 0.0315291921,
        "totalOtherIncomeExpensesNet": 1695000,
        "incomeBeforeTax": 17297000,
        "incomeBeforeTaxRatio": 0.0349545209,
        "incomeTaxExpense": 6715000,
        "netIncome": 10582000,
        "netIncomeRatio": 0.0213845604,
        "eps": 0.03,
        "epsdiluted": 0.03,
        "weightedAverageShsOut": 352733333,
        "weightedAverageShsOutDil": 352733333,
        "link": "https://www.sec.gov/Archives/edgar/data/12659/000095013403012724/0000950134-03-012724-index.htm",
        "finalLink": "https://www.sec.gov/Archives/edgar/data/12659/000095013403012724/c79452e10vq.htm"
    },
    {
        "date": "2003-04-30",
        "symbol": "HRB",
        "reportedCurrency": "USD",
        "cik": "0000012659",
        "fillingDate": "2003-07-16",
        "acceptedDate": "2003-07-15 18:05:29",
        "calendarYear": "2003",
        "period": "Q3",
        "revenue": 1918592000,
        "costOfRevenue": 240417000,
        "grossProfit": 1678175000,
        "grossProfitRatio": 0.8746909192,
        "researchAndDevelopmentExpenses": 0,
        "generalAndAdministrativeExpenses": 0,
        "sellingAndMarketingExpenses": 0,
        "sellingGeneralAndAdministrativeExpenses": 756425000,
        "otherExpenses": 81715000,
        "operatingExpenses": 838140000,
        "costAndExpenses": 1078557000,
        "interestIncome": 0,
        "interestExpense": 0,
        "depreciationAndAmortization": 47083000,
        "ebitda": 887118000,
        "ebitdaratio": 0.4623797034,
        "operatingIncome": 840035000,
        "operatingIncomeRatio": 0.4378393113,
        "totalOtherIncomeExpensesNet": 2259000,
        "incomeBeforeTax": 842294000,
        "incomeBeforeTaxRatio": 0.4390167373,
        "incomeTaxExpense": 347652000,
        "netIncome": 494642000,
        "netIncomeRatio": 0.2578151061,
        "eps": -0.1,
        "epsdiluted": -0.1,
        "weightedAverageShsOut": 357760000,
        "weightedAverageShsOutDil": 357760000,
        "link": "https://www.sec.gov/Archives/edgar/data/12659/000095013403010141/0000950134-03-010141-index.htm",
        "finalLink": "https://www.sec.gov/Archives/edgar/data/12659/000095013403010141/c78154e10vk.htm"
    },
    {
        "date": "2003-01-31",
        "symbol": "HRB",
        "reportedCurrency": "USD",
        "cik": "0000012659",
        "fillingDate": "2003-03-17",
        "acceptedDate": "2003-03-17 17:29:39",
        "calendarYear": "2003",
        "period": "Q2",
        "revenue": 958413000,
        "costOfRevenue": 150288000,
        "grossProfit": 808125000,
        "grossProfitRatio": 0.8431907747,
        "researchAndDevelopmentExpenses": 0,
        "generalAndAdministrativeExpenses": 465015000,
        "sellingAndMarketingExpenses": 55331000,
        "sellingGeneralAndAdministrativeExpenses": 520346000,
        "otherExpenses": 67487000,
        "operatingExpenses": 587833000,
        "costAndExpenses": 738121000,
        "interestIncome": 0,
        "interestExpense": 0,
        "depreciationAndAmortization": 42670000,
        "ebitda": 262962000,
        "ebitdaratio": 0.2743723217,
        "operatingIncome": 220292000,
        "operatingIncomeRatio": 0.2298508054,
        "totalOtherIncomeExpensesNet": 2642000,
        "incomeBeforeTax": 222934000,
        "incomeBeforeTaxRatio": 0.2326074459,
        "incomeTaxExpense": 90621000,
        "netIncome": 132313000,
        "netIncomeRatio": 0.1380542626,
        "eps": 0.37,
        "epsdiluted": 0.37,
        "weightedAverageShsOut": 357602703,
        "weightedAverageShsOutDil": 362501370,
        "link": "https://www.sec.gov/Archives/edgar/data/12659/000095013403004041/0000950134-03-004041-index.htm",
        "finalLink": "https://www.sec.gov/Archives/edgar/data/12659/000095013403004041/c75388e10vq.htm"
    },
    {
        "date": "2002-10-31",
        "symbol": "HRB",
        "reportedCurrency": "USD",
        "cik": "0000012659",
        "fillingDate": "2002-12-16",
        "acceptedDate": "2002-12-16 14:38:08",
        "calendarYear": "2003",
        "period": "Q1",
        "revenue": 471396000,
        "costOfRevenue": 98653000,
        "grossProfit": 372743000,
        "grossProfitRatio": 0.7907216014,
        "researchAndDevelopmentExpenses": 0,
        "generalAndAdministrativeExpenses": 307748000,
        "sellingAndMarketingExpenses": 20818000,
        "sellingGeneralAndAdministrativeExpenses": 328566000,
        "otherExpenses": 106865000,
        "operatingExpenses": 435431000,
        "costAndExpenses": 534084000,
        "interestIncome": 0,
        "interestExpense": 0,
        "depreciationAndAmortization": 36495000,
        "ebitda": -26193000,
        "ebitdaratio": -0.0555647481,
        "operatingIncome": -62688000,
        "operatingIncomeRatio": -0.1329837334,
        "totalOtherIncomeExpensesNet": 443000,
        "incomeBeforeTax": -62245000,
        "incomeBeforeTaxRatio": -0.1320439715,
        "incomeTaxExpense": -24898000,
        "netIncome": -37347000,
        "netIncomeRatio": -0.0792263829,
        "eps": -0.1,
        "epsdiluted": -0.1,
        "weightedAverageShsOut": 357760000,
        "weightedAverageShsOutDil": 357760000,
        "link": "https://www.sec.gov/Archives/edgar/data/12659/000095013402015636/0000950134-02-015636-index.htm",
        "finalLink": "https://www.sec.gov/Archives/edgar/data/12659/000095013402015636/c73570e10vq.htm"
    },
    {
        "date": "2002-07-31",
        "symbol": "HRB",
        "reportedCurrency": "USD",
        "cik": "0000012659",
        "fillingDate": "2002-09-13",
        "acceptedDate": "2002-09-13 12:42:44",
        "calendarYear": "2002",
        "period": "Q4",
        "revenue": 431366000,
        "costOfRevenue": 80687000,
        "grossProfit": 350679000,
        "grossProfitRatio": 0.8129500239,
        "researchAndDevelopmentExpenses": 0,
        "generalAndAdministrativeExpenses": 0,
        "sellingAndMarketingExpenses": 0,
        "sellingGeneralAndAdministrativeExpenses": 292229000,
        "otherExpenses": 75847000,
        "operatingExpenses": 368076000,
        "costAndExpenses": 448763000,
        "interestIncome": 0,
        "interestExpense": 0,
        "depreciationAndAmortization": 35573000,
        "ebitda": 18176000,
        "ebitdaratio": 0.0421359124,
        "operatingIncome": -17397000,
        "operatingIncomeRatio": -0.0403300214,
        "totalOtherIncomeExpensesNet": 1491000,
        "incomeBeforeTax": -15906000,
        "incomeBeforeTaxRatio": -0.0368735598,
        "incomeTaxExpense": -6362000,
        "netIncome": -9544000,
        "netIncomeRatio": -0.0221250632,
        "eps": -0.0263,
        "epsdiluted": -0.0263,
        "weightedAverageShsOut": 362418000,
        "weightedAverageShsOutDil": 362418000,
        "link": "https://www.sec.gov/Archives/edgar/data/12659/000095013402011239/0000950134-02-011239-index.htm",
        "finalLink": "https://www.sec.gov/Archives/edgar/data/12659/000095013402011239/c71789e10vq.htm"
    },
    {
        "date": "2002-04-30",
        "symbol": "HRB",
        "reportedCurrency": "USD",
        "cik": "0000012659",
        "fillingDate": "2002-07-29",
        "acceptedDate": "2002-07-29 16:05:04",
        "calendarYear": "2002",
        "period": "Q3",
        "revenue": 1886844000,
        "costOfRevenue": 224177000,
        "grossProfit": 1662667000,
        "grossProfitRatio": 0.8811894359,
        "researchAndDevelopmentExpenses": 0,
        "generalAndAdministrativeExpenses": 0,
        "sellingAndMarketingExpenses": 0,
        "sellingGeneralAndAdministrativeExpenses": 820896000,
        "otherExpenses": 74109000,
        "operatingExpenses": 895005000,
        "costAndExpenses": 1119182000,
        "interestIncome": 0,
        "interestExpense": 0,
        "depreciationAndAmortization": 48291000,
        "ebitda": 815953000,
        "ebitdaratio": 0.4324432756,
        "operatingIncome": 767662000,
        "operatingIncomeRatio": 0.4068497449,
        "totalOtherIncomeExpensesNet": -1781000,
        "incomeBeforeTax": 765881000,
        "incomeBeforeTaxRatio": 0.4059058407,
        "incomeTaxExpense": 302297000,
        "netIncome": 463584000,
        "netIncomeRatio": 0.2456928077,
        "eps": -0.0768,
        "epsdiluted": -0.0768,
        "weightedAverageShsOut": 364576000,
        "weightedAverageShsOutDil": 364576000,
        "link": "https://www.sec.gov/Archives/edgar/data/12659/000095013402008804/0000950134-02-008804-index.htm",
        "finalLink": "https://www.sec.gov/Archives/edgar/data/12659/000095013402008804/c70740e10vk.htm"
    },
    {
        "date": "2002-01-31",
        "symbol": "HRB",
        "reportedCurrency": "USD",
        "cik": "0000012659",
        "fillingDate": "2002-03-18",
        "acceptedDate": "2002-03-18 00:00:00",
        "calendarYear": "2002",
        "period": "Q2",
        "revenue": 733532000,
        "costOfRevenue": 136655000,
        "grossProfit": 596877000,
        "grossProfitRatio": 0.8137027423,
        "researchAndDevelopmentExpenses": 0,
        "generalAndAdministrativeExpenses": 427126000,
        "sellingAndMarketingExpenses": 51905000,
        "sellingGeneralAndAdministrativeExpenses": 479031000,
        "otherExpenses": 68900000,
        "operatingExpenses": 547931000,
        "costAndExpenses": 684586000,
        "interestIncome": 0,
        "interestExpense": 0,
        "depreciationAndAmortization": 38167000,
        "ebitda": 87113000,
        "ebitdaratio": 0.1187582818,
        "operatingIncome": 48946000,
        "operatingIncomeRatio": 0.0667264686,
        "totalOtherIncomeExpensesNet": 828000,
        "incomeBeforeTax": 49774000,
        "incomeBeforeTaxRatio": 0.0678552538,
        "incomeTaxExpense": 20158000,
        "netIncome": 29616000,
        "netIncomeRatio": 0.0403745167,
        "eps": 0.08,
        "epsdiluted": 0.08,
        "weightedAverageShsOut": 365872000,
        "weightedAverageShsOutDil": 376362000,
        "link": "https://www.sec.gov/Archives/edgar/data/12659/000095013402002217/0000950134-02-002217-index.htm",
        "finalLink": "https://www.sec.gov/Archives/edgar/data/12659/000095013402002217/c68144e10-q.htm"
    },
    {
        "date": "2001-10-31",
        "symbol": "HRB",
        "reportedCurrency": "USD",
        "cik": "0000012659",
        "fillingDate": "2001-12-14",
        "acceptedDate": "2001-12-14 00:00:00",
        "calendarYear": "2002",
        "period": "Q1",
        "revenue": 373896000,
        "costOfRevenue": 72654000,
        "grossProfit": 301242000,
        "grossProfitRatio": 0.8056839335,
        "researchAndDevelopmentExpenses": 0,
        "generalAndAdministrativeExpenses": 268699000,
        "sellingAndMarketingExpenses": 16590000,
        "sellingGeneralAndAdministrativeExpenses": 285289000,
        "otherExpenses": 64114000,
        "operatingExpenses": 349403000,
        "costAndExpenses": 422057000,
        "interestIncome": 0,
        "interestExpense": 0,
        "depreciationAndAmortization": 34329000,
        "ebitda": -13832000,
        "ebitdaratio": -0.0369942444,
        "operatingIncome": -48161000,
        "operatingIncomeRatio": -0.1288085457,
        "totalOtherIncomeExpensesNet": 1084000,
        "incomeBeforeTax": -47077000,
        "incomeBeforeTaxRatio": -0.1259093438,
        "incomeTaxExpense": -19066000,
        "netIncome": -28011000,
        "netIncomeRatio": -0.0749165543,
        "eps": -0.0768,
        "epsdiluted": -0.0768,
        "weightedAverageShsOut": 364576000,
        "weightedAverageShsOutDil": 364576000,
        "link": "https://www.sec.gov/Archives/edgar/data/12659/000095012401504326/0000950124-01-504326-index.htm",
        "finalLink": "https://www.sec.gov/Archives/edgar/data/12659/000095012401504326/c66547e10-q.txt"
    },
    {
        "date": "2001-07-31",
        "symbol": "HRB",
        "reportedCurrency": "USD",
        "cik": "0000012659",
        "fillingDate": "2001-09-14",
        "acceptedDate": "2001-09-14 00:00:00",
        "calendarYear": "2001",
        "period": "Q4",
        "revenue": 328981000,
        "costOfRevenue": 64581000,
        "grossProfit": 264400000,
        "grossProfitRatio": 0.8036938303,
        "researchAndDevelopmentExpenses": 0,
        "generalAndAdministrativeExpenses": 0,
        "sellingAndMarketingExpenses": 0,
        "sellingGeneralAndAdministrativeExpenses": 253015000,
        "otherExpenses": 64404000,
        "operatingExpenses": 317419000,
        "costAndExpenses": 382000000,
        "interestIncome": 0,
        "interestExpense": 0,
        "depreciationAndAmortization": 34599000,
        "ebitda": -18420000,
        "ebitdaratio": -0.0559910755,
        "operatingIncome": -53019000,
        "operatingIncomeRatio": -0.1611612829,
        "totalOtherIncomeExpensesNet": 1281000,
        "incomeBeforeTax": -51738000,
        "incomeBeforeTaxRatio": -0.157267441,
        "incomeTaxExpense": -20954000,
        "netIncome": -30784000,
        "netIncomeRatio": -0.093573793,
        "eps": -0.0837,
        "epsdiluted": -0.0837,
        "weightedAverageShsOut": 367718000,
        "weightedAverageShsOutDil": 367718000,
        "link": "https://www.sec.gov/Archives/edgar/data/12659/000095012401503205/0000950124-01-503205-index.htm",
        "finalLink": "https://www.sec.gov/Archives/edgar/data/12659/000095012401503205/c64993e10-q.txt"
    },
    {
        "date": "2001-04-30",
        "symbol": "HRB",
        "reportedCurrency": "USD",
        "cik": "0000012659",
        "fillingDate": "2001-07-30",
        "acceptedDate": "2001-07-30 00:00:00",
        "calendarYear": "2001",
        "period": "Q3",
        "revenue": 1698637000,
        "costOfRevenue": 161788000,
        "grossProfit": 1536849000,
        "grossProfitRatio": 0.9047542235,
        "researchAndDevelopmentExpenses": 0,
        "generalAndAdministrativeExpenses": 0,
        "sellingAndMarketingExpenses": 0,
        "sellingGeneralAndAdministrativeExpenses": 792889000,
        "otherExpenses": 103950000,
        "operatingExpenses": 896839000,
        "costAndExpenses": 1058627000,
        "interestIncome": 0,
        "interestExpense": 0,
        "depreciationAndAmortization": 56618000,
        "ebitda": 696628000,
        "ebitdaratio": 0.4101099882,
        "operatingIncome": 640010000,
        "operatingIncomeRatio": 0.3767785583,
        "totalOtherIncomeExpensesNet": -399000,
        "incomeBeforeTax": 639611000,
        "incomeBeforeTaxRatio": 0.3765436641,
        "incomeTaxExpense": 267107000,
        "netIncome": 376918000,
        "netIncomeRatio": 0.2218943777,
        "eps": -0.14,
        "epsdiluted": -0.14,
        "weightedAverageShsOut": 355704895,
        "weightedAverageShsOutDil": 365612000,
        "link": "https://www.sec.gov/Archives/edgar/data/12659/000095013401504443/0000950134-01-504443-index.htm",
        "finalLink": "https://www.sec.gov/Archives/edgar/data/12659/000095013401504443/c63912e10-k405.txt"
    },
    {
        "date": "2001-01-31",
        "symbol": "HRB",
        "reportedCurrency": "USD",
        "cik": "0000012659",
        "fillingDate": "2001-03-19",
        "acceptedDate": "2001-03-19 00:00:00",
        "calendarYear": "2001",
        "period": "Q2",
        "revenue": 661354000,
        "costOfRevenue": 97888000,
        "grossProfit": 563466000,
        "grossProfitRatio": 0.8519884963,
        "researchAndDevelopmentExpenses": 0,
        "generalAndAdministrativeExpenses": 0,
        "sellingAndMarketingExpenses": 0,
        "sellingGeneralAndAdministrativeExpenses": 435913000,
        "otherExpenses": 120896000,
        "operatingExpenses": 556809000,
        "costAndExpenses": 654697000,
        "interestIncome": 0,
        "interestExpense": 0,
        "depreciationAndAmortization": 52848000,
        "ebitda": 59505000,
        "ebitdaratio": 0.0899745068,
        "operatingIncome": 6657000,
        "operatingIncomeRatio": 0.0100657137,
        "totalOtherIncomeExpensesNet": 3159000,
        "incomeBeforeTax": 9816000,
        "incomeBeforeTaxRatio": 0.0148422781,
        "incomeTaxExpense": 4171000,
        "netIncome": 5645000,
        "netIncomeRatio": 0.0085355196,
        "eps": 0.015,
        "epsdiluted": 0.015,
        "weightedAverageShsOut": 376333333,
        "weightedAverageShsOutDil": 376333333,
        "link": "https://www.sec.gov/Archives/edgar/data/12659/000095012401001389/0000950124-01-001389-index.htm",
        "finalLink": "https://www.sec.gov/Archives/edgar/data/12659/000095012401001389/c60855ae10-q.txt"
    },
    {
        "date": "2000-10-31",
        "symbol": "HRB",
        "reportedCurrency": "USD",
        "cik": "0000012659",
        "fillingDate": "2000-12-15",
        "acceptedDate": "2000-12-15 00:00:00",
        "calendarYear": "2001",
        "period": "Q1",
        "revenue": 337474000,
        "costOfRevenue": 61128000,
        "grossProfit": 276346000,
        "grossProfitRatio": 0.818866046,
        "researchAndDevelopmentExpenses": 0,
        "generalAndAdministrativeExpenses": 0,
        "sellingAndMarketingExpenses": 0,
        "sellingGeneralAndAdministrativeExpenses": 252595000,
        "otherExpenses": 112658000,
        "operatingExpenses": 365253000,
        "costAndExpenses": 426381000,
        "interestIncome": 0,
        "interestExpense": 0,
        "depreciationAndAmortization": 48685000,
        "ebitda": -40222000,
        "ebitdaratio": -0.119185478,
        "operatingIncome": -88907000,
        "operatingIncomeRatio": -0.2634484434,
        "totalOtherIncomeExpensesNet": 2551000,
        "incomeBeforeTax": -86356000,
        "incomeBeforeTaxRatio": -0.2558893426,
        "incomeTaxExpense": -36701000,
        "netIncome": -49655000,
        "netIncomeRatio": -0.1471372609,
        "eps": -0.14,
        "epsdiluted": -0.14,
        "weightedAverageShsOut": 365612000,
        "weightedAverageShsOutDil": 365612000,
        "link": "https://www.sec.gov/Archives/edgar/data/12659/000095013700005252/0000950137-00-005252-index.htm",
        "finalLink": "https://www.sec.gov/Archives/edgar/data/12659/000095013700005252/c59093e10-q.txt"
    },
    {
        "date": "2000-07-31",
        "symbol": "HRB",
        "reportedCurrency": "USD",
        "cik": "0000012659",
        "fillingDate": "2000-09-13",
        "acceptedDate": "2000-09-13 00:00:00",
        "calendarYear": "2000",
        "period": "Q4",
        "revenue": 304110000,
        "costOfRevenue": 64090000,
        "grossProfit": 240020000,
        "grossProfitRatio": 0.7892538884,
        "researchAndDevelopmentExpenses": 0,
        "generalAndAdministrativeExpenses": 0,
        "sellingAndMarketingExpenses": 0,
        "sellingGeneralAndAdministrativeExpenses": 222059000,
        "otherExpenses": 110655000,
        "operatingExpenses": 332714000,
        "costAndExpenses": 396804000,
        "interestIncome": 0,
        "interestExpense": 0,
        "depreciationAndAmortization": 47457000,
        "ebitda": -45237000,
        "ebitdaratio": -0.1487520963,
        "operatingIncome": -92694000,
        "operatingIncomeRatio": -0.3048041827,
        "totalOtherIncomeExpensesNet": 2701000,
        "incomeBeforeTax": -89993000,
        "incomeBeforeTaxRatio": -0.295922528,
        "incomeTaxExpense": -38247000,
        "netIncome": -51746000,
        "netIncomeRatio": -0.1701555358,
        "eps": -0.14,
        "epsdiluted": -0.14,
        "weightedAverageShsOut": 373044000,
        "weightedAverageShsOutDil": 373044000,
        "link": "https://www.sec.gov/Archives/edgar/data/12659/000095012400005617/0000950124-00-005617-index.htm",
        "finalLink": "https://www.sec.gov/Archives/edgar/data/12659/000095012400005617/c57432e10-q.txt"
    },
    {
        "date": "2000-04-30",
        "symbol": "HRB",
        "reportedCurrency": "USD",
        "cik": "0000012659",
        "fillingDate": "2000-07-28",
        "acceptedDate": "2000-07-28 00:00:00",
        "calendarYear": "2000",
        "period": "Q3",
        "revenue": 1607930000,
        "costOfRevenue": 142154000,
        "grossProfit": 1465776000,
        "grossProfitRatio": 0.9115919225,
        "researchAndDevelopmentExpenses": 0,
        "generalAndAdministrativeExpenses": 0,
        "sellingAndMarketingExpenses": 0,
        "sellingGeneralAndAdministrativeExpenses": 773396000,
        "otherExpenses": 137804000,
        "operatingExpenses": 911200000,
        "costAndExpenses": 1053354000,
        "interestIncome": 0,
        "interestExpense": 0,
        "depreciationAndAmortization": 67948000,
        "ebitda": 622524000,
        "ebitdaratio": 0.387158645,
        "operatingIncome": 554576000,
        "operatingIncomeRatio": 0.3449005865,
        "totalOtherIncomeExpensesNet": 3167000,
        "incomeBeforeTax": 557743000,
        "incomeBeforeTaxRatio": 0.3468701996,
        "incomeTaxExpense": 216962000,
        "netIncome": 340781000,
        "netIncomeRatio": 0.2119377087,
        "eps": -0.11,
        "epsdiluted": -0.11,
        "weightedAverageShsOut": 391256000,
        "weightedAverageShsOutDil": 391256000,
        "link": "https://www.sec.gov/Archives/edgar/data/12659/000095012400004430/0000950124-00-004430-index.htm",
        "finalLink": "https://www.sec.gov/Archives/edgar/data/12659/000095012400004430/e10-k405.txt"
    },
    {
        "date": "2000-01-31",
        "symbol": "HRB",
        "reportedCurrency": "USD",
        "cik": "0000012659",
        "fillingDate": "2000-03-16",
        "acceptedDate": "2000-03-16 00:00:00",
        "calendarYear": "2000",
        "period": "Q2",
        "revenue": 496400000,
        "costOfRevenue": 80100000,
        "grossProfit": 416300000,
        "grossProfitRatio": 0.838638195,
        "researchAndDevelopmentExpenses": 0,
        "generalAndAdministrativeExpenses": 0,
        "sellingAndMarketingExpenses": 0,
        "sellingGeneralAndAdministrativeExpenses": 360700000,
        "otherExpenses": 36500000,
        "operatingExpenses": 397200000,
        "costAndExpenses": 477300000,
        "interestIncome": 0,
        "interestExpense": 0,
        "depreciationAndAmortization": 36569000,
        "ebitda": 55669000,
        "ebitdaratio": 0.1121454472,
        "operatingIncome": 19100000,
        "operatingIncomeRatio": 0.0384770346,
        "totalOtherIncomeExpensesNet": -32600000,
        "incomeBeforeTax": -13500000,
        "incomeBeforeTaxRatio": -0.0271958098,
        "incomeTaxExpense": -6400000,
        "netIncome": -7100000,
        "netIncomeRatio": -0.0143029815,
        "eps": -0.0174,
        "epsdiluted": -0.0174,
        "weightedAverageShsOut": 405714286,
        "weightedAverageShsOutDil": 405714286,
        "link": "https://www.sec.gov/Archives/edgar/data/12659/000095012400001265/0000950124-00-001265-index.html",
        "finalLink": "https://www.sec.gov/Archives/edgar/data/12659/000095012400001265/"
    },
    {
        "date": "1999-10-31",
        "symbol": "HRB",
        "reportedCurrency": "USD",
        "cik": "0000012659",
        "fillingDate": "1999-12-15",
        "acceptedDate": "1999-12-15 00:00:00",
        "calendarYear": "2000",
        "period": "Q1",
        "revenue": 209946000,
        "costOfRevenue": 50631000,
        "grossProfit": 159315000,
        "grossProfitRatio": 0.7588379869,
        "researchAndDevelopmentExpenses": 0,
        "generalAndAdministrativeExpenses": 0,
        "sellingAndMarketingExpenses": 0,
        "sellingGeneralAndAdministrativeExpenses": 186434000,
        "otherExpenses": 47675000,
        "operatingExpenses": 234109000,
        "costAndExpenses": 284740000,
        "interestIncome": 0,
        "interestExpense": 0,
        "depreciationAndAmortization": 24331000,
        "ebitda": -50463000,
        "ebitdaratio": -0.2403618073,
        "operatingIncome": -74794000,
        "operatingIncomeRatio": -0.3562535128,
        "totalOtherIncomeExpensesNet": 2637000,
        "incomeBeforeTax": -72157000,
        "incomeBeforeTaxRatio": -0.3436931401,
        "incomeTaxExpense": -27420000,
        "netIncome": -44737000,
        "netIncomeRatio": -0.2130881274,
        "eps": -0.11,
        "epsdiluted": -0.11,
        "weightedAverageShsOut": 391256000,
        "weightedAverageShsOutDil": 391256000,
        "link": "https://www.sec.gov/Archives/edgar/data/12659/000095012499006487/0000950124-99-006487-index.html",
        "finalLink": "https://www.sec.gov/Archives/edgar/data/12659/000095012499006487/"
    },
    {
        "date": "1999-07-31",
        "symbol": "HRB",
        "reportedCurrency": "USD",
        "cik": "0000012659",
        "fillingDate": "1999-09-13",
        "acceptedDate": "1999-09-13 00:00:00",
        "calendarYear": "1999",
        "period": "Q4",
        "revenue": 121560000,
        "costOfRevenue": 28755000,
        "grossProfit": 92805000,
        "grossProfitRatio": 0.7634501481,
        "researchAndDevelopmentExpenses": 0,
        "generalAndAdministrativeExpenses": 0,
        "sellingAndMarketingExpenses": 0,
        "sellingGeneralAndAdministrativeExpenses": 125394000,
        "otherExpenses": 29874000,
        "operatingExpenses": 155268000,
        "costAndExpenses": 184023000,
        "interestIncome": 0,
        "interestExpense": 0,
        "depreciationAndAmortization": 18400000,
        "ebitda": -44063000,
        "ebitdaratio": -0.362479434,
        "operatingIncome": -62463000,
        "operatingIncomeRatio": -0.5138450148,
        "totalOtherIncomeExpensesNet": 2666000,
        "incomeBeforeTax": -59797000,
        "incomeBeforeTaxRatio": -0.4919134584,
        "incomeTaxExpense": -22723000,
        "netIncome": -37074000,
        "netIncomeRatio": -0.3049851925,
        "eps": -0.0949,
        "epsdiluted": -0.0949,
        "weightedAverageShsOut": 390852000,
        "weightedAverageShsOutDil": 390852000,
        "link": "https://www.sec.gov/Archives/edgar/data/12659/000095012499005133/0000950124-99-005133-index.html",
        "finalLink": "https://www.sec.gov/Archives/edgar/data/12659/000095012499005133/"
    },
    {
        "date": "1999-04-30",
        "symbol": "HRB",
        "reportedCurrency": "USD",
        "cik": "0000012659",
        "fillingDate": "1999-07-29",
        "acceptedDate": "1999-07-29 00:00:00",
        "calendarYear": "1999",
        "period": "Q3",
        "revenue": 1196997000,
        "costOfRevenue": 80834000,
        "grossProfit": 1116163000,
        "grossProfitRatio": 0.9324693379,
        "researchAndDevelopmentExpenses": 0,
        "generalAndAdministrativeExpenses": 0,
        "sellingAndMarketingExpenses": 0,
        "sellingGeneralAndAdministrativeExpenses": 620730000,
        "otherExpenses": 15449000,
        "operatingExpenses": 636179000,
        "costAndExpenses": 717013000,
        "interestIncome": 0,
        "interestExpense": 0,
        "depreciationAndAmortization": 29539000,
        "ebitda": 509523000,
        "ebitdaratio": 0.4256677335,
        "operatingIncome": 479984000,
        "operatingIncomeRatio": 0.4009901445,
        "totalOtherIncomeExpensesNet": 1169000,
        "incomeBeforeTax": 481153000,
        "incomeBeforeTaxRatio": 0.4019667551,
        "incomeTaxExpense": 182818000,
        "netIncome": 297374000,
        "netIncomeRatio": 0.2484333712,
        "eps": -0.0786,
        "epsdiluted": -0.0786,
        "weightedAverageShsOut": 388991704,
        "weightedAverageShsOutDil": 396488000,
        "link": "https://www.sec.gov/Archives/edgar/data/12659/000095012499004315/0000950124-99-004315-index.html",
        "finalLink": "https://www.sec.gov/Archives/edgar/data/12659/000095012499004315/"
    },
    {
        "date": "1999-01-31",
        "symbol": "HRB",
        "reportedCurrency": "USD",
        "cik": "0000012659",
        "fillingDate": "1999-03-16",
        "acceptedDate": "1999-03-16 00:00:00",
        "calendarYear": "1999",
        "period": "Q2",
        "revenue": 291482000,
        "costOfRevenue": 72546000,
        "grossProfit": 218936000,
        "grossProfitRatio": 0.7511132763,
        "researchAndDevelopmentExpenses": 0,
        "generalAndAdministrativeExpenses": 0,
        "sellingAndMarketingExpenses": 0,
        "sellingGeneralAndAdministrativeExpenses": 185492000,
        "otherExpenses": 41794000,
        "operatingExpenses": 227286000,
        "costAndExpenses": 299832000,
        "interestIncome": 0,
        "interestExpense": 0,
        "depreciationAndAmortization": 17916000,
        "ebitda": 9755000,
        "ebitdaratio": 0.0334669036,
        "operatingIncome": -8350000,
        "operatingIncomeRatio": -0.0286467089,
        "totalOtherIncomeExpensesNet": 3762000,
        "incomeBeforeTax": -4588000,
        "incomeBeforeTaxRatio": -0.0157402515,
        "incomeTaxExpense": -1743000,
        "netIncome": -23096000,
        "netIncomeRatio": -0.0792364537,
        "eps": -0.0592,
        "epsdiluted": -0.0592,
        "weightedAverageShsOut": 389924000,
        "weightedAverageShsOutDil": 389924000,
        "link": "https://www.sec.gov/Archives/edgar/data/12659/000095012499001828/0000950124-99-001828-index.html",
        "finalLink": "https://www.sec.gov/Archives/edgar/data/12659/"
    },
    {
        "date": "1998-10-31",
        "symbol": "HRB",
        "reportedCurrency": "USD",
        "cik": "0000012659",
        "fillingDate": "1998-12-15",
        "acceptedDate": "1998-12-15 00:00:00",
        "calendarYear": "1999",
        "period": "Q1",
        "revenue": 85613000,
        "costOfRevenue": 30882000,
        "grossProfit": 54731000,
        "grossProfitRatio": 0.6392837536,
        "researchAndDevelopmentExpenses": 0,
        "generalAndAdministrativeExpenses": 0,
        "sellingAndMarketingExpenses": 0,
        "sellingGeneralAndAdministrativeExpenses": 99118000,
        "otherExpenses": 15508000,
        "operatingExpenses": 114626000,
        "costAndExpenses": 145508000,
        "interestIncome": 0,
        "interestExpense": 0,
        "depreciationAndAmortization": 13496000,
        "ebitda": -46399000,
        "ebitdaratio": -0.5419620852,
        "operatingIncome": -59895000,
        "operatingIncomeRatio": -0.699601696,
        "totalOtherIncomeExpensesNet": 9646000,
        "incomeBeforeTax": -50249000,
        "incomeBeforeTaxRatio": -0.5869318912,
        "incomeTaxExpense": -19094000,
        "netIncome": -31173000,
        "netIncomeRatio": -0.3641152629,
        "eps": -0.0786,
        "epsdiluted": -0.0786,
        "weightedAverageShsOut": 396488000,
        "weightedAverageShsOutDil": 396488000,
        "link": "https://www.sec.gov/Archives/edgar/data/12659/000095012498007410/0000950124-98-007410-index.html",
        "finalLink": "https://www.sec.gov/Archives/edgar/data/12659/"
    },
    {
        "date": "1998-07-31",
        "symbol": "HRB",
        "reportedCurrency": "USD",
        "cik": "0000012659",
        "fillingDate": "1998-09-14",
        "acceptedDate": "1998-09-14 00:00:00",
        "calendarYear": "1998",
        "period": "Q4",
        "revenue": 70573000,
        "costOfRevenue": 25178000,
        "grossProfit": 45395000,
        "grossProfitRatio": 0.6432346648,
        "researchAndDevelopmentExpenses": 0,
        "generalAndAdministrativeExpenses": 0,
        "sellingAndMarketingExpenses": 0,
        "sellingGeneralAndAdministrativeExpenses": 87368000,
        "otherExpenses": 14692000,
        "operatingExpenses": 102060000,
        "costAndExpenses": 127238000,
        "interestIncome": 0,
        "interestExpense": 0,
        "depreciationAndAmortization": 13388000,
        "ebitda": -43277000,
        "ebitdaratio": -0.6132231873,
        "operatingIncome": -56665000,
        "operatingIncomeRatio": -0.8029274652,
        "totalOtherIncomeExpensesNet": 13890000,
        "incomeBeforeTax": -42775000,
        "incomeBeforeTaxRatio": -0.6061099854,
        "incomeTaxExpense": -16235000,
        "netIncome": -27739000,
        "netIncomeRatio": -0.3930540008,
        "eps": -0.0661,
        "epsdiluted": -0.0661,
        "weightedAverageShsOut": 419904000,
        "weightedAverageShsOutDil": 419904000,
        "link": "https://www.sec.gov/Archives/edgar/data/12659/000095012498004945/0000950124-98-004945-index.html",
        "finalLink": "https://www.sec.gov/Archives/edgar/data/12659/"
    },
    {
        "date": "1998-04-30",
        "symbol": "HRB",
        "reportedCurrency": "USD",
        "cik": "0000012659",
        "fillingDate": "1998-07-29",
        "acceptedDate": "1998-07-29 00:00:00",
        "calendarYear": "1998",
        "period": "Q3",
        "revenue": 975900000,
        "costOfRevenue": 45095000,
        "grossProfit": 930805000,
        "grossProfitRatio": 0.9537913721,
        "researchAndDevelopmentExpenses": 0,
        "generalAndAdministrativeExpenses": 0,
        "sellingAndMarketingExpenses": 0,
        "sellingGeneralAndAdministrativeExpenses": 516823000,
        "otherExpenses": 15029000,
        "operatingExpenses": 531852000,
        "costAndExpenses": 576947000,
        "interestIncome": 0,
        "interestExpense": 0,
        "depreciationAndAmortization": 21150000,
        "ebitda": 420103000,
        "ebitdaratio": 0.4304775079,
        "operatingIncome": 398953000,
        "operatingIncomeRatio": 0.4088052055,
        "totalOtherIncomeExpensesNet": 15431000,
        "incomeBeforeTax": 414384000,
        "incomeBeforeTaxRatio": 0.4246172764,
        "incomeTaxExpense": 157466000,
        "netIncome": 256918000,
        "netIncomeRatio": 0.2632626294,
        "eps": -0.0728,
        "epsdiluted": -0.0728,
        "weightedAverageShsOut": 418208000,
        "weightedAverageShsOutDil": 418208000,
        "link": "https://www.sec.gov/Archives/edgar/data/12659/000095012498004013/0000950124-98-004013-index.html",
        "finalLink": "https://www.sec.gov/Archives/edgar/data/12659/"
    },
    {
        "date": "1998-01-31",
        "symbol": "HRB",
        "reportedCurrency": "USD",
        "cik": "0000012659",
        "fillingDate": "1998-03-16",
        "acceptedDate": "1998-03-16 00:00:00",
        "calendarYear": "1998",
        "period": "Q2",
        "revenue": 198776000,
        "costOfRevenue": 54949000,
        "grossProfit": 143827000,
        "grossProfitRatio": 0.7235632068,
        "researchAndDevelopmentExpenses": 0,
        "generalAndAdministrativeExpenses": 0,
        "sellingAndMarketingExpenses": 0,
        "sellingGeneralAndAdministrativeExpenses": 156477000,
        "otherExpenses": 12371000,
        "operatingExpenses": 168848000,
        "costAndExpenses": 223797000,
        "interestIncome": 0,
        "interestExpense": 0,
        "depreciationAndAmortization": 15603000,
        "ebitda": -9418000,
        "ebitdaratio": -0.0473799654,
        "operatingIncome": -25021000,
        "operatingIncomeRatio": -0.1258753572,
        "totalOtherIncomeExpensesNet": 1090000,
        "incomeBeforeTax": -23931000,
        "incomeBeforeTaxRatio": -0.1203917978,
        "incomeTaxExpense": -9094000,
        "netIncome": 214578000,
        "netIncomeRatio": 1.0794965187,
        "eps": 0.51,
        "epsdiluted": 0.51,
        "weightedAverageShsOut": 420200000,
        "weightedAverageShsOutDil": 420200000,
        "link": "https://www.sec.gov/Archives/edgar/data/12659/000095012498001364/0000950124-98-001364-index.html",
        "finalLink": "https://www.sec.gov/Archives/edgar/data/12659/"
    },
    {
        "date": "1997-10-31",
        "symbol": "HRB",
        "reportedCurrency": "USD",
        "cik": "0000012659",
        "fillingDate": "1997-12-12",
        "acceptedDate": "1997-12-12 00:00:00",
        "calendarYear": "1998",
        "period": "Q1",
        "revenue": 82992000,
        "costOfRevenue": 34279000,
        "grossProfit": 48713000,
        "grossProfitRatio": 0.5869601889,
        "researchAndDevelopmentExpenses": 0,
        "generalAndAdministrativeExpenses": 0,
        "sellingAndMarketingExpenses": 0,
        "sellingGeneralAndAdministrativeExpenses": 88390000,
        "otherExpenses": 13355000,
        "operatingExpenses": 101745000,
        "costAndExpenses": 136024000,
        "interestIncome": 0,
        "interestExpense": 0,
        "depreciationAndAmortization": 10238000,
        "ebitda": -42794000,
        "ebitdaratio": -0.5156400617,
        "operatingIncome": -53032000,
        "operatingIncomeRatio": -0.6390013495,
        "totalOtherIncomeExpensesNet": 3203000,
        "incomeBeforeTax": -49829000,
        "incomeBeforeTaxRatio": -0.6004072682,
        "incomeTaxExpense": -19380000,
        "netIncome": -41231000,
        "netIncomeRatio": -0.4968069211,
        "eps": -0.0986,
        "epsdiluted": -0.0986,
        "weightedAverageShsOut": 418208000,
        "weightedAverageShsOutDil": 418208000,
        "link": "https://www.sec.gov/Archives/edgar/data/12659/000095012497006420/0000950124-97-006420-index.html",
        "finalLink": "https://www.sec.gov/Archives/edgar/data/12659/"
    },
    {
        "date": "1997-07-31",
        "symbol": "HRB",
        "reportedCurrency": "USD",
        "cik": "0000012659",
        "fillingDate": "1997-09-15",
        "acceptedDate": "1997-09-15 00:00:00",
        "calendarYear": "1997",
        "period": "Q4",
        "revenue": 39210000,
        "costOfRevenue": 22579000,
        "grossProfit": 16631000,
        "grossProfitRatio": 0.424152002,
        "researchAndDevelopmentExpenses": 0,
        "generalAndAdministrativeExpenses": 0,
        "sellingAndMarketingExpenses": 0,
        "sellingGeneralAndAdministrativeExpenses": 69092000,
        "otherExpenses": 8238000,
        "operatingExpenses": 77330000,
        "costAndExpenses": 99909000,
        "interestIncome": 0,
        "interestExpense": 0,
        "depreciationAndAmortization": 8796000,
        "ebitda": -51903000,
        "ebitdaratio": -1.3237184392,
        "operatingIncome": -60699000,
        "operatingIncomeRatio": -1.5480489671,
        "totalOtherIncomeExpensesNet": 5190000,
        "incomeBeforeTax": -55509000,
        "incomeBeforeTaxRatio": -1.4156847743,
        "incomeTaxExpense": -20648000,
        "netIncome": -38135000,
        "netIncomeRatio": -0.9725835246,
        "eps": -0.0916,
        "epsdiluted": -0.0916,
        "weightedAverageShsOut": 416408000,
        "weightedAverageShsOutDil": 416408000,
        "link": "https://www.sec.gov/Archives/edgar/data/12659/000095013797003073/0000950137-97-003073-index.html",
        "finalLink": "https://www.sec.gov/Archives/edgar/data/12659/"
    },
    {
        "date": "1997-04-30",
        "symbol": "HRB",
        "reportedCurrency": "USD",
        "cik": "0000012659",
        "fillingDate": "1997-07-29",
        "acceptedDate": "1997-07-29 00:00:00",
        "calendarYear": "1997",
        "period": "Q3",
        "revenue": 1085891000,
        "costOfRevenue": 26912000,
        "grossProfit": 1058979000,
        "grossProfitRatio": 0.9752166654,
        "researchAndDevelopmentExpenses": 0,
        "generalAndAdministrativeExpenses": 0,
        "sellingAndMarketingExpenses": 0,
        "sellingGeneralAndAdministrativeExpenses": 751766000,
        "otherExpenses": 0,
        "operatingExpenses": 751766000,
        "costAndExpenses": 778678000,
        "interestIncome": 0,
        "interestExpense": 0,
        "depreciationAndAmortization": 72743000,
        "ebitda": 379956000,
        "ebitdaratio": 0.3499025224,
        "operatingIncome": 307213000,
        "operatingIncomeRatio": 0.2829132942,
        "totalOtherIncomeExpensesNet": 9551000,
        "incomeBeforeTax": 316764000,
        "incomeBeforeTaxRatio": 0.2917088363,
        "incomeTaxExpense": 117329000,
        "netIncome": 199435000,
        "netIncomeRatio": 0.1836602385,
        "eps": -0.18,
        "epsdiluted": -0.18,
        "weightedAverageShsOut": 416068000,
        "weightedAverageShsOutDil": 416068000,
        "link": "https://www.sec.gov/Archives/edgar/data/12659/000095013797002482/0000950137-97-002482-index.html",
        "finalLink": "https://www.sec.gov/Archives/edgar/data/12659/"
    },
    {
        "date": "1997-01-31",
        "symbol": "HRB",
        "reportedCurrency": "USD",
        "cik": "0000012659",
        "fillingDate": "1997-03-17",
        "acceptedDate": "1997-03-17 00:00:00",
        "calendarYear": "1997",
        "period": "Q2",
        "revenue": 155137000,
        "costOfRevenue": 47795000,
        "grossProfit": 107342000,
        "grossProfitRatio": 0.6919174665,
        "researchAndDevelopmentExpenses": 0,
        "generalAndAdministrativeExpenses": 0,
        "sellingAndMarketingExpenses": 0,
        "sellingGeneralAndAdministrativeExpenses": 126799000,
        "otherExpenses": 3618000,
        "operatingExpenses": 130417000,
        "costAndExpenses": 178212000,
        "interestIncome": 0,
        "interestExpense": 0,
        "depreciationAndAmortization": 8562000,
        "ebitda": -14513000,
        "ebitdaratio": -0.0935495723,
        "operatingIncome": -23075000,
        "operatingIncomeRatio": -0.1487395012,
        "totalOtherIncomeExpensesNet": 657000,
        "incomeBeforeTax": -22418000,
        "incomeBeforeTaxRatio": -0.1445045347,
        "incomeTaxExpense": -8496000,
        "netIncome": -25326000,
        "netIncomeRatio": -0.1632492571,
        "eps": -0.0609,
        "epsdiluted": -0.0609,
        "weightedAverageShsOut": 416164000,
        "weightedAverageShsOutDil": 416164000,
        "link": "https://www.sec.gov/Archives/edgar/data/12659/000095013797001044/0000950137-97-001044-index.html",
        "finalLink": "https://www.sec.gov/Archives/edgar/data/12659/"
    },
    {
        "date": "1996-10-31",
        "symbol": "HRB",
        "reportedCurrency": "USD",
        "cik": "0000012659",
        "fillingDate": "1996-12-16",
        "acceptedDate": "1996-12-16 00:00:00",
        "calendarYear": "1997",
        "period": "Q1",
        "revenue": 41107000,
        "costOfRevenue": 20714000,
        "grossProfit": 20393000,
        "grossProfitRatio": 0.4960955555,
        "researchAndDevelopmentExpenses": 0,
        "generalAndAdministrativeExpenses": 0,
        "sellingAndMarketingExpenses": 0,
        "sellingGeneralAndAdministrativeExpenses": 65113000,
        "otherExpenses": 2027000,
        "operatingExpenses": 67140000,
        "costAndExpenses": 87854000,
        "interestIncome": 0,
        "interestExpense": 0,
        "depreciationAndAmortization": 6894000,
        "ebitda": -39853000,
        "ebitdaratio": -0.9694942467,
        "operatingIncome": -46747000,
        "operatingIncomeRatio": -1.1372029095,
        "totalOtherIncomeExpensesNet": 2262000,
        "incomeBeforeTax": -44485000,
        "incomeBeforeTaxRatio": -1.0821757851,
        "incomeTaxExpense": -16860000,
        "netIncome": -74128000,
        "netIncomeRatio": -1.8032938429,
        "eps": -0.18,
        "epsdiluted": -0.18,
        "weightedAverageShsOut": 416068000,
        "weightedAverageShsOutDil": 416068000,
        "link": "https://www.sec.gov/Archives/edgar/data/12659/000095013796002587/0000950137-96-002587-index.html",
        "finalLink": "https://www.sec.gov/Archives/edgar/data/12659/"
    },
    {
        "date": "1996-07-31",
        "symbol": "HRB",
        "reportedCurrency": "USD",
        "cik": "0000012659",
        "fillingDate": "1996-09-16",
        "acceptedDate": "1996-09-16 00:00:00",
        "calendarYear": "1996",
        "period": "Q4",
        "revenue": 20615000,
        "costOfRevenue": 17291000,
        "grossProfit": 3324000,
        "grossProfitRatio": 0.1612418142,
        "researchAndDevelopmentExpenses": 0,
        "generalAndAdministrativeExpenses": 0,
        "sellingAndMarketingExpenses": 0,
        "sellingGeneralAndAdministrativeExpenses": 53154000,
        "otherExpenses": 0,
        "operatingExpenses": 53154000,
        "costAndExpenses": 70445000,
        "interestIncome": 0,
        "interestExpense": 0,
        "depreciationAndAmortization": 6629000,
        "ebitda": -43201000,
        "ebitdaratio": -2.0956099927,
        "operatingIncome": -49830000,
        "operatingIncomeRatio": -2.4171719622,
        "totalOtherIncomeExpensesNet": 3944000,
        "incomeBeforeTax": -45886000,
        "incomeBeforeTaxRatio": -2.22585496,
        "incomeTaxExpense": -17391000,
        "netIncome": -52226000,
        "netIncomeRatio": -2.5333980112,
        "eps": -0.13,
        "epsdiluted": -0.13,
        "weightedAverageShsOut": 415292000,
        "weightedAverageShsOutDil": 415292000,
        "link": "https://www.sec.gov/Archives/edgar/data/12659/000095013796001720/0000950137-96-001720-index.html",
        "finalLink": "https://www.sec.gov/Archives/edgar/data/12659/"
    },
    {
        "date": "1996-04-30",
        "symbol": "HRB",
        "reportedCurrency": "USD",
        "cik": "0000012659",
        "fillingDate": "1996-07-29",
        "acceptedDate": "1996-07-29 00:00:00",
        "calendarYear": "1996",
        "period": "Q3",
        "revenue": 140347000,
        "costOfRevenue": -21492000,
        "grossProfit": 161839000,
        "grossProfitRatio": 1.1531347303,
        "researchAndDevelopmentExpenses": 0,
        "generalAndAdministrativeExpenses": 0,
        "sellingAndMarketingExpenses": 0,
        "sellingGeneralAndAdministrativeExpenses": -49487000,
        "otherExpenses": 0,
        "operatingExpenses": -49487000,
        "costAndExpenses": -70979000,
        "interestIncome": 0,
        "interestExpense": 0,
        "depreciationAndAmortization": -51318000,
        "ebitda": 211326000,
        "ebitdaratio": 1.505739346,
        "operatingIncome": 211326000,
        "operatingIncomeRatio": 1.505739346,
        "totalOtherIncomeExpensesNet": 0,
        "incomeBeforeTax": 211326000,
        "incomeBeforeTaxRatio": 1.505739346,
        "incomeTaxExpense": 77694000,
        "netIncome": 185711000,
        "netIncomeRatio": 1.3232274292,
        "eps": -0.02,
        "epsdiluted": -0.02,
        "weightedAverageShsOut": 413988000,
        "weightedAverageShsOutDil": 415800000,
        "link": "https://www.sec.gov/Archives/edgar/data/12659/000095013796001201/0000950137-96-001201-index.html",
        "finalLink": "https://www.sec.gov/Archives/edgar/data/12659/"
    },
    {
        "date": "1996-01-31",
        "symbol": "HRB",
        "reportedCurrency": "USD",
        "cik": "0000012659",
        "fillingDate": "1996-03-18",
        "acceptedDate": "1996-03-18 00:00:00",
        "calendarYear": "1996",
        "period": "Q2",
        "revenue": 312072000,
        "costOfRevenue": 29812000,
        "grossProfit": 282260000,
        "grossProfitRatio": 0.9044707632,
        "researchAndDevelopmentExpenses": 0,
        "generalAndAdministrativeExpenses": 0,
        "sellingAndMarketingExpenses": 0,
        "sellingGeneralAndAdministrativeExpenses": 291142000,
        "otherExpenses": 0,
        "operatingExpenses": 291142000,
        "costAndExpenses": 320954000,
        "interestIncome": 0,
        "interestExpense": 0,
        "depreciationAndAmortization": 33984000,
        "ebitda": 25102000,
        "ebitdaratio": 0.0804365659,
        "operatingIncome": -8882000,
        "operatingIncomeRatio": -0.0284613807,
        "totalOtherIncomeExpensesNet": 0,
        "incomeBeforeTax": -8882000,
        "incomeBeforeTaxRatio": -0.0284613807,
        "incomeTaxExpense": -3411000,
        "netIncome": -5471000,
        "netIncomeRatio": -0.0175312107,
        "eps": -0.0132,
        "epsdiluted": -0.0132,
        "weightedAverageShsOut": 413444000,
        "weightedAverageShsOutDil": 413444000,
        "link": "https://www.sec.gov/Archives/edgar/data/12659/000095012496001175/0000950124-96-001175-index.html",
        "finalLink": "https://www.sec.gov/Archives/edgar/data/12659/"
    },
    {
        "date": "1995-10-31",
        "symbol": "HRB",
        "reportedCurrency": "USD",
        "cik": "0000012659",
        "fillingDate": "1995-12-14",
        "acceptedDate": "1995-12-14 00:00:00",
        "calendarYear": "1996",
        "period": "Q1",
        "revenue": 223913000,
        "costOfRevenue": 17931000,
        "grossProfit": 205982000,
        "grossProfitRatio": 0.9199197903,
        "researchAndDevelopmentExpenses": 0,
        "generalAndAdministrativeExpenses": 0,
        "sellingAndMarketingExpenses": 0,
        "sellingGeneralAndAdministrativeExpenses": 219452000,
        "otherExpenses": 0,
        "operatingExpenses": 219452000,
        "costAndExpenses": 237383000,
        "interestIncome": 0,
        "interestExpense": 0,
        "depreciationAndAmortization": 22248000,
        "ebitda": 8778000,
        "ebitdaratio": 0.0392027261,
        "operatingIncome": -13470000,
        "operatingIncomeRatio": -0.0601572932,
        "totalOtherIncomeExpensesNet": 0,
        "incomeBeforeTax": -13470000,
        "incomeBeforeTaxRatio": -0.0601572932,
        "incomeTaxExpense": -5172000,
        "netIncome": -8298000,
        "netIncomeRatio": -0.0370590363,
        "eps": -0.02,
        "epsdiluted": -0.02,
        "weightedAverageShsOut": 415800000,
        "weightedAverageShsOutDil": 415800000,
        "link": "https://www.sec.gov/Archives/edgar/data/12659/000095012495004138/0000950124-95-004138-index.html",
        "finalLink": "https://www.sec.gov/Archives/edgar/data/12659/"
    },
    {
        "date": "1995-07-31",
        "symbol": "HRB",
        "reportedCurrency": "USD",
        "cik": "0000012659",
        "fillingDate": "1995-09-14",
        "acceptedDate": "1995-09-14 00:00:00",
        "calendarYear": "1995",
        "period": "Q4",
        "revenue": 218114000,
        "costOfRevenue": 15211000,
        "grossProfit": 202903000,
        "grossProfitRatio": 0.9302612395,
        "researchAndDevelopmentExpenses": 0,
        "generalAndAdministrativeExpenses": 0,
        "sellingAndMarketingExpenses": 0,
        "sellingGeneralAndAdministrativeExpenses": 194420000,
        "otherExpenses": 0,
        "operatingExpenses": 194420000,
        "costAndExpenses": 209631000,
        "interestIncome": 0,
        "interestExpense": 0,
        "depreciationAndAmortization": 27563000,
        "ebitda": 36046000,
        "ebitdaratio": 0.1652622023,
        "operatingIncome": 8483000,
        "operatingIncomeRatio": 0.0388925058,
        "totalOtherIncomeExpensesNet": 0,
        "incomeBeforeTax": 8483000,
        "incomeBeforeTaxRatio": 0.0388925058,
        "incomeTaxExpense": 3257000,
        "netIncome": 5226000,
        "netIncomeRatio": 0.0239599476,
        "eps": 0.0125,
        "epsdiluted": 0.0125,
        "weightedAverageShsOut": 428412000,
        "weightedAverageShsOutDil": 428412000,
        "link": "https://www.sec.gov/Archives/edgar/data/12659/000095012495002943/0000950124-95-002943-index.html",
        "finalLink": "https://www.sec.gov/Archives/edgar/data/12659/"
    },
    {
        "date": "1995-04-30",
        "symbol": "HRB",
        "reportedCurrency": "USD",
        "cik": "0000012659",
        "fillingDate": "1995-07-28",
        "acceptedDate": "1995-07-28 00:00:00",
        "calendarYear": "1995",
        "period": "Q3",
        "revenue": 774047000,
        "costOfRevenue": 33494000,
        "grossProfit": 740553000,
        "grossProfitRatio": 0.9567287258,
        "researchAndDevelopmentExpenses": 0,
        "generalAndAdministrativeExpenses": 0,
        "sellingAndMarketingExpenses": 0,
        "sellingGeneralAndAdministrativeExpenses": 443325000,
        "otherExpenses": 0,
        "operatingExpenses": 443325000,
        "costAndExpenses": 476819000,
        "interestIncome": 0,
        "interestExpense": 0,
        "depreciationAndAmortization": 18320000,
        "ebitda": 315548000,
        "ebitdaratio": 0.40766,
        "operatingIncome": 297228000,
        "operatingIncomeRatio": 0.3839921865,
        "totalOtherIncomeExpensesNet": -83508000,
        "incomeBeforeTax": 213720000,
        "incomeBeforeTaxRatio": 0.2761072648,
        "incomeTaxExpense": 110333000,
        "netIncome": 103387000,
        "netIncomeRatio": 0.1335668248,
        "eps": -0.003,
        "epsdiluted": -0.003,
        "weightedAverageShsOut": 420000000,
        "weightedAverageShsOutDil": 420000000,
        "link": "https://www.sec.gov/Archives/edgar/data/12659/000001265995000007/0000012659-95-000007-index.html",
        "finalLink": "https://www.sec.gov/Archives/edgar/data/12659/"
    },
    {
        "date": "1995-01-31",
        "symbol": "HRB",
        "reportedCurrency": "USD",
        "cik": "0000012659",
        "fillingDate": "1995-03-13",
        "acceptedDate": "1995-03-13 00:00:00",
        "calendarYear": "1995",
        "period": "Q2",
        "revenue": 268014000,
        "costOfRevenue": 20490000,
        "grossProfit": 247524000,
        "grossProfitRatio": 0.9235487698,
        "researchAndDevelopmentExpenses": 0,
        "generalAndAdministrativeExpenses": 0,
        "sellingAndMarketingExpenses": 0,
        "sellingGeneralAndAdministrativeExpenses": 234422000,
        "otherExpenses": 0,
        "operatingExpenses": 234422000,
        "costAndExpenses": 254912000,
        "interestIncome": 0,
        "interestExpense": 0,
        "depreciationAndAmortization": 17883000,
        "ebitda": 30985000,
        "ebitdaratio": 0.1156096323,
        "operatingIncome": 13102000,
        "operatingIncomeRatio": 0.048885506,
        "totalOtherIncomeExpensesNet": 0,
        "incomeBeforeTax": 13102000,
        "incomeBeforeTaxRatio": 0.048885506,
        "incomeTaxExpense": 5018000,
        "netIncome": 8084000,
        "netIncomeRatio": 0.0301626034,
        "eps": 0.02,
        "epsdiluted": 0.02,
        "weightedAverageShsOut": 422632000,
        "weightedAverageShsOutDil": 422632000,
        "link": "https://www.sec.gov/Archives/edgar/data/12659/000001265995000002/0000012659-95-000002-index.html",
        "finalLink": "https://www.sec.gov/Archives/edgar/data/12659/"
    },
    {
        "date": "1994-10-31",
        "symbol": "HRB",
        "reportedCurrency": "USD",
        "cik": "0000012659",
        "fillingDate": "1994-12-14",
        "acceptedDate": "1994-12-14 00:00:00",
        "calendarYear": "1995",
        "period": "Q1",
        "revenue": 172857000,
        "costOfRevenue": 10878000,
        "grossProfit": 161979000,
        "grossProfitRatio": 0.9370693695,
        "researchAndDevelopmentExpenses": 0,
        "generalAndAdministrativeExpenses": 0,
        "sellingAndMarketingExpenses": 0,
        "sellingGeneralAndAdministrativeExpenses": 164008000,
        "otherExpenses": 0,
        "operatingExpenses": 164008000,
        "costAndExpenses": 174886000,
        "interestIncome": 0,
        "interestExpense": 0,
        "depreciationAndAmortization": 16344000,
        "ebitda": 14315000,
        "ebitdaratio": 0.082814118,
        "operatingIncome": -2029000,
        "operatingIncomeRatio": -0.0117380262,
        "totalOtherIncomeExpensesNet": 0,
        "incomeBeforeTax": -2029000,
        "incomeBeforeTaxRatio": -0.0117380262,
        "incomeTaxExpense": -777000,
        "netIncome": -1252000,
        "netIncomeRatio": -0.0072429812,
        "eps": -0.003,
        "epsdiluted": -0.003,
        "weightedAverageShsOut": 420000000,
        "weightedAverageShsOutDil": 420000000,
        "link": "https://www.sec.gov/Archives/edgar/data/12659/000001265994000016/0000012659-94-000016-index.html",
        "finalLink": "https://www.sec.gov/Archives/edgar/data/12659/"
    },
    {
        "date": "1994-07-31",
        "symbol": "HRB",
        "reportedCurrency": "USD",
        "cik": "0000012659",
        "fillingDate": "1994-09-14",
        "acceptedDate": "1994-09-14 00:00:00",
        "calendarYear": "1994",
        "period": "Q4",
        "revenue": 145400000,
        "costOfRevenue": 6680000,
        "grossProfit": 138720000,
        "grossProfitRatio": 0.9540577717,
        "researchAndDevelopmentExpenses": 0,
        "generalAndAdministrativeExpenses": 0,
        "sellingAndMarketingExpenses": 0,
        "sellingGeneralAndAdministrativeExpenses": 143517000,
        "otherExpenses": 0,
        "operatingExpenses": 143517000,
        "costAndExpenses": 150197000,
        "interestIncome": 0,
        "interestExpense": 0,
        "depreciationAndAmortization": 15137000,
        "ebitda": 10340000,
        "ebitdaratio": 0.0711141678,
        "operatingIncome": -4797000,
        "operatingIncomeRatio": -0.0329917469,
        "totalOtherIncomeExpensesNet": 0,
        "incomeBeforeTax": -4797000,
        "incomeBeforeTaxRatio": -0.0329917469,
        "incomeTaxExpense": -1837000,
        "netIncome": -2960000,
        "netIncomeRatio": -0.0203576341,
        "eps": -0.007,
        "epsdiluted": -0.007,
        "weightedAverageShsOut": 420504000,
        "weightedAverageShsOutDil": 420504000,
        "link": "https://www.sec.gov/Archives/edgar/data/12659/000001265994000012/0000012659-94-000012-index.html",
        "finalLink": "https://www.sec.gov/Archives/edgar/data/12659/"
    },
    {
        "date": "1994-04-30",
        "symbol": "HRB",
        "reportedCurrency": "USD",
        "cik": "0000012659",
        "fillingDate": "1994-07-29",
        "acceptedDate": "1994-07-29 00:00:00",
        "calendarYear": "1994",
        "period": "Q3",
        "revenue": 683700000,
        "costOfRevenue": 58500000,
        "grossProfit": 625200000,
        "grossProfitRatio": 0.9144361562,
        "researchAndDevelopmentExpenses": 0,
        "generalAndAdministrativeExpenses": 0,
        "sellingAndMarketingExpenses": 0,
        "sellingGeneralAndAdministrativeExpenses": 388800000,
        "otherExpenses": 10600000,
        "operatingExpenses": 399400000,
        "costAndExpenses": 457900000,
        "interestIncome": 0,
        "interestExpense": 0,
        "depreciationAndAmortization": 10600000,
        "ebitda": 236400000,
        "ebitdaratio": 0.3457656867,
        "operatingIncome": 225800000,
        "operatingIncomeRatio": 0.3302618107,
        "totalOtherIncomeExpensesNet": 91100000,
        "incomeBeforeTax": 316900000,
        "incomeBeforeTaxRatio": 0.4635073863,
        "incomeTaxExpense": 122500000,
        "netIncome": 194400000,
        "netIncomeRatio": 0.2843352348,
        "eps": -0.0105,
        "epsdiluted": -0.0105,
        "weightedAverageShsOut": 400000000,
        "weightedAverageShsOutDil": 400000000,
        "link": "https://www.sec.gov/Archives/edgar/data/12659/000001265994000006/0000012659-94-000006-index.html",
        "finalLink": "https://www.sec.gov/Archives/edgar/data/12659/"
    },
    {
        "date": "1994-01-31",
        "symbol": "HRB",
        "reportedCurrency": "USD",
        "cik": "0000012659",
        "fillingDate": "1994-03-14",
        "acceptedDate": "1994-03-14 00:00:00",
        "calendarYear": "1994",
        "period": "Q2",
        "revenue": 213800000,
        "costOfRevenue": 23700000,
        "grossProfit": 190100000,
        "grossProfitRatio": 0.8891487371,
        "researchAndDevelopmentExpenses": 0,
        "generalAndAdministrativeExpenses": 0,
        "sellingAndMarketingExpenses": 0,
        "sellingGeneralAndAdministrativeExpenses": 196600000,
        "otherExpenses": 20600000,
        "operatingExpenses": 217200000,
        "costAndExpenses": 240900000,
        "interestIncome": 0,
        "interestExpense": 0,
        "depreciationAndAmortization": 20600000,
        "ebitda": -6500000,
        "ebitdaratio": -0.0304022451,
        "operatingIncome": -27100000,
        "operatingIncomeRatio": -0.1267539757,
        "totalOtherIncomeExpensesNet": 15700000,
        "incomeBeforeTax": -11400000,
        "incomeBeforeTaxRatio": -0.0533208606,
        "incomeTaxExpense": 6500000,
        "netIncome": 12600000,
        "netIncomeRatio": 0.0589335828,
        "eps": 0.03,
        "epsdiluted": 0.03,
        "weightedAverageShsOut": 420000000,
        "weightedAverageShsOutDil": 420000000,
        "link": "https://www.sec.gov/Archives/edgar/data/12659/000001265994000002/0000012659-94-000002-index.html",
        "finalLink": "https://www.sec.gov/Archives/edgar/data/12659/"
    },
    {
        "date": "1993-10-31",
        "symbol": "HRB",
        "reportedCurrency": "USD",
        "cik": "0000012659",
        "fillingDate": "1993-10-31",
        "acceptedDate": "1993-10-31 00:00:00",
        "calendarYear": "1994",
        "period": "Q1",
        "revenue": 123500000,
        "costOfRevenue": 15300000,
        "grossProfit": 108200000,
        "grossProfitRatio": 0.8761133603,
        "researchAndDevelopmentExpenses": 0,
        "generalAndAdministrativeExpenses": 0,
        "sellingAndMarketingExpenses": 0,
        "sellingGeneralAndAdministrativeExpenses": 112500000,
        "otherExpenses": 11200000,
        "operatingExpenses": 123700000,
        "costAndExpenses": 139000000,
        "interestIncome": 0,
        "interestExpense": 0,
        "depreciationAndAmortization": 11228000,
        "ebitda": -4272000,
        "ebitdaratio": -0.0345910931,
        "operatingIncome": -15500000,
        "operatingIncomeRatio": -0.1255060729,
        "totalOtherIncomeExpensesNet": 7600000,
        "incomeBeforeTax": -7900000,
        "incomeBeforeTaxRatio": -0.0639676113,
        "incomeTaxExpense": -3700000,
        "netIncome": -1000000,
        "netIncomeRatio": -0.008097166,
        "eps": -0.0025,
        "epsdiluted": -0.0025,
        "weightedAverageShsOut": 400000000,
        "weightedAverageShsOutDil": 400000000,
        "link": null,
        "finalLink": null
    },
    {
        "date": "1993-07-31",
        "symbol": "HRB",
        "reportedCurrency": "USD",
        "cik": "0000012659",
        "fillingDate": "1993-07-31",
        "acceptedDate": "1993-07-31 00:00:00",
        "calendarYear": "1993",
        "period": "Q4",
        "revenue": 103314000,
        "costOfRevenue": 5314000,
        "grossProfit": 98000000,
        "grossProfitRatio": 0.9485645701,
        "researchAndDevelopmentExpenses": 0,
        "generalAndAdministrativeExpenses": 0,
        "sellingAndMarketingExpenses": 0,
        "sellingGeneralAndAdministrativeExpenses": 112375000,
        "otherExpenses": 0,
        "operatingExpenses": 112375000,
        "costAndExpenses": 117689000,
        "interestIncome": 0,
        "interestExpense": 0,
        "depreciationAndAmortization": 14672000,
        "ebitda": 297000,
        "ebitdaratio": 0.0028747314,
        "operatingIncome": -14375000,
        "operatingIncomeRatio": -0.1391389357,
        "totalOtherIncomeExpensesNet": 0,
        "incomeBeforeTax": -14375000,
        "incomeBeforeTaxRatio": -0.1391389357,
        "incomeTaxExpense": -6132000,
        "netIncome": -5441000,
        "netIncomeRatio": -0.0526646921,
        "eps": -0.0127,
        "epsdiluted": -0.0127,
        "weightedAverageShsOut": 423592000,
        "weightedAverageShsOutDil": 423592000,
        "link": null,
        "finalLink": null
    },
    {
        "date": "1993-04-30",
        "symbol": "HRB",
        "reportedCurrency": "USD",
        "cik": "0000012659",
        "fillingDate": "1993-04-30",
        "acceptedDate": "1993-04-29 20:00:00",
        "calendarYear": "1993",
        "period": "Q3",
        "revenue": 725800000,
        "costOfRevenue": 46400000,
        "grossProfit": 679400000,
        "grossProfitRatio": 0.9360705428,
        "researchAndDevelopmentExpenses": 0,
        "generalAndAdministrativeExpenses": 0,
        "sellingAndMarketingExpenses": 0,
        "sellingGeneralAndAdministrativeExpenses": 453500000,
        "otherExpenses": 15100000,
        "operatingExpenses": 468600000,
        "costAndExpenses": 515000000,
        "interestIncome": 0,
        "interestExpense": 0,
        "depreciationAndAmortization": 15100000,
        "ebitda": 225900000,
        "ebitdaratio": 0.3112427666,
        "operatingIncome": 210800000,
        "operatingIncomeRatio": 0.2904381372,
        "totalOtherIncomeExpensesNet": 88600000,
        "incomeBeforeTax": 299400000,
        "incomeBeforeTaxRatio": 0.4125103334,
        "incomeTaxExpense": 116200000,
        "netIncome": 183200000,
        "netIncomeRatio": 0.2524111325,
        "eps": 0.43,
        "epsdiluted": 0.43,
        "weightedAverageShsOut": 425420000,
        "weightedAverageShsOutDil": 425420000,
        "link": null,
        "finalLink": null
    },
    {
        "date": "1993-01-31",
        "symbol": "HRB",
        "reportedCurrency": "USD",
        "cik": "0000012659",
        "fillingDate": "1993-01-31",
        "acceptedDate": "1993-01-31 00:00:00",
        "calendarYear": "1993",
        "period": "Q2",
        "revenue": 281500000,
        "costOfRevenue": 14000000,
        "grossProfit": 267500000,
        "grossProfitRatio": 0.9502664298,
        "researchAndDevelopmentExpenses": 0,
        "generalAndAdministrativeExpenses": 0,
        "sellingAndMarketingExpenses": 0,
        "sellingGeneralAndAdministrativeExpenses": 264000000,
        "otherExpenses": 16800000,
        "operatingExpenses": 280800000,
        "costAndExpenses": 294800000,
        "interestIncome": 0,
        "interestExpense": 0,
        "depreciationAndAmortization": 16800000,
        "ebitda": 3500000,
        "ebitdaratio": 0.0124333925,
        "operatingIncome": -13300000,
        "operatingIncomeRatio": -0.0472468917,
        "totalOtherIncomeExpensesNet": 27300000,
        "incomeBeforeTax": 14000000,
        "incomeBeforeTaxRatio": 0.0497335702,
        "incomeTaxExpense": 5400000,
        "netIncome": 8600000,
        "netIncomeRatio": 0.0305506217,
        "eps": 0.02,
        "epsdiluted": 0.02,
        "weightedAverageShsOut": 430000000,
        "weightedAverageShsOutDil": 430000000,
        "link": null,
        "finalLink": null
    },
    {
        "date": "1992-10-31",
        "symbol": "HRB",
        "reportedCurrency": "USD",
        "cik": "0000012659",
        "fillingDate": "1993-04-30",
        "acceptedDate": "1992-10-31 00:00:00",
        "calendarYear": "1993",
        "period": "Q1",
        "revenue": 203000000,
        "costOfRevenue": 16300000,
        "grossProfit": 186700000,
        "grossProfitRatio": 0.9197044335,
        "researchAndDevelopmentExpenses": 0,
        "generalAndAdministrativeExpenses": 0,
        "sellingAndMarketingExpenses": 0,
        "sellingGeneralAndAdministrativeExpenses": 197600000,
        "otherExpenses": 10400000,
        "operatingExpenses": 208000000,
        "costAndExpenses": 224300000,
        "interestIncome": 0,
        "interestExpense": 0,
        "depreciationAndAmortization": 10400000,
        "ebitda": -10900000,
        "ebitdaratio": -0.0536945813,
        "operatingIncome": -21300000,
        "operatingIncomeRatio": -0.1049261084,
        "totalOtherIncomeExpensesNet": 14800000,
        "incomeBeforeTax": -6500000,
        "incomeBeforeTaxRatio": -0.0320197044,
        "incomeTaxExpense": -2500000,
        "netIncome": -4000000,
        "netIncomeRatio": -0.0197044335,
        "eps": -0.01,
        "epsdiluted": -0.01,
        "weightedAverageShsOut": 400000000,
        "weightedAverageShsOutDil": 400000000,
        "link": null,
        "finalLink": null
    },
    {
        "date": "1992-07-31",
        "symbol": "HRB",
        "reportedCurrency": "USD",
        "cik": "0000012659",
        "fillingDate": "1992-07-31",
        "acceptedDate": "1992-07-31 00:00:00",
        "calendarYear": "1992",
        "period": "Q4",
        "revenue": 171900000,
        "costOfRevenue": 12400000,
        "grossProfit": 159500000,
        "grossProfitRatio": 0.9278650378,
        "researchAndDevelopmentExpenses": 0,
        "generalAndAdministrativeExpenses": 0,
        "sellingAndMarketingExpenses": 0,
        "sellingGeneralAndAdministrativeExpenses": 171100000,
        "otherExpenses": 12400000,
        "operatingExpenses": 183500000,
        "costAndExpenses": 195900000,
        "interestIncome": 0,
        "interestExpense": 0,
        "depreciationAndAmortization": 12400000,
        "ebitda": -11600000,
        "ebitdaratio": -0.0674810937,
        "operatingIncome": -24000000,
        "operatingIncomeRatio": -0.1396160558,
        "totalOtherIncomeExpensesNet": 12400000,
        "incomeBeforeTax": -11600000,
        "incomeBeforeTaxRatio": -0.0674810937,
        "incomeTaxExpense": -4500000,
        "netIncome": -7100000,
        "netIncomeRatio": -0.0413030832,
        "eps": -0.0175,
        "epsdiluted": -0.0175,
        "weightedAverageShsOut": 405714286,
        "weightedAverageShsOutDil": 405714286,
        "link": null,
        "finalLink": null
    },
    {
        "date": "1992-04-30",
        "symbol": "HRB",
        "reportedCurrency": "USD",
        "cik": "0000012659",
        "fillingDate": "1992-04-30",
        "acceptedDate": "1992-04-29 20:00:00",
        "calendarYear": "1992",
        "period": "Q3",
        "revenue": 646900000,
        "costOfRevenue": 45300000,
        "grossProfit": 601600000,
        "grossProfitRatio": 0.9299737208,
        "researchAndDevelopmentExpenses": 0,
        "generalAndAdministrativeExpenses": 0,
        "sellingAndMarketingExpenses": 0,
        "sellingGeneralAndAdministrativeExpenses": 410000000,
        "otherExpenses": 12400000,
        "operatingExpenses": 422400000,
        "costAndExpenses": 467700000,
        "interestIncome": 0,
        "interestExpense": 0,
        "depreciationAndAmortization": 12400000,
        "ebitda": 191600000,
        "ebitdaratio": 0.2961817901,
        "operatingIncome": 179200000,
        "operatingIncomeRatio": 0.2770134488,
        "totalOtherIncomeExpensesNet": 91100000,
        "incomeBeforeTax": 270300000,
        "incomeBeforeTaxRatio": 0.4178389241,
        "incomeTaxExpense": 104300000,
        "netIncome": 166000000,
        "netIncomeRatio": 0.2566084403,
        "eps": 0.38,
        "epsdiluted": 0.38,
        "weightedAverageShsOut": 426392000,
        "weightedAverageShsOutDil": 426392000,
        "link": null,
        "finalLink": null
    },
    {
        "date": "1992-01-31",
        "symbol": "HRB",
        "reportedCurrency": "USD",
        "cik": "0000012659",
        "fillingDate": "1992-01-31",
        "acceptedDate": "1992-01-31 00:00:00",
        "calendarYear": "1992",
        "period": "Q2",
        "revenue": 232200000,
        "costOfRevenue": 10300000,
        "grossProfit": 221900000,
        "grossProfitRatio": 0.9556416882,
        "researchAndDevelopmentExpenses": 0,
        "generalAndAdministrativeExpenses": 0,
        "sellingAndMarketingExpenses": 0,
        "sellingGeneralAndAdministrativeExpenses": 224700000,
        "otherExpenses": 13400000,
        "operatingExpenses": 238100000,
        "costAndExpenses": 248400000,
        "interestIncome": 0,
        "interestExpense": 0,
        "depreciationAndAmortization": 13400000,
        "ebitda": -2800000,
        "ebitdaratio": -0.0120585702,
        "operatingIncome": -16200000,
        "operatingIncomeRatio": -0.0697674419,
        "totalOtherIncomeExpensesNet": 24500000,
        "incomeBeforeTax": 8300000,
        "incomeBeforeTaxRatio": 0.0357450474,
        "incomeTaxExpense": 3200000,
        "netIncome": 5100000,
        "netIncomeRatio": 0.0219638243,
        "eps": 0.0125,
        "epsdiluted": 0.0125,
        "weightedAverageShsOut": 408000000,
        "weightedAverageShsOutDil": 408000000,
        "link": null,
        "finalLink": null
    },
    {
        "date": "1991-10-31",
        "symbol": "HRB",
        "reportedCurrency": "USD",
        "cik": "0000012659",
        "fillingDate": "1992-04-30",
        "acceptedDate": "1991-10-31 00:00:00",
        "calendarYear": "1992",
        "period": "Q1",
        "revenue": 182900000,
        "costOfRevenue": 10100000,
        "grossProfit": 172800000,
        "grossProfitRatio": 0.9447785675,
        "researchAndDevelopmentExpenses": 0,
        "generalAndAdministrativeExpenses": 0,
        "sellingAndMarketingExpenses": 0,
        "sellingGeneralAndAdministrativeExpenses": 184200000,
        "otherExpenses": 9500000,
        "operatingExpenses": 193700000,
        "costAndExpenses": 203800000,
        "interestIncome": 0,
        "interestExpense": 0,
        "depreciationAndAmortization": 9500000,
        "ebitda": -11400000,
        "ebitdaratio": -0.0623291416,
        "operatingIncome": -20900000,
        "operatingIncomeRatio": -0.1142700929,
        "totalOtherIncomeExpensesNet": 15500000,
        "incomeBeforeTax": -5400000,
        "incomeBeforeTaxRatio": -0.0295243302,
        "incomeTaxExpense": -2100000,
        "netIncome": -3300000,
        "netIncomeRatio": -0.0180426463,
        "eps": -0.0075,
        "epsdiluted": -0.0075,
        "weightedAverageShsOut": 440000000,
        "weightedAverageShsOutDil": 440000000,
        "link": null,
        "finalLink": null
    },
    {
        "date": "1991-07-31",
        "symbol": "HRB",
        "reportedCurrency": "USD",
        "cik": "0000012659",
        "fillingDate": "1991-07-31",
        "acceptedDate": "1991-07-31 00:00:00",
        "calendarYear": "1991",
        "period": "Q4",
        "revenue": 164400000,
        "costOfRevenue": 10600000,
        "grossProfit": 153800000,
        "grossProfitRatio": 0.9355231144,
        "researchAndDevelopmentExpenses": 0,
        "generalAndAdministrativeExpenses": 0,
        "sellingAndMarketingExpenses": 0,
        "sellingGeneralAndAdministrativeExpenses": 166900000,
        "otherExpenses": 9000000,
        "operatingExpenses": 175900000,
        "costAndExpenses": 186500000,
        "interestIncome": 0,
        "interestExpense": 0,
        "depreciationAndAmortization": 9000000,
        "ebitda": -13100000,
        "ebitdaratio": -0.0796836983,
        "operatingIncome": -22100000,
        "operatingIncomeRatio": -0.1344282238,
        "totalOtherIncomeExpensesNet": 13300000,
        "incomeBeforeTax": -8800000,
        "incomeBeforeTaxRatio": -0.0535279805,
        "incomeTaxExpense": -3400000,
        "netIncome": -5400000,
        "netIncomeRatio": -0.0328467153,
        "eps": -0.0125,
        "epsdiluted": -0.0125,
        "weightedAverageShsOut": 432000000,
        "weightedAverageShsOutDil": 432000000,
        "link": null,
        "finalLink": null
    },
    {
        "date": "1991-04-30",
        "symbol": "HRB",
        "reportedCurrency": "USD",
        "cik": "0000012659",
        "fillingDate": "1991-04-30",
        "acceptedDate": "1991-04-29 20:00:00",
        "calendarYear": "1991",
        "period": "Q3",
        "revenue": 611900000,
        "costOfRevenue": 33200000,
        "grossProfit": 578700000,
        "grossProfitRatio": 0.9457427684,
        "researchAndDevelopmentExpenses": 0,
        "generalAndAdministrativeExpenses": 0,
        "sellingAndMarketingExpenses": 0,
        "sellingGeneralAndAdministrativeExpenses": 403500000,
        "otherExpenses": 7900000,
        "operatingExpenses": 411400000,
        "costAndExpenses": 444600000,
        "interestIncome": 0,
        "interestExpense": 0,
        "depreciationAndAmortization": 7900000,
        "ebitda": 175200000,
        "ebitdaratio": 0.2863212943,
        "operatingIncome": 167300000,
        "operatingIncomeRatio": 0.273410688,
        "totalOtherIncomeExpensesNet": 83600000,
        "incomeBeforeTax": 250900000,
        "incomeBeforeTaxRatio": 0.4100343193,
        "incomeTaxExpense": 96600000,
        "netIncome": 154300000,
        "netIncomeRatio": 0.2521653865,
        "eps": 0.36,
        "epsdiluted": 0.36,
        "weightedAverageShsOut": 494002181,
        "weightedAverageShsOutDil": 494002181,
        "link": null,
        "finalLink": null
    },
    {
        "date": "1991-01-31",
        "symbol": "HRB",
        "reportedCurrency": "USD",
        "cik": "0000012659",
        "fillingDate": "1991-01-31",
        "acceptedDate": "1991-01-31 00:00:00",
        "calendarYear": "1991",
        "period": "Q2",
        "revenue": 169200000,
        "costOfRevenue": 19900000,
        "grossProfit": 149300000,
        "grossProfitRatio": 0.8823877069,
        "researchAndDevelopmentExpenses": 0,
        "generalAndAdministrativeExpenses": 0,
        "sellingAndMarketingExpenses": 0,
        "sellingGeneralAndAdministrativeExpenses": 171100000,
        "otherExpenses": 9200000,
        "operatingExpenses": 180300000,
        "costAndExpenses": 200200000,
        "interestIncome": 0,
        "interestExpense": 0,
        "depreciationAndAmortization": 9200000,
        "ebitda": -21800000,
        "ebitdaratio": -0.1288416076,
        "operatingIncome": -31000000,
        "operatingIncomeRatio": -0.18321513,
        "totalOtherIncomeExpensesNet": 18200000,
        "incomeBeforeTax": -12800000,
        "incomeBeforeTaxRatio": -0.0756501182,
        "incomeTaxExpense": -6300000,
        "netIncome": -6500000,
        "netIncomeRatio": -0.0384160757,
        "eps": -0.015,
        "epsdiluted": -0.015,
        "weightedAverageShsOut": 433333333,
        "weightedAverageShsOutDil": 433333333,
        "link": null,
        "finalLink": null
    },
    {
        "date": "1990-10-31",
        "symbol": "HRB",
        "reportedCurrency": "USD",
        "cik": "0000012659",
        "fillingDate": "1991-04-30",
        "acceptedDate": "1990-10-31 00:00:00",
        "calendarYear": "1991",
        "period": "Q1",
        "revenue": 151900000,
        "costOfRevenue": 10000000,
        "grossProfit": 141900000,
        "grossProfitRatio": 0.9341672153,
        "researchAndDevelopmentExpenses": 0,
        "generalAndAdministrativeExpenses": 0,
        "sellingAndMarketingExpenses": 0,
        "sellingGeneralAndAdministrativeExpenses": 152600000,
        "otherExpenses": 7700000,
        "operatingExpenses": 160300000,
        "costAndExpenses": 170300000,
        "interestIncome": 0,
        "interestExpense": 0,
        "depreciationAndAmortization": 7700000,
        "ebitda": -10700000,
        "ebitdaratio": -0.0704410797,
        "operatingIncome": -18400000,
        "operatingIncomeRatio": -0.1211323239,
        "totalOtherIncomeExpensesNet": 14500000,
        "incomeBeforeTax": -3900000,
        "incomeBeforeTaxRatio": -0.025674786,
        "incomeTaxExpense": -1500000,
        "netIncome": -2400000,
        "netIncomeRatio": -0.0157998683,
        "eps": -0.0075,
        "epsdiluted": -0.0075,
        "weightedAverageShsOut": 320000000,
        "weightedAverageShsOutDil": 320000000,
        "link": null,
        "finalLink": null
    },
    {
        "date": "1990-07-31",
        "symbol": "HRB",
        "reportedCurrency": "USD",
        "cik": "0000012659",
        "fillingDate": "1990-07-31",
        "acceptedDate": "1990-07-31 00:00:00",
        "calendarYear": "1990",
        "period": "Q4",
        "revenue": 128200000,
        "costOfRevenue": 10500000,
        "grossProfit": 117700000,
        "grossProfitRatio": 0.9180967239,
        "researchAndDevelopmentExpenses": 0,
        "generalAndAdministrativeExpenses": 0,
        "sellingAndMarketingExpenses": 0,
        "sellingGeneralAndAdministrativeExpenses": 131300000,
        "otherExpenses": 8200000,
        "operatingExpenses": 139500000,
        "costAndExpenses": 150000000,
        "interestIncome": 0,
        "interestExpense": 0,
        "depreciationAndAmortization": 8200000,
        "ebitda": -13600000,
        "ebitdaratio": -0.1060842434,
        "operatingIncome": -21800000,
        "operatingIncomeRatio": -0.1700468019,
        "totalOtherIncomeExpensesNet": 13000000,
        "incomeBeforeTax": -8800000,
        "incomeBeforeTaxRatio": -0.0686427457,
        "incomeTaxExpense": -3400000,
        "netIncome": -5400000,
        "netIncomeRatio": -0.0421216849,
        "eps": -0.0125,
        "epsdiluted": -0.0125,
        "weightedAverageShsOut": 432000000,
        "weightedAverageShsOutDil": 432000000,
        "link": null,
        "finalLink": null
    },
    {
        "date": "1990-04-30",
        "symbol": "HRB",
        "reportedCurrency": "USD",
        "cik": "0000012659",
        "fillingDate": "1990-04-30",
        "acceptedDate": "1990-04-29 20:00:00",
        "calendarYear": "1990",
        "period": "Q3",
        "revenue": 532800000,
        "costOfRevenue": 33000000,
        "grossProfit": 499800000,
        "grossProfitRatio": 0.9380630631,
        "researchAndDevelopmentExpenses": 0,
        "generalAndAdministrativeExpenses": 0,
        "sellingAndMarketingExpenses": 0,
        "sellingGeneralAndAdministrativeExpenses": 351000000,
        "otherExpenses": 8300000,
        "operatingExpenses": 359300000,
        "costAndExpenses": 392300000,
        "interestIncome": 0,
        "interestExpense": 0,
        "depreciationAndAmortization": 8300000,
        "ebitda": 148800000,
        "ebitdaratio": 0.2792792793,
        "operatingIncome": 140500000,
        "operatingIncomeRatio": 0.2637012012,
        "totalOtherIncomeExpensesNet": 73400000,
        "incomeBeforeTax": 213900000,
        "incomeBeforeTaxRatio": 0.401463964,
        "incomeTaxExpense": 82100000,
        "netIncome": 131800000,
        "netIncomeRatio": 0.2473723724,
        "eps": 0.31,
        "epsdiluted": 0.31,
        "weightedAverageShsOut": 458448276,
        "weightedAverageShsOutDil": 458448276,
        "link": null,
        "finalLink": null
    },
    {
        "date": "1990-01-31",
        "symbol": "HRB",
        "reportedCurrency": "USD",
        "cik": "0000012659",
        "fillingDate": "1990-01-31",
        "acceptedDate": "1990-01-31 00:00:00",
        "calendarYear": "1990",
        "period": "Q2",
        "revenue": 148700000,
        "costOfRevenue": 11900000,
        "grossProfit": 136800000,
        "grossProfitRatio": 0.9199731002,
        "researchAndDevelopmentExpenses": 0,
        "generalAndAdministrativeExpenses": 0,
        "sellingAndMarketingExpenses": 0,
        "sellingGeneralAndAdministrativeExpenses": 152000000,
        "otherExpenses": 7100000,
        "operatingExpenses": 159100000,
        "costAndExpenses": 171000000,
        "interestIncome": 0,
        "interestExpense": 0,
        "depreciationAndAmortization": 7100000,
        "ebitda": -15200000,
        "ebitdaratio": -0.1022192334,
        "operatingIncome": -22300000,
        "operatingIncomeRatio": -0.1499663753,
        "totalOtherIncomeExpensesNet": 16000000,
        "incomeBeforeTax": -6300000,
        "incomeBeforeTaxRatio": -0.0423671822,
        "incomeTaxExpense": -2400000,
        "netIncome": -3900000,
        "netIncomeRatio": -0.0262273033,
        "eps": -0.01,
        "epsdiluted": -0.01,
        "weightedAverageShsOut": 390000000,
        "weightedAverageShsOutDil": 390000000,
        "link": null,
        "finalLink": null
    },
    {
        "date": "1989-10-31",
        "symbol": "HRB",
        "reportedCurrency": "USD",
        "cik": "0000012659",
        "fillingDate": "1990-04-30",
        "acceptedDate": "1989-10-31 00:00:00",
        "calendarYear": "1990",
        "period": "Q1",
        "revenue": 135700000,
        "costOfRevenue": 9400000,
        "grossProfit": 126300000,
        "grossProfitRatio": 0.9307295505,
        "researchAndDevelopmentExpenses": 0,
        "generalAndAdministrativeExpenses": 0,
        "sellingAndMarketingExpenses": 0,
        "sellingGeneralAndAdministrativeExpenses": 133400000,
        "otherExpenses": 6900000,
        "operatingExpenses": 140300000,
        "costAndExpenses": 149700000,
        "interestIncome": 0,
        "interestExpense": 0,
        "depreciationAndAmortization": 7000000,
        "ebitda": -7000000,
        "ebitdaratio": -0.0515843773,
        "operatingIncome": -14000000,
        "operatingIncomeRatio": -0.1031687546,
        "totalOtherIncomeExpensesNet": 13700000,
        "incomeBeforeTax": -300000,
        "incomeBeforeTaxRatio": -0.002210759,
        "incomeTaxExpense": -100000,
        "netIncome": -200000,
        "netIncomeRatio": -0.0014738394,
        "eps": -0.0005,
        "epsdiluted": -0.0005,
        "weightedAverageShsOut": 420000000,
        "weightedAverageShsOutDil": 420000000,
        "link": null,
        "finalLink": null
    },
    {
        "date": "1989-07-31",
        "symbol": "HRB",
        "reportedCurrency": "USD",
        "cik": "0000012659",
        "fillingDate": "1989-07-31",
        "acceptedDate": "1989-07-31 00:00:00",
        "calendarYear": "1989",
        "period": "Q4",
        "revenue": 120500000,
        "costOfRevenue": 10500000,
        "grossProfit": 110000000,
        "grossProfitRatio": 0.9128630705,
        "researchAndDevelopmentExpenses": 0,
        "generalAndAdministrativeExpenses": 0,
        "sellingAndMarketingExpenses": 0,
        "sellingGeneralAndAdministrativeExpenses": 121700000,
        "otherExpenses": 6800000,
        "operatingExpenses": 128500000,
        "costAndExpenses": 139000000,
        "interestIncome": 0,
        "interestExpense": 0,
        "depreciationAndAmortization": 6800000,
        "ebitda": -11700000,
        "ebitdaratio": -0.0970954357,
        "operatingIncome": -18500000,
        "operatingIncomeRatio": -0.153526971,
        "totalOtherIncomeExpensesNet": 11700000,
        "incomeBeforeTax": -6800000,
        "incomeBeforeTaxRatio": -0.0564315353,
        "incomeTaxExpense": -2600000,
        "netIncome": -4200000,
        "netIncomeRatio": -0.0348547718,
        "eps": -0.01,
        "epsdiluted": -0.01,
        "weightedAverageShsOut": 420000000,
        "weightedAverageShsOutDil": 420000000,
        "link": null,
        "finalLink": null
    },
    {
        "date": "1989-04-30",
        "symbol": "HRB",
        "reportedCurrency": "USD",
        "cik": "0000012659",
        "fillingDate": "1989-04-30",
        "acceptedDate": "1989-04-29 20:00:00",
        "calendarYear": "1989",
        "period": "Q3",
        "revenue": 421100000,
        "costOfRevenue": 0,
        "grossProfit": 421100000,
        "grossProfitRatio": 1,
        "researchAndDevelopmentExpenses": 0,
        "generalAndAdministrativeExpenses": 0,
        "sellingAndMarketingExpenses": 0,
        "sellingGeneralAndAdministrativeExpenses": 0,
        "otherExpenses": 738000000,
        "operatingExpenses": 738000000,
        "costAndExpenses": 738000000,
        "interestIncome": 0,
        "interestExpense": 0,
        "depreciationAndAmortization": 0,
        "ebitda": -316900000,
        "ebitdaratio": -0.7525528378,
        "operatingIncome": -316900000,
        "operatingIncomeRatio": -0.7525528378,
        "totalOtherIncomeExpensesNet": 316900000,
        "incomeBeforeTax": 0,
        "incomeBeforeTaxRatio": 0,
        "incomeTaxExpense": 0,
        "netIncome": 0,
        "netIncomeRatio": 0,
        "eps": 0,
        "epsdiluted": 0,
        "weightedAverageShsOut": 420048000,
        "weightedAverageShsOutDil": 420048000,
        "link": null,
        "finalLink": null
    },
    {
        "date": "1989-01-31",
        "symbol": "HRB",
        "reportedCurrency": "USD",
        "cik": "0000012659",
        "fillingDate": "1989-01-31",
        "acceptedDate": "1989-01-31 00:00:00",
        "calendarYear": "1989",
        "period": "Q2",
        "revenue": 139400000,
        "costOfRevenue": 0,
        "grossProfit": 139400000,
        "grossProfitRatio": 1,
        "researchAndDevelopmentExpenses": 0,
        "generalAndAdministrativeExpenses": 0,
        "sellingAndMarketingExpenses": 0,
        "sellingGeneralAndAdministrativeExpenses": 0,
        "otherExpenses": 0,
        "operatingExpenses": 0,
        "costAndExpenses": 0,
        "interestIncome": 0,
        "interestExpense": 0,
        "depreciationAndAmortization": 0,
        "ebitda": 139400000,
        "ebitdaratio": 1,
        "operatingIncome": 139400000,
        "operatingIncomeRatio": 1,
        "totalOtherIncomeExpensesNet": -139400000,
        "incomeBeforeTax": 0,
        "incomeBeforeTaxRatio": 0,
        "incomeTaxExpense": 0,
        "netIncome": 0,
        "netIncomeRatio": 0,
        "eps": 0,
        "epsdiluted": 0,
        "weightedAverageShsOut": 416256000,
        "weightedAverageShsOutDil": 416256000,
        "link": null,
        "finalLink": null
    },
    {
        "date": "1988-10-31",
        "symbol": "HRB",
        "reportedCurrency": "USD",
        "cik": "0000012659",
        "fillingDate": "1989-04-30",
        "acceptedDate": "1988-10-31 00:00:00",
        "calendarYear": "1989",
        "period": "Q1",
        "revenue": 133000000,
        "costOfRevenue": 0,
        "grossProfit": 133000000,
        "grossProfitRatio": 1,
        "researchAndDevelopmentExpenses": 0,
        "generalAndAdministrativeExpenses": 0,
        "sellingAndMarketingExpenses": 0,
        "sellingGeneralAndAdministrativeExpenses": 0,
        "otherExpenses": 0,
        "operatingExpenses": 0,
        "costAndExpenses": 0,
        "interestIncome": 0,
        "interestExpense": 0,
        "depreciationAndAmortization": 0,
        "ebitda": 133000000,
        "ebitdaratio": 1,
        "operatingIncome": 133000000,
        "operatingIncomeRatio": 1,
        "totalOtherIncomeExpensesNet": -133000000,
        "incomeBeforeTax": 0,
        "incomeBeforeTaxRatio": 0,
        "incomeTaxExpense": 0,
        "netIncome": 0,
        "netIncomeRatio": 0,
        "eps": 0,
        "epsdiluted": 0,
        "weightedAverageShsOut": 405280000,
        "weightedAverageShsOutDil": 405280000,
        "link": null,
        "finalLink": null
    },
    {
        "date": "1988-07-31",
        "symbol": "HRB",
        "reportedCurrency": "USD",
        "cik": "0000012659",
        "fillingDate": "1988-07-31",
        "acceptedDate": "1988-07-31 00:00:00",
        "calendarYear": "1988",
        "period": "Q4",
        "revenue": 105700000,
        "costOfRevenue": 0,
        "grossProfit": 105700000,
        "grossProfitRatio": 1,
        "researchAndDevelopmentExpenses": 0,
        "generalAndAdministrativeExpenses": 0,
        "sellingAndMarketingExpenses": 0,
        "sellingGeneralAndAdministrativeExpenses": 0,
        "otherExpenses": 0,
        "operatingExpenses": 0,
        "costAndExpenses": 0,
        "interestIncome": 0,
        "interestExpense": 0,
        "depreciationAndAmortization": 0,
        "ebitda": 105700000,
        "ebitdaratio": 1,
        "operatingIncome": 105700000,
        "operatingIncomeRatio": 1,
        "totalOtherIncomeExpensesNet": -105700000,
        "incomeBeforeTax": 0,
        "incomeBeforeTaxRatio": 0,
        "incomeTaxExpense": 0,
        "netIncome": 0,
        "netIncomeRatio": 0,
        "eps": 0,
        "epsdiluted": 0,
        "weightedAverageShsOut": 405560000,
        "weightedAverageShsOutDil": 405560000,
        "link": null,
        "finalLink": null
    },
    {
        "date": "1988-04-30",
        "symbol": "HRB",
        "reportedCurrency": "USD",
        "cik": "0000012659",
        "fillingDate": "1988-04-30",
        "acceptedDate": "1988-04-29 20:00:00",
        "calendarYear": "1988",
        "period": "Q3",
        "revenue": 452700000,
        "costOfRevenue": 0,
        "grossProfit": 452700000,
        "grossProfitRatio": 1,
        "researchAndDevelopmentExpenses": 0,
        "generalAndAdministrativeExpenses": 0,
        "sellingAndMarketingExpenses": 0,
        "sellingGeneralAndAdministrativeExpenses": 0,
        "otherExpenses": 582900000,
        "operatingExpenses": 582900000,
        "costAndExpenses": 582900000,
        "interestIncome": 0,
        "interestExpense": 0,
        "depreciationAndAmortization": 0,
        "ebitda": -130200000,
        "ebitdaratio": -0.2876076872,
        "operatingIncome": -130200000,
        "operatingIncomeRatio": -0.2876076872,
        "totalOtherIncomeExpensesNet": 130200000,
        "incomeBeforeTax": 0,
        "incomeBeforeTaxRatio": 0,
        "incomeTaxExpense": 0,
        "netIncome": 0,
        "netIncomeRatio": 0,
        "eps": 0,
        "epsdiluted": 0,
        "weightedAverageShsOut": 405456000,
        "weightedAverageShsOutDil": 405456000,
        "link": null,
        "finalLink": null
    },
    {
        "date": "1988-01-31",
        "symbol": "HRB",
        "reportedCurrency": "USD",
        "cik": "0000012659",
        "fillingDate": "1988-01-31",
        "acceptedDate": "1988-01-31 00:00:00",
        "calendarYear": "1988",
        "period": "Q2",
        "revenue": 118700000,
        "costOfRevenue": 0,
        "grossProfit": 118700000,
        "grossProfitRatio": 1,
        "researchAndDevelopmentExpenses": 0,
        "generalAndAdministrativeExpenses": 0,
        "sellingAndMarketingExpenses": 0,
        "sellingGeneralAndAdministrativeExpenses": 0,
        "otherExpenses": 0,
        "operatingExpenses": 0,
        "costAndExpenses": 0,
        "interestIncome": 0,
        "interestExpense": 0,
        "depreciationAndAmortization": 0,
        "ebitda": 118700000,
        "ebitdaratio": 1,
        "operatingIncome": 118700000,
        "operatingIncomeRatio": 1,
        "totalOtherIncomeExpensesNet": -118700000,
        "incomeBeforeTax": 0,
        "incomeBeforeTaxRatio": 0,
        "incomeTaxExpense": 0,
        "netIncome": 0,
        "netIncomeRatio": 0,
        "eps": 0,
        "epsdiluted": 0,
        "weightedAverageShsOut": 410864000,
        "weightedAverageShsOutDil": 410864000,
        "link": null,
        "finalLink": null
    },
    {
        "date": "1987-10-31",
        "symbol": "HRB",
        "reportedCurrency": "USD",
        "cik": "0000012659",
        "fillingDate": "1988-04-30",
        "acceptedDate": "1987-10-31 00:00:00",
        "calendarYear": "1988",
        "period": "Q1",
        "revenue": 113100000,
        "costOfRevenue": 0,
        "grossProfit": 113100000,
        "grossProfitRatio": 1,
        "researchAndDevelopmentExpenses": 0,
        "generalAndAdministrativeExpenses": 0,
        "sellingAndMarketingExpenses": 0,
        "sellingGeneralAndAdministrativeExpenses": 0,
        "otherExpenses": 0,
        "operatingExpenses": 0,
        "costAndExpenses": 0,
        "interestIncome": 0,
        "interestExpense": 0,
        "depreciationAndAmortization": 0,
        "ebitda": 113100000,
        "ebitdaratio": 1,
        "operatingIncome": 113100000,
        "operatingIncomeRatio": 1,
        "totalOtherIncomeExpensesNet": -113100000,
        "incomeBeforeTax": 0,
        "incomeBeforeTaxRatio": 0,
        "incomeTaxExpense": 0,
        "netIncome": 0,
        "netIncomeRatio": 0,
        "eps": 0,
        "epsdiluted": 0,
        "weightedAverageShsOut": 410864000,
        "weightedAverageShsOutDil": 410864000,
        "link": null,
        "finalLink": null
    },
    {
        "date": "1987-07-31",
        "symbol": "HRB",
        "reportedCurrency": "USD",
        "cik": "0000012659",
        "fillingDate": "1987-07-31",
        "acceptedDate": "1987-07-31 00:00:00",
        "calendarYear": "1987",
        "period": "Q4",
        "revenue": 93700000,
        "costOfRevenue": 0,
        "grossProfit": 93700000,
        "grossProfitRatio": 1,
        "researchAndDevelopmentExpenses": 0,
        "generalAndAdministrativeExpenses": 0,
        "sellingAndMarketingExpenses": 0,
        "sellingGeneralAndAdministrativeExpenses": 0,
        "otherExpenses": 0,
        "operatingExpenses": 0,
        "costAndExpenses": 0,
        "interestIncome": 0,
        "interestExpense": 0,
        "depreciationAndAmortization": 0,
        "ebitda": 93700000,
        "ebitdaratio": 1,
        "operatingIncome": 93700000,
        "operatingIncomeRatio": 1,
        "totalOtherIncomeExpensesNet": -93700000,
        "incomeBeforeTax": 0,
        "incomeBeforeTaxRatio": 0,
        "incomeTaxExpense": 0,
        "netIncome": 0,
        "netIncomeRatio": 0,
        "eps": 0,
        "epsdiluted": 0,
        "weightedAverageShsOut": 410480000,
        "weightedAverageShsOutDil": 410480000,
        "link": null,
        "finalLink": null
    },
    {
        "date": "1987-04-30",
        "symbol": "HRB",
        "reportedCurrency": "USD",
        "cik": "0000012659",
        "fillingDate": "1987-04-30",
        "acceptedDate": "1987-04-29 20:00:00",
        "calendarYear": "1987",
        "period": "Q3",
        "revenue": 428400000,
        "costOfRevenue": 0,
        "grossProfit": 428400000,
        "grossProfitRatio": 1,
        "researchAndDevelopmentExpenses": 0,
        "generalAndAdministrativeExpenses": 0,
        "sellingAndMarketingExpenses": 0,
        "sellingGeneralAndAdministrativeExpenses": 0,
        "otherExpenses": 513700000,
        "operatingExpenses": 513700000,
        "costAndExpenses": 513700000,
        "interestIncome": 0,
        "interestExpense": 0,
        "depreciationAndAmortization": 0,
        "ebitda": -85300000,
        "ebitdaratio": -0.1991129785,
        "operatingIncome": -85300000,
        "operatingIncomeRatio": -0.1991129785,
        "totalOtherIncomeExpensesNet": 85300000,
        "incomeBeforeTax": 0,
        "incomeBeforeTaxRatio": 0,
        "incomeTaxExpense": 0,
        "netIncome": 0,
        "netIncomeRatio": 0,
        "eps": 0,
        "epsdiluted": 0,
        "weightedAverageShsOut": 410864000,
        "weightedAverageShsOutDil": 410864000,
        "link": null,
        "finalLink": null
    },
    {
        "date": "1987-01-31",
        "symbol": "HRB",
        "reportedCurrency": "USD",
        "cik": "0000012659",
        "fillingDate": "1987-01-31",
        "acceptedDate": "1987-01-31 00:00:00",
        "calendarYear": "1987",
        "period": "Q2",
        "revenue": 95700000,
        "costOfRevenue": 0,
        "grossProfit": 95700000,
        "grossProfitRatio": 1,
        "researchAndDevelopmentExpenses": 0,
        "generalAndAdministrativeExpenses": 0,
        "sellingAndMarketingExpenses": 0,
        "sellingGeneralAndAdministrativeExpenses": 0,
        "otherExpenses": 0,
        "operatingExpenses": 0,
        "costAndExpenses": 0,
        "interestIncome": 0,
        "interestExpense": 0,
        "depreciationAndAmortization": 0,
        "ebitda": 95700000,
        "ebitdaratio": 1,
        "operatingIncome": 95700000,
        "operatingIncomeRatio": 1,
        "totalOtherIncomeExpensesNet": -95700000,
        "incomeBeforeTax": 0,
        "incomeBeforeTaxRatio": 0,
        "incomeTaxExpense": 0,
        "netIncome": 0,
        "netIncomeRatio": 0,
        "eps": 0,
        "epsdiluted": 0,
        "weightedAverageShsOut": 410480000,
        "weightedAverageShsOutDil": 410480000,
        "link": null,
        "finalLink": null
    },
    {
        "date": "1986-10-31",
        "symbol": "HRB",
        "reportedCurrency": "USD",
        "cik": "0000012659",
        "fillingDate": "1987-04-30",
        "acceptedDate": "1986-10-31 00:00:00",
        "calendarYear": "1987",
        "period": "Q1",
        "revenue": 86200000,
        "costOfRevenue": 0,
        "grossProfit": 86200000,
        "grossProfitRatio": 1,
        "researchAndDevelopmentExpenses": 0,
        "generalAndAdministrativeExpenses": 0,
        "sellingAndMarketingExpenses": 0,
        "sellingGeneralAndAdministrativeExpenses": 0,
        "otherExpenses": 0,
        "operatingExpenses": 0,
        "costAndExpenses": 0,
        "interestIncome": 0,
        "interestExpense": 0,
        "depreciationAndAmortization": 0,
        "ebitda": 86200000,
        "ebitdaratio": 1,
        "operatingIncome": 86200000,
        "operatingIncomeRatio": 1,
        "totalOtherIncomeExpensesNet": -86200000,
        "incomeBeforeTax": 0,
        "incomeBeforeTaxRatio": 0,
        "incomeTaxExpense": 0,
        "netIncome": 0,
        "netIncomeRatio": 0,
        "eps": 0,
        "epsdiluted": 0,
        "weightedAverageShsOut": 399024000,
        "weightedAverageShsOutDil": 399024000,
        "link": null,
        "finalLink": null
    },
    {
        "date": "1986-07-31",
        "symbol": "HRB",
        "reportedCurrency": "USD",
        "cik": "0000012659",
        "fillingDate": "1986-07-31",
        "acceptedDate": "1986-07-31 00:00:00",
        "calendarYear": "1986",
        "period": "Q4",
        "revenue": 76300000,
        "costOfRevenue": 0,
        "grossProfit": 76300000,
        "grossProfitRatio": 1,
        "researchAndDevelopmentExpenses": 0,
        "generalAndAdministrativeExpenses": 0,
        "sellingAndMarketingExpenses": 0,
        "sellingGeneralAndAdministrativeExpenses": 0,
        "otherExpenses": 0,
        "operatingExpenses": 0,
        "costAndExpenses": 0,
        "interestIncome": 0,
        "interestExpense": 0,
        "depreciationAndAmortization": 0,
        "ebitda": 76300000,
        "ebitdaratio": 1,
        "operatingIncome": 76300000,
        "operatingIncomeRatio": 1,
        "totalOtherIncomeExpensesNet": -76300000,
        "incomeBeforeTax": 0,
        "incomeBeforeTaxRatio": 0,
        "incomeTaxExpense": 0,
        "netIncome": 0,
        "netIncomeRatio": 0,
        "eps": 0,
        "epsdiluted": 0,
        "weightedAverageShsOut": 399008000,
        "weightedAverageShsOutDil": 399008000,
        "link": null,
        "finalLink": null
    },
    {
        "date": "1986-04-30",
        "symbol": "HRB",
        "reportedCurrency": "USD",
        "cik": "0000012659",
        "fillingDate": "1986-04-30",
        "acceptedDate": "1986-04-29 20:00:00",
        "calendarYear": "1986",
        "period": "Q3",
        "revenue": 355200000,
        "costOfRevenue": 0,
        "grossProfit": 355200000,
        "grossProfitRatio": 1,
        "researchAndDevelopmentExpenses": 0,
        "generalAndAdministrativeExpenses": 0,
        "sellingAndMarketingExpenses": 0,
        "sellingGeneralAndAdministrativeExpenses": 0,
        "otherExpenses": 439700000,
        "operatingExpenses": 439700000,
        "costAndExpenses": 439700000,
        "interestIncome": 0,
        "interestExpense": 0,
        "depreciationAndAmortization": 0,
        "ebitda": -84500000,
        "ebitdaratio": -0.2378941441,
        "operatingIncome": -84500000,
        "operatingIncomeRatio": -0.2378941441,
        "totalOtherIncomeExpensesNet": 84500000,
        "incomeBeforeTax": 0,
        "incomeBeforeTaxRatio": 0,
        "incomeTaxExpense": 0,
        "netIncome": 0,
        "netIncomeRatio": 0,
        "eps": 0,
        "epsdiluted": 0,
        "weightedAverageShsOut": 399024000,
        "weightedAverageShsOutDil": 399024000,
        "link": null,
        "finalLink": null
    },
    {
        "date": "1986-01-31",
        "symbol": "HRB",
        "reportedCurrency": "USD",
        "cik": "0000012659",
        "fillingDate": "1986-01-31",
        "acceptedDate": "1986-01-31 00:00:00",
        "calendarYear": "1986",
        "period": "Q2",
        "revenue": 90800000,
        "costOfRevenue": 0,
        "grossProfit": 90800000,
        "grossProfitRatio": 1,
        "researchAndDevelopmentExpenses": 0,
        "generalAndAdministrativeExpenses": 0,
        "sellingAndMarketingExpenses": 0,
        "sellingGeneralAndAdministrativeExpenses": 0,
        "otherExpenses": 0,
        "operatingExpenses": 0,
        "costAndExpenses": 0,
        "interestIncome": 0,
        "interestExpense": 0,
        "depreciationAndAmortization": 0,
        "ebitda": 90800000,
        "ebitdaratio": 1,
        "operatingIncome": 90800000,
        "operatingIncomeRatio": 1,
        "totalOtherIncomeExpensesNet": -90800000,
        "incomeBeforeTax": 0,
        "incomeBeforeTaxRatio": 0,
        "incomeTaxExpense": 0,
        "netIncome": 0,
        "netIncomeRatio": 0,
        "eps": 0,
        "epsdiluted": 0,
        "weightedAverageShsOut": 398992000,
        "weightedAverageShsOutDil": 398992000,
        "link": null,
        "finalLink": null
    },
    {
        "date": "1985-10-31",
        "symbol": "HRB",
        "reportedCurrency": "USD",
        "cik": "0000012659",
        "fillingDate": "1986-04-30",
        "acceptedDate": "1985-10-31 00:00:00",
        "calendarYear": "1986",
        "period": "Q1",
        "revenue": 84300000,
        "costOfRevenue": 0,
        "grossProfit": 84300000,
        "grossProfitRatio": 1,
        "researchAndDevelopmentExpenses": 0,
        "generalAndAdministrativeExpenses": 0,
        "sellingAndMarketingExpenses": 0,
        "sellingGeneralAndAdministrativeExpenses": 0,
        "otherExpenses": 0,
        "operatingExpenses": 0,
        "costAndExpenses": 0,
        "interestIncome": 0,
        "interestExpense": 0,
        "depreciationAndAmortization": 0,
        "ebitda": 84300000,
        "ebitdaratio": 1,
        "operatingIncome": 84300000,
        "operatingIncomeRatio": 1,
        "totalOtherIncomeExpensesNet": -84300000,
        "incomeBeforeTax": 0,
        "incomeBeforeTaxRatio": 0,
        "incomeTaxExpense": 0,
        "netIncome": 0,
        "netIncomeRatio": 0,
        "eps": 0,
        "epsdiluted": 0,
        "weightedAverageShsOut": 386176000,
        "weightedAverageShsOutDil": 386176000,
        "link": null,
        "finalLink": null
    }
]