[
    {
        "date": "2017-03-31",
        "symbol": "HW",
        "reportedCurrency": "USD",
        "cik": "0001003344",
        "fillingDate": "2017-04-28",
        "acceptedDate": "2017-04-28 16:46:31",
        "calendarYear": "2017",
        "period": "Q2",
        "revenue": 259293000,
        "costOfRevenue": 188786000,
        "grossProfit": 70507000,
        "grossProfitRatio": 0.271920183,
        "researchAndDevelopmentExpenses": 0,
        "generalAndAdministrativeExpenses": 49394000,
        "sellingAndMarketingExpenses": 6438000,
        "sellingGeneralAndAdministrativeExpenses": 55832000,
        "otherExpenses": 0,
        "operatingExpenses": 55832000,
        "costAndExpenses": 244618000,
        "interestIncome": 0,
        "interestExpense": 0,
        "depreciationAndAmortization": 19041000,
        "ebitda": 26882000,
        "ebitdaratio": 0.1036742218,
        "operatingIncome": 14675000,
        "operatingIncomeRatio": 0.0565962058,
        "totalOtherIncomeExpensesNet": -6249000,
        "incomeBeforeTax": 8426000,
        "incomeBeforeTaxRatio": 0.0324960566,
        "incomeTaxExpense": 3300000,
        "netIncome": 4541000,
        "netIncomeRatio": 0.0175130065,
        "eps": 0.0609,
        "epsdiluted": 0.0599,
        "weightedAverageShsOut": 74536000,
        "weightedAverageShsOutDil": 75827000,
        "link": "https://www.sec.gov/Archives/edgar/data/1003344/000155837017003089/0001558370-17-003089-index.html",
        "finalLink": "https://www.sec.gov/Archives/edgar/data/1003344/000155837017003089/hw-20170331x10q.htm"
    },
    {
        "date": "2016-12-31",
        "symbol": "HW",
        "reportedCurrency": "USD",
        "cik": "0001003344",
        "fillingDate": "2017-02-02",
        "acceptedDate": "2017-02-02 06:19:33",
        "calendarYear": "2017",
        "period": "Q1",
        "revenue": 255575000,
        "costOfRevenue": 184956000,
        "grossProfit": 70619000,
        "grossProfitRatio": 0.2763141935,
        "researchAndDevelopmentExpenses": 0,
        "generalAndAdministrativeExpenses": 44981000,
        "sellingAndMarketingExpenses": 6298000,
        "sellingGeneralAndAdministrativeExpenses": 51279000,
        "otherExpenses": 0,
        "operatingExpenses": 51279000,
        "costAndExpenses": 236235000,
        "interestIncome": 0,
        "interestExpense": 0,
        "depreciationAndAmortization": 18772000,
        "ebitda": 29339000,
        "ebitdaratio": 0.1147960481,
        "operatingIncome": 19340000,
        "operatingIncomeRatio": 0.0756725032,
        "totalOtherIncomeExpensesNet": -8765000,
        "incomeBeforeTax": 10575000,
        "incomeBeforeTaxRatio": 0.0413772865,
        "incomeTaxExpense": 3900000,
        "netIncome": 6667000,
        "netIncomeRatio": 0.026086276,
        "eps": 0.0898,
        "epsdiluted": 0.0881,
        "weightedAverageShsOut": 74237000,
        "weightedAverageShsOutDil": 75672000,
        "link": "https://www.sec.gov/Archives/edgar/data/1003344/000155837017000293/0001558370-17-000293-index.html",
        "finalLink": "https://www.sec.gov/Archives/edgar/data/1003344/000155837017000293/hw-20161231x10q.htm"
    },
    {
        "date": "2016-09-30",
        "symbol": "HW",
        "reportedCurrency": "USD",
        "cik": "0001003344",
        "fillingDate": "2016-11-15",
        "acceptedDate": "2016-11-15 06:13:24",
        "calendarYear": "2016",
        "period": "Q4",
        "revenue": 291591000,
        "costOfRevenue": 206069000,
        "grossProfit": 85522000,
        "grossProfitRatio": 0.2932943747,
        "researchAndDevelopmentExpenses": 0,
        "generalAndAdministrativeExpenses": 41726000,
        "sellingAndMarketingExpenses": 6183000,
        "sellingGeneralAndAdministrativeExpenses": 47909000,
        "otherExpenses": 0,
        "operatingExpenses": 47909000,
        "costAndExpenses": 253978000,
        "interestIncome": 0,
        "interestExpense": 0,
        "depreciationAndAmortization": 21693000,
        "ebitda": 46313000,
        "ebitdaratio": 0.1588286333,
        "operatingIncome": 37613000,
        "operatingIncomeRatio": 0.1289923214,
        "totalOtherIncomeExpensesNet": -12444000,
        "incomeBeforeTax": 25169000,
        "incomeBeforeTaxRatio": 0.0863161072,
        "incomeTaxExpense": 8566000,
        "netIncome": 16054000,
        "netIncomeRatio": 0.055056569,
        "eps": 0.22,
        "epsdiluted": 0.21,
        "weightedAverageShsOut": 73842000,
        "weightedAverageShsOutDil": 75415000,
        "link": "https://www.sec.gov/Archives/edgar/data/1003344/000155837016010096/0001558370-16-010096-index.html",
        "finalLink": "https://www.sec.gov/Archives/edgar/data/1003344/000155837016010096/hw-20160930x10k.htm"
    },
    {
        "date": "2016-06-30",
        "symbol": "HW",
        "reportedCurrency": "USD",
        "cik": "0001003344",
        "fillingDate": "2016-08-03",
        "acceptedDate": "2016-08-03 06:29:15",
        "calendarYear": "2016",
        "period": "Q3",
        "revenue": 262466000,
        "costOfRevenue": 178935000,
        "grossProfit": 83531000,
        "grossProfitRatio": 0.3182545549,
        "researchAndDevelopmentExpenses": 0,
        "generalAndAdministrativeExpenses": 42408000,
        "sellingAndMarketingExpenses": 5029000,
        "sellingGeneralAndAdministrativeExpenses": 47437000,
        "otherExpenses": 0,
        "operatingExpenses": 47437000,
        "costAndExpenses": 226372000,
        "interestIncome": 0,
        "interestExpense": 0,
        "depreciationAndAmortization": 15717000,
        "ebitda": 42323000,
        "ebitdaratio": 0.1612513621,
        "operatingIncome": 36094000,
        "operatingIncomeRatio": 0.1375187643,
        "totalOtherIncomeExpensesNet": -9477000,
        "incomeBeforeTax": 26617000,
        "incomeBeforeTaxRatio": 0.1014112304,
        "incomeTaxExpense": 9090000,
        "netIncome": 17516000,
        "netIncomeRatio": 0.066736263,
        "eps": 0.24,
        "epsdiluted": 0.23,
        "weightedAverageShsOut": 73819000,
        "weightedAverageShsOutDil": 75388000,
        "link": "https://www.sec.gov/Archives/edgar/data/1003344/000155837016007171/0001558370-16-007171-index.html",
        "finalLink": "https://www.sec.gov/Archives/edgar/data/1003344/000155837016007171/hw-20160630x10q.htm"
    },
    {
        "date": "2016-03-31",
        "symbol": "HW",
        "reportedCurrency": "USD",
        "cik": "0001003344",
        "fillingDate": "2016-05-05",
        "acceptedDate": "2016-05-05 06:10:16",
        "calendarYear": "2016",
        "period": "Q2",
        "revenue": 202332000,
        "costOfRevenue": 147455000,
        "grossProfit": 54877000,
        "grossProfitRatio": 0.2712225451,
        "researchAndDevelopmentExpenses": 0,
        "generalAndAdministrativeExpenses": 37882000,
        "sellingAndMarketingExpenses": 4815000,
        "sellingGeneralAndAdministrativeExpenses": 42697000,
        "otherExpenses": 0,
        "operatingExpenses": 42697000,
        "costAndExpenses": 190152000,
        "interestIncome": 0,
        "interestExpense": 0,
        "depreciationAndAmortization": 14732000,
        "ebitda": 18333000,
        "ebitdaratio": 0.0906085048,
        "operatingIncome": 12180000,
        "operatingIncomeRatio": 0.0601980903,
        "totalOtherIncomeExpensesNet": -8068000,
        "incomeBeforeTax": 4112000,
        "incomeBeforeTaxRatio": 0.0203230334,
        "incomeTaxExpense": 1500000,
        "netIncome": 2101000,
        "netIncomeRatio": 0.0103839235,
        "eps": 0.0285,
        "epsdiluted": 0.0279,
        "weightedAverageShsOut": 73804000,
        "weightedAverageShsOutDil": 75353000,
        "link": "https://www.sec.gov/Archives/edgar/data/1003344/000110465916117919/0001104659-16-117919-index.html",
        "finalLink": "https://www.sec.gov/Archives/edgar/data/1003344/000110465916117919/a16-7953_110q.htm"
    },
    {
        "date": "2015-12-31",
        "symbol": "HW",
        "reportedCurrency": "USD",
        "cik": "0001003344",
        "fillingDate": "2016-02-04",
        "acceptedDate": "2016-02-04 06:08:12",
        "calendarYear": "2016",
        "period": "Q1",
        "revenue": 218418000,
        "costOfRevenue": 154147000,
        "grossProfit": 64271000,
        "grossProfitRatio": 0.2942568836,
        "researchAndDevelopmentExpenses": 0,
        "generalAndAdministrativeExpenses": 34882000,
        "sellingAndMarketingExpenses": 4566000,
        "sellingGeneralAndAdministrativeExpenses": 39448000,
        "otherExpenses": 0,
        "operatingExpenses": 39448000,
        "costAndExpenses": 193595000,
        "interestIncome": 0,
        "interestExpense": 0,
        "depreciationAndAmortization": 14349000,
        "ebitda": 30374000,
        "ebitdaratio": 0.1390636303,
        "operatingIncome": 24823000,
        "operatingIncomeRatio": 0.1136490582,
        "totalOtherIncomeExpensesNet": -8286000,
        "incomeBeforeTax": 16537000,
        "incomeBeforeTaxRatio": 0.0757126244,
        "incomeTaxExpense": 3600000,
        "netIncome": 12425000,
        "netIncomeRatio": 0.0568863372,
        "eps": 0.17,
        "epsdiluted": 0.16,
        "weightedAverageShsOut": 73789000,
        "weightedAverageShsOutDil": 75365000,
        "link": "https://www.sec.gov/Archives/edgar/data/1003344/000110465916093761/0001104659-16-093761-index.html",
        "finalLink": "https://www.sec.gov/Archives/edgar/data/1003344/000110465916093761/a15-24157_110q.htm"
    },
    {
        "date": "2015-09-30",
        "symbol": "HW",
        "reportedCurrency": "USD",
        "cik": "0001003344",
        "fillingDate": "2015-11-17",
        "acceptedDate": "2015-11-17 06:17:10",
        "calendarYear": "2015",
        "period": "Q4",
        "revenue": 272717000,
        "costOfRevenue": 182416000,
        "grossProfit": 90301000,
        "grossProfitRatio": 0.3311161387,
        "researchAndDevelopmentExpenses": 0,
        "generalAndAdministrativeExpenses": 44337000,
        "sellingAndMarketingExpenses": 4558000,
        "sellingGeneralAndAdministrativeExpenses": 48895000,
        "otherExpenses": 0,
        "operatingExpenses": 48895000,
        "costAndExpenses": 231311000,
        "interestIncome": 0,
        "interestExpense": 0,
        "depreciationAndAmortization": 14749000,
        "ebitda": 235047000,
        "ebitdaratio": 0.8618714638,
        "operatingIncome": 41406000,
        "operatingIncomeRatio": 0.1518277188,
        "totalOtherIncomeExpensesNet": -8257000,
        "incomeBeforeTax": 33149000,
        "incomeBeforeTaxRatio": 0.1215509118,
        "incomeTaxExpense": 93698000,
        "netIncome": 126600000,
        "netIncomeRatio": 0.4642174855,
        "eps": 1.72,
        "epsdiluted": 1.67,
        "weightedAverageShsOut": 73570000,
        "weightedAverageShsOutDil": 75602000,
        "link": "https://www.sec.gov/Archives/edgar/data/1003344/000104746915008710/0001047469-15-008710-index.html",
        "finalLink": "https://www.sec.gov/Archives/edgar/data/1003344/000104746915008710/a2226590z10-k.htm"
    },
    {
        "date": "2015-06-30",
        "symbol": "HW",
        "reportedCurrency": "USD",
        "cik": "0001003344",
        "fillingDate": "2015-08-06",
        "acceptedDate": "2015-08-06 06:05:12",
        "calendarYear": "2015",
        "period": "Q3",
        "revenue": 243294000,
        "costOfRevenue": 166532000,
        "grossProfit": 76762000,
        "grossProfitRatio": 0.3155112744,
        "researchAndDevelopmentExpenses": 0,
        "generalAndAdministrativeExpenses": 38906000,
        "sellingAndMarketingExpenses": 4557000,
        "sellingGeneralAndAdministrativeExpenses": 43463000,
        "otherExpenses": 0,
        "operatingExpenses": 43463000,
        "costAndExpenses": 209995000,
        "interestIncome": 0,
        "interestExpense": 0,
        "depreciationAndAmortization": 14506000,
        "ebitda": 39543000,
        "ebitdaratio": 0.1625317517,
        "operatingIncome": 33299000,
        "operatingIncomeRatio": 0.1368673292,
        "totalOtherIncomeExpensesNet": -7961000,
        "incomeBeforeTax": 25338000,
        "incomeBeforeTaxRatio": 0.1041456016,
        "incomeTaxExpense": 2220000,
        "netIncome": 22817000,
        "netIncomeRatio": 0.0937836527,
        "eps": 0.31,
        "epsdiluted": 0.3,
        "weightedAverageShsOut": 73553000,
        "weightedAverageShsOutDil": 75699000,
        "link": "https://www.sec.gov/Archives/edgar/data/1003344/000110465915056733/0001104659-15-056733-index.html",
        "finalLink": "https://www.sec.gov/Archives/edgar/data/1003344/000110465915056733/a15-12035_110q.htm"
    },
    {
        "date": "2015-03-31",
        "symbol": "HW",
        "reportedCurrency": "USD",
        "cik": "0001003344",
        "fillingDate": "2015-05-07",
        "acceptedDate": "2015-05-07 06:05:55",
        "calendarYear": "2015",
        "period": "Q2",
        "revenue": 179725000,
        "costOfRevenue": 132584000,
        "grossProfit": 47141000,
        "grossProfitRatio": 0.2622951732,
        "researchAndDevelopmentExpenses": 0,
        "generalAndAdministrativeExpenses": 34351000,
        "sellingAndMarketingExpenses": 4560000,
        "sellingGeneralAndAdministrativeExpenses": 38911000,
        "otherExpenses": 0,
        "operatingExpenses": 38911000,
        "costAndExpenses": 171495000,
        "interestIncome": 0,
        "interestExpense": 0,
        "depreciationAndAmortization": 17463000,
        "ebitda": -10515000,
        "ebitdaratio": -0.0585060509,
        "operatingIncome": 8230000,
        "operatingIncomeRatio": 0.0457921825,
        "totalOtherIncomeExpensesNet": -35998000,
        "incomeBeforeTax": -27768000,
        "incomeBeforeTaxRatio": -0.1545027125,
        "incomeTaxExpense": -2780000,
        "netIncome": -25198000,
        "netIncomeRatio": -0.1402030881,
        "eps": -0.34,
        "epsdiluted": -0.34,
        "weightedAverageShsOut": 73501000,
        "weightedAverageShsOutDil": 73501000,
        "link": "https://www.sec.gov/Archives/edgar/data/1003344/000110465915035102/0001104659-15-035102-index.html",
        "finalLink": "https://www.sec.gov/Archives/edgar/data/1003344/000110465915035102/a15-7747_110q.htm"
    },
    {
        "date": "2014-12-31",
        "symbol": "HW",
        "reportedCurrency": "USD",
        "cik": "0001003344",
        "fillingDate": "2015-02-05",
        "acceptedDate": "2015-02-05 06:04:51",
        "calendarYear": "2015",
        "period": "Q1",
        "revenue": 199597000,
        "costOfRevenue": 143910000,
        "grossProfit": 55687000,
        "grossProfitRatio": 0.2789971793,
        "researchAndDevelopmentExpenses": 0,
        "generalAndAdministrativeExpenses": 32029000,
        "sellingAndMarketingExpenses": 4486000,
        "sellingGeneralAndAdministrativeExpenses": 36515000,
        "otherExpenses": 0,
        "operatingExpenses": 36515000,
        "costAndExpenses": 180425000,
        "interestIncome": 0,
        "interestExpense": 0,
        "depreciationAndAmortization": 13435000,
        "ebitda": 20074000,
        "ebitdaratio": 0.1005726539,
        "operatingIncome": 19172000,
        "operatingIncomeRatio": 0.0960535479,
        "totalOtherIncomeExpensesNet": -12221000,
        "incomeBeforeTax": 6951000,
        "incomeBeforeTaxRatio": 0.0348251727,
        "incomeTaxExpense": -200000,
        "netIncome": 6839000,
        "netIncomeRatio": 0.034264042,
        "eps": 0.0931,
        "epsdiluted": 0.0908,
        "weightedAverageShsOut": 73448000,
        "weightedAverageShsOutDil": 75328000,
        "link": "https://www.sec.gov/Archives/edgar/data/1003344/000110465915006791/0001104659-15-006791-index.htm",
        "finalLink": "https://www.sec.gov/Archives/edgar/data/1003344/000110465915006791/a14-26709_110q.htm"
    },
    {
        "date": "2014-09-30",
        "symbol": "HW",
        "reportedCurrency": "USD",
        "cik": "0001003344",
        "fillingDate": "2014-11-18",
        "acceptedDate": "2014-11-18 06:02:00",
        "calendarYear": "2014",
        "period": "Q4",
        "revenue": 245921000,
        "costOfRevenue": 167344000,
        "grossProfit": 78577000,
        "grossProfitRatio": 0.3195213097,
        "researchAndDevelopmentExpenses": 0,
        "generalAndAdministrativeExpenses": 40402000,
        "sellingAndMarketingExpenses": 5251000,
        "sellingGeneralAndAdministrativeExpenses": 45653000,
        "otherExpenses": 0,
        "operatingExpenses": 45653000,
        "costAndExpenses": 212997000,
        "interestIncome": 0,
        "interestExpense": 0,
        "depreciationAndAmortization": 14896000,
        "ebitda": 35146000,
        "ebitdaratio": 0.1429158144,
        "operatingIncome": 32924000,
        "operatingIncomeRatio": 0.1338803925,
        "totalOtherIncomeExpensesNet": -12210000,
        "incomeBeforeTax": 20714000,
        "incomeBeforeTaxRatio": 0.0842303016,
        "incomeTaxExpense": 3724000,
        "netIncome": 16526000,
        "netIncomeRatio": 0.0672004424,
        "eps": 0.23,
        "epsdiluted": 0.22,
        "weightedAverageShsOut": 73160000,
        "weightedAverageShsOutDil": 74451000,
        "link": "https://www.sec.gov/Archives/edgar/data/1003344/000104746914009290/0001047469-14-009290-index.html",
        "finalLink": "https://www.sec.gov/Archives/edgar/data/1003344/000104746914009290/a2222212z10-k.htm"
    },
    {
        "date": "2014-06-30",
        "symbol": "HW",
        "reportedCurrency": "USD",
        "cik": "0001003344",
        "fillingDate": "2014-07-31",
        "acceptedDate": "2014-07-31 06:01:24",
        "calendarYear": "2014",
        "period": "Q3",
        "revenue": 223399000,
        "costOfRevenue": 155727000,
        "grossProfit": 67672000,
        "grossProfitRatio": 0.3029198877,
        "researchAndDevelopmentExpenses": 0,
        "generalAndAdministrativeExpenses": 36504000,
        "sellingAndMarketingExpenses": 5477000,
        "sellingGeneralAndAdministrativeExpenses": 41981000,
        "otherExpenses": 0,
        "operatingExpenses": 41981000,
        "costAndExpenses": 197708000,
        "interestIncome": 0,
        "interestExpense": 0,
        "depreciationAndAmortization": 14800000,
        "ebitda": 27714000,
        "ebitdaratio": 0.1240560611,
        "operatingIncome": 25691000,
        "operatingIncomeRatio": 0.1150005148,
        "totalOtherIncomeExpensesNet": -12157000,
        "incomeBeforeTax": 13534000,
        "incomeBeforeTaxRatio": 0.060582187,
        "incomeTaxExpense": 2410000,
        "netIncome": 10504000,
        "netIncomeRatio": 0.0470190108,
        "eps": 0.14,
        "epsdiluted": 0.14,
        "weightedAverageShsOut": 73131000,
        "weightedAverageShsOutDil": 73131000,
        "link": "https://www.sec.gov/Archives/edgar/data/1003344/000110465914055139/0001104659-14-055139-index.html",
        "finalLink": "https://www.sec.gov/Archives/edgar/data/1003344/000110465914055139/a14-13970_110q.htm"
    },
    {
        "date": "2014-03-31",
        "symbol": "HW",
        "reportedCurrency": "USD",
        "cik": "0001003344",
        "fillingDate": "2014-05-01",
        "acceptedDate": "2014-05-01 06:02:19",
        "calendarYear": "2014",
        "period": "Q2",
        "revenue": 156512000,
        "costOfRevenue": 117961000,
        "grossProfit": 38551000,
        "grossProfitRatio": 0.2463133817,
        "researchAndDevelopmentExpenses": 0,
        "generalAndAdministrativeExpenses": 32517000,
        "sellingAndMarketingExpenses": 5485000,
        "sellingGeneralAndAdministrativeExpenses": 38002000,
        "otherExpenses": 0,
        "operatingExpenses": 38002000,
        "costAndExpenses": 155963000,
        "interestIncome": 0,
        "interestExpense": 0,
        "depreciationAndAmortization": 13996000,
        "ebitda": -3760000,
        "ebitdaratio": -0.024023717,
        "operatingIncome": 549000,
        "operatingIncomeRatio": 0.0035077183,
        "totalOtherIncomeExpensesNet": -25588000,
        "incomeBeforeTax": -25039000,
        "incomeBeforeTaxRatio": -0.1599813433,
        "incomeTaxExpense": 1300000,
        "netIncome": -19056000,
        "netIncomeRatio": -0.1217542425,
        "eps": -0.26,
        "epsdiluted": -0.26,
        "weightedAverageShsOut": 73131000,
        "weightedAverageShsOutDil": 73131000,
        "link": "https://www.sec.gov/Archives/edgar/data/1003344/000110465914032942/0001104659-14-032942-index.html",
        "finalLink": "https://www.sec.gov/Archives/edgar/data/1003344/000110465914032942/a14-9277_110q.htm"
    },
    {
        "date": "2013-12-31",
        "symbol": "HW",
        "reportedCurrency": "USD",
        "cik": "0001003344",
        "fillingDate": "2014-02-05",
        "acceptedDate": "2014-02-05 10:14:05",
        "calendarYear": "2014",
        "period": "Q1",
        "revenue": 165615000,
        "costOfRevenue": 124722000,
        "grossProfit": 40893000,
        "grossProfitRatio": 0.2469160402,
        "researchAndDevelopmentExpenses": 0,
        "generalAndAdministrativeExpenses": 28227000,
        "sellingAndMarketingExpenses": 5106000,
        "sellingGeneralAndAdministrativeExpenses": 33333000,
        "otherExpenses": 0,
        "operatingExpenses": 33333000,
        "costAndExpenses": 158055000,
        "interestIncome": 0,
        "interestExpense": 0,
        "depreciationAndAmortization": 13617000,
        "ebitda": 19857000,
        "ebitdaratio": 0.1198985599,
        "operatingIncome": 7560000,
        "operatingIncomeRatio": 0.0456480391,
        "totalOtherIncomeExpensesNet": 3278000,
        "incomeBeforeTax": 10838000,
        "incomeBeforeTaxRatio": 0.0654409323,
        "incomeTaxExpense": -1300000,
        "netIncome": 7540000,
        "netIncomeRatio": 0.0455272771,
        "eps": 0.1,
        "epsdiluted": 0.1,
        "weightedAverageShsOut": 73131000,
        "weightedAverageShsOutDil": 73131000,
        "link": "https://www.sec.gov/Archives/edgar/data/1003344/000110465914006603/0001104659-14-006603-index.htm",
        "finalLink": "https://www.sec.gov/Archives/edgar/data/1003344/000110465914006603/a14-3716_110q.htm"
    },
    {
        "date": "2013-09-30",
        "symbol": "HW",
        "reportedCurrency": "USD",
        "cik": "0001003344",
        "fillingDate": "2013-11-19",
        "acceptedDate": "2013-11-18 20:39:38",
        "calendarYear": "2013",
        "period": "Q4",
        "revenue": 214985000,
        "costOfRevenue": 150664000,
        "grossProfit": 64321000,
        "grossProfitRatio": 0.2991883155,
        "researchAndDevelopmentExpenses": 2121000,
        "generalAndAdministrativeExpenses": 31203000,
        "sellingAndMarketingExpenses": 4687000,
        "sellingGeneralAndAdministrativeExpenses": 35890000,
        "otherExpenses": 0,
        "operatingExpenses": 38011000,
        "costAndExpenses": 188675000,
        "interestIncome": 0,
        "interestExpense": 0,
        "depreciationAndAmortization": 13727000,
        "ebitda": 27354000,
        "ebitdaratio": 0.127236784,
        "operatingIncome": 26310000,
        "operatingIncomeRatio": 0.1223806312,
        "totalOtherIncomeExpensesNet": -9742000,
        "incomeBeforeTax": 16568000,
        "incomeBeforeTaxRatio": 0.0770658418,
        "incomeTaxExpense": 3374000,
        "netIncome": 10253000,
        "netIncomeRatio": 0.0476916994,
        "eps": 0.15,
        "epsdiluted": 0.14,
        "weightedAverageShsOut": 70128000,
        "weightedAverageShsOutDil": 71252000,
        "link": "https://www.sec.gov/Archives/edgar/data/1003344/000104746913010636/0001047469-13-010636-index.html",
        "finalLink": "https://www.sec.gov/Archives/edgar/data/1003344/000104746913010636/a2217396z10-k.htm"
    },
    {
        "date": "2013-06-30",
        "symbol": "HW",
        "reportedCurrency": "USD",
        "cik": "0001003344",
        "fillingDate": "2013-08-01",
        "acceptedDate": "2013-08-01 08:18:30",
        "calendarYear": "2013",
        "period": "Q3",
        "revenue": 197030000,
        "costOfRevenue": 138525000,
        "grossProfit": 58505000,
        "grossProfitRatio": 0.296934477,
        "researchAndDevelopmentExpenses": 1786000,
        "generalAndAdministrativeExpenses": 28215000,
        "sellingAndMarketingExpenses": 5319000,
        "sellingGeneralAndAdministrativeExpenses": 33534000,
        "otherExpenses": 0,
        "operatingExpenses": 35320000,
        "costAndExpenses": 173845000,
        "interestIncome": 0,
        "interestExpense": 0,
        "depreciationAndAmortization": 15684000,
        "ebitda": 29550000,
        "ebitdaratio": 0.1499771608,
        "operatingIncome": 23185000,
        "operatingIncomeRatio": 0.1176724357,
        "totalOtherIncomeExpensesNet": -11087000,
        "incomeBeforeTax": 12098000,
        "incomeBeforeTaxRatio": 0.061401817,
        "incomeTaxExpense": 2850000,
        "netIncome": 11016000,
        "netIncomeRatio": 0.0559102675,
        "eps": 0.16,
        "epsdiluted": 0.16,
        "weightedAverageShsOut": 69195000,
        "weightedAverageShsOutDil": 69195000,
        "link": "https://www.sec.gov/Archives/edgar/data/1003344/000110465913058654/0001104659-13-058654-index.html",
        "finalLink": "https://www.sec.gov/Archives/edgar/data/1003344/000110465913058654/a13-13992_110q.htm"
    },
    {
        "date": "2013-03-31",
        "symbol": "HW",
        "reportedCurrency": "USD",
        "cik": "0001003344",
        "fillingDate": "2013-05-02",
        "acceptedDate": "2013-05-02 06:01:51",
        "calendarYear": "2013",
        "period": "Q2",
        "revenue": 140988000,
        "costOfRevenue": 108577000,
        "grossProfit": 32411000,
        "grossProfitRatio": 0.2298848129,
        "researchAndDevelopmentExpenses": 1817000,
        "generalAndAdministrativeExpenses": 26422000,
        "sellingAndMarketingExpenses": 5288000,
        "sellingGeneralAndAdministrativeExpenses": 31710000,
        "otherExpenses": 0,
        "operatingExpenses": 33527000,
        "costAndExpenses": 142104000,
        "interestIncome": 0,
        "interestExpense": 0,
        "depreciationAndAmortization": 15092000,
        "ebitda": -2980000,
        "ebitdaratio": -0.0211365506,
        "operatingIncome": -5900000,
        "operatingIncomeRatio": -0.0418475331,
        "totalOtherIncomeExpensesNet": -21395000,
        "incomeBeforeTax": -27295000,
        "incomeBeforeTaxRatio": -0.1935980367,
        "incomeTaxExpense": 3600000,
        "netIncome": -21672000,
        "netIncomeRatio": -0.1537152098,
        "eps": -0.31,
        "epsdiluted": -0.31,
        "weightedAverageShsOut": 69195000,
        "weightedAverageShsOutDil": 69195000,
        "link": "https://www.sec.gov/Archives/edgar/data/1003344/000110465913036150/0001104659-13-036150-index.html",
        "finalLink": "https://www.sec.gov/Archives/edgar/data/1003344/000110465913036150/a13-9032_110q.htm"
    },
    {
        "date": "2012-12-31",
        "symbol": "HW",
        "reportedCurrency": "USD",
        "cik": "0001003344",
        "fillingDate": "2013-01-31",
        "acceptedDate": "2013-01-31 09:10:57",
        "calendarYear": "2013",
        "period": "Q1",
        "revenue": 149573000,
        "costOfRevenue": 112328000,
        "grossProfit": 37245000,
        "grossProfitRatio": 0.2490088452,
        "researchAndDevelopmentExpenses": 1606000,
        "generalAndAdministrativeExpenses": 24671000,
        "sellingAndMarketingExpenses": 4936000,
        "sellingGeneralAndAdministrativeExpenses": 29607000,
        "otherExpenses": 0,
        "operatingExpenses": 31213000,
        "costAndExpenses": 143541000,
        "interestIncome": 0,
        "interestExpense": 0,
        "depreciationAndAmortization": 13655000,
        "ebitda": 19895000,
        "ebitdaratio": 0.1330119741,
        "operatingIncome": 6032000,
        "operatingIncomeRatio": 0.0403281341,
        "totalOtherIncomeExpensesNet": 4806000,
        "incomeBeforeTax": 10838000,
        "incomeBeforeTaxRatio": 0.0724596017,
        "incomeTaxExpense": -1300000,
        "netIncome": 7540000,
        "netIncomeRatio": 0.0504101676,
        "eps": 0.11,
        "epsdiluted": 0.11,
        "weightedAverageShsOut": 69195000,
        "weightedAverageShsOutDil": 69195000,
        "link": "https://www.sec.gov/Archives/edgar/data/1003344/000110465913006207/0001104659-13-006207-index.html",
        "finalLink": "https://www.sec.gov/Archives/edgar/data/1003344/000110465913006207/a13-2658_110q.htm"
    },
    {
        "date": "2012-09-30",
        "symbol": "HW",
        "reportedCurrency": "USD",
        "cik": "0001003344",
        "fillingDate": "2012-11-16",
        "acceptedDate": "2012-11-16 06:03:07",
        "calendarYear": "2012",
        "period": "Q4",
        "revenue": 190107000,
        "costOfRevenue": 133405000,
        "grossProfit": 56702000,
        "grossProfitRatio": 0.2982636094,
        "researchAndDevelopmentExpenses": 2256000,
        "generalAndAdministrativeExpenses": 33652000,
        "sellingAndMarketingExpenses": 4936000,
        "sellingGeneralAndAdministrativeExpenses": 38588000,
        "otherExpenses": 0,
        "operatingExpenses": 40844000,
        "costAndExpenses": 174249000,
        "interestIncome": 0,
        "interestExpense": 0,
        "depreciationAndAmortization": 14214000,
        "ebitda": 10447000,
        "ebitdaratio": 0.0549532632,
        "operatingIncome": 15858000,
        "operatingIncomeRatio": 0.0834161814,
        "totalOtherIncomeExpensesNet": -13960000,
        "incomeBeforeTax": 1898000,
        "incomeBeforeTaxRatio": 0.0099838512,
        "incomeTaxExpense": 1139000,
        "netIncome": -4906000,
        "netIncomeRatio": -0.0258065195,
        "eps": -0.0806,
        "epsdiluted": -0.0792,
        "weightedAverageShsOut": 60894000,
        "weightedAverageShsOutDil": 61982000,
        "link": "https://www.sec.gov/Archives/edgar/data/1003344/000104746912010631/0001047469-12-010631-index.html",
        "finalLink": "https://www.sec.gov/Archives/edgar/data/1003344/000104746912010631/a2211786z10-k.htm"
    },
    {
        "date": "2012-06-30",
        "symbol": "HW",
        "reportedCurrency": "USD",
        "cik": "0001003344",
        "fillingDate": "2012-08-02",
        "acceptedDate": "2012-08-02 11:17:51",
        "calendarYear": "2012",
        "period": "Q3",
        "revenue": 175621000,
        "costOfRevenue": 123263000,
        "grossProfit": 52358000,
        "grossProfitRatio": 0.2981306336,
        "researchAndDevelopmentExpenses": 2280000,
        "generalAndAdministrativeExpenses": 29212000,
        "sellingAndMarketingExpenses": 4936000,
        "sellingGeneralAndAdministrativeExpenses": 34148000,
        "otherExpenses": 0,
        "operatingExpenses": 36428000,
        "costAndExpenses": 159691000,
        "interestIncome": 0,
        "interestExpense": 0,
        "depreciationAndAmortization": 19392000,
        "ebitda": 8386000,
        "ebitdaratio": 0.0477505537,
        "operatingIncome": 15930000,
        "operatingIncomeRatio": 0.0907066923,
        "totalOtherIncomeExpensesNet": -15918000,
        "incomeBeforeTax": 12000,
        "incomeBeforeTaxRatio": 6.8329e-05,
        "incomeTaxExpense": 2030000,
        "netIncome": -13036000,
        "netIncomeRatio": -0.0742280251,
        "eps": -0.21,
        "epsdiluted": -0.21,
        "weightedAverageShsOut": 60871000,
        "weightedAverageShsOutDil": 60871000,
        "link": "https://www.sec.gov/Archives/edgar/data/1003344/000110465912053593/0001104659-12-053593-index.html",
        "finalLink": "https://www.sec.gov/Archives/edgar/data/1003344/000110465912053593/a12-13424_110q.htm"
    },
    {
        "date": "2012-03-31",
        "symbol": "HW",
        "reportedCurrency": "USD",
        "cik": "0001003344",
        "fillingDate": "2012-05-01",
        "acceptedDate": "2012-04-30 20:00:00",
        "calendarYear": "2012",
        "period": "Q2",
        "revenue": 129632000,
        "costOfRevenue": 98067000,
        "grossProfit": 31565000,
        "grossProfitRatio": 0.2434969761,
        "researchAndDevelopmentExpenses": 1616000,
        "generalAndAdministrativeExpenses": 25692000,
        "sellingAndMarketingExpenses": 6055000,
        "sellingGeneralAndAdministrativeExpenses": 31747000,
        "otherExpenses": 0,
        "operatingExpenses": 33363000,
        "costAndExpenses": 131430000,
        "interestIncome": 0,
        "interestExpense": 0,
        "depreciationAndAmortization": 15828000,
        "ebitda": -27628000,
        "ebitdaratio": -0.2131263885,
        "operatingIncome": -1626000,
        "operatingIncomeRatio": -0.0125431992,
        "totalOtherIncomeExpensesNet": -30666000,
        "incomeBeforeTax": -32292000,
        "incomeBeforeTaxRatio": -0.2491051592,
        "incomeTaxExpense": 2730000,
        "netIncome": -46186000,
        "netIncomeRatio": -0.3562854851,
        "eps": -0.76,
        "epsdiluted": -0.76,
        "weightedAverageShsOut": 60871000,
        "weightedAverageShsOutDil": 60871000,
        "link": "https://www.sec.gov/Archives/edgar/data/1003344/000110465912030862/0001104659-12-030862-index.htm",
        "finalLink": "https://www.sec.gov/Archives/edgar/data/1003344/000110465912030862/a12-7087_110q.htm"
    },
    {
        "date": "2011-12-31",
        "symbol": "HW",
        "reportedCurrency": "USD",
        "cik": "0001003344",
        "fillingDate": "2012-02-02",
        "acceptedDate": "2012-02-01 19:00:00",
        "calendarYear": "2012",
        "period": "Q1",
        "revenue": 137427000,
        "costOfRevenue": 102985000,
        "grossProfit": 34442000,
        "grossProfitRatio": 0.2506203293,
        "researchAndDevelopmentExpenses": 1854000,
        "generalAndAdministrativeExpenses": 21282000,
        "sellingAndMarketingExpenses": 6893000,
        "sellingGeneralAndAdministrativeExpenses": 28175000,
        "otherExpenses": 0,
        "operatingExpenses": 30029000,
        "costAndExpenses": 133014000,
        "interestIncome": 0,
        "interestExpense": 0,
        "depreciationAndAmortization": 16231000,
        "ebitda": 19211000,
        "ebitdaratio": 0.1397905797,
        "operatingIncome": 4413000,
        "operatingIncomeRatio": 0.0321115938,
        "totalOtherIncomeExpensesNet": 201000,
        "incomeBeforeTax": 4614000,
        "incomeBeforeTaxRatio": 0.0335741885,
        "incomeTaxExpense": 1100000,
        "netIncome": 1880000,
        "netIncomeRatio": 0.0136799901,
        "eps": 0.0309,
        "epsdiluted": 0.0309,
        "weightedAverageShsOut": 60871000,
        "weightedAverageShsOutDil": 60871000,
        "link": "https://www.sec.gov/Archives/edgar/data/1003344/000110465912005955/0001104659-12-005955-index.htm",
        "finalLink": "https://www.sec.gov/Archives/edgar/data/1003344/000110465912005955/a11-32254_110q.htm"
    },
    {
        "date": "2011-09-30",
        "symbol": "HW",
        "reportedCurrency": "USD",
        "cik": "0001003344",
        "fillingDate": "2011-11-18",
        "acceptedDate": "2011-11-17 19:00:00",
        "calendarYear": "2011",
        "period": "Q4",
        "revenue": 137861000,
        "costOfRevenue": 78755000,
        "grossProfit": 59106000,
        "grossProfitRatio": 0.4287361908,
        "researchAndDevelopmentExpenses": 313000,
        "generalAndAdministrativeExpenses": 16198000,
        "sellingAndMarketingExpenses": -14537000,
        "sellingGeneralAndAdministrativeExpenses": 1661000,
        "otherExpenses": 0,
        "operatingExpenses": 1974000,
        "costAndExpenses": 80729000,
        "interestIncome": 0,
        "interestExpense": 0,
        "depreciationAndAmortization": 19157000,
        "ebitda": -22475000,
        "ebitdaratio": -0.1630265267,
        "operatingIncome": 57132000,
        "operatingIncomeRatio": 0.4144174204,
        "totalOtherIncomeExpensesNet": -13146000,
        "incomeBeforeTax": 43986000,
        "incomeBeforeTaxRatio": 0.319060503,
        "incomeTaxExpense": 5100000,
        "netIncome": -46732000,
        "netIncomeRatio": -0.3389791166,
        "eps": -0.77,
        "epsdiluted": -0.77,
        "weightedAverageShsOut": 60871000,
        "weightedAverageShsOutDil": 60871000,
        "link": "https://www.sec.gov/Archives/edgar/data/1003344/000119312511316813/0001193125-11-316813-index.htm",
        "finalLink": "https://www.sec.gov/Archives/edgar/data/1003344/000119312511316813/d224534d10k.htm"
    },
    {
        "date": "2011-06-30",
        "symbol": "HW",
        "reportedCurrency": "USD",
        "cik": "0001003344",
        "fillingDate": "2011-08-04",
        "acceptedDate": "2011-08-03 20:00:00",
        "calendarYear": "2011",
        "period": "Q3",
        "revenue": 172257000,
        "costOfRevenue": 131797000,
        "grossProfit": 40460000,
        "grossProfitRatio": 0.2348816013,
        "researchAndDevelopmentExpenses": 1358000,
        "generalAndAdministrativeExpenses": 24550000,
        "sellingAndMarketingExpenses": 5673000,
        "sellingGeneralAndAdministrativeExpenses": 30223000,
        "otherExpenses": 0,
        "operatingExpenses": 31581000,
        "costAndExpenses": 163378000,
        "interestIncome": 0,
        "interestExpense": -99683000,
        "depreciationAndAmortization": 19431000,
        "ebitda": -84800000,
        "ebitdaratio": -0.4922876864,
        "operatingIncome": 8879000,
        "operatingIncomeRatio": 0.0515450751,
        "totalOtherIncomeExpensesNet": -13427000,
        "incomeBeforeTax": -4548000,
        "incomeBeforeTaxRatio": -0.0264024104,
        "incomeTaxExpense": 1800000,
        "netIncome": -6348000,
        "netIncomeRatio": -0.0368519131,
        "eps": -0.11,
        "epsdiluted": -0.11,
        "weightedAverageShsOut": 60408000,
        "weightedAverageShsOutDil": 60408000,
        "link": "https://www.sec.gov/Archives/edgar/data/1003344/000119312511210047/0001193125-11-210047-index.htm",
        "finalLink": "https://www.sec.gov/Archives/edgar/data/1003344/000119312511210047/d10q.htm"
    },
    {
        "date": "2011-03-31",
        "symbol": "HW",
        "reportedCurrency": "USD",
        "cik": "0001003344",
        "fillingDate": "2011-05-09",
        "acceptedDate": "2011-05-08 20:00:00",
        "calendarYear": "2011",
        "period": "Q2",
        "revenue": 127135000,
        "costOfRevenue": 109593000,
        "grossProfit": 17542000,
        "grossProfitRatio": 0.1379793133,
        "researchAndDevelopmentExpenses": 2835000,
        "generalAndAdministrativeExpenses": 42834000,
        "sellingAndMarketingExpenses": 43606000,
        "sellingGeneralAndAdministrativeExpenses": 86440000,
        "otherExpenses": 0,
        "operatingExpenses": 89275000,
        "costAndExpenses": 198868000,
        "interestIncome": 0,
        "interestExpense": 82689000,
        "depreciationAndAmortization": 27388000,
        "ebitda": -66765000,
        "ebitdaratio": -0.5251504306,
        "operatingIncome": -174755000,
        "operatingIncomeRatio": -1.374562473,
        "totalOtherIncomeExpensesNet": -1108000,
        "incomeBeforeTax": -175863000,
        "incomeBeforeTaxRatio": -1.3832776183,
        "incomeTaxExpense": 1740000,
        "netIncome": -178582000,
        "netIncomeRatio": -1.4046643332,
        "eps": -2.96,
        "epsdiluted": -2.96,
        "weightedAverageShsOut": 60408000,
        "weightedAverageShsOutDil": 60408000,
        "link": "https://www.sec.gov/Archives/edgar/data/1003344/000119312511131923/0001193125-11-131923-index.htm",
        "finalLink": "https://www.sec.gov/Archives/edgar/data/1003344/000119312511131923/d10q.htm"
    },
    {
        "date": "2010-12-31",
        "symbol": "HW",
        "reportedCurrency": "USD",
        "cik": "0001003344",
        "fillingDate": "2011-02-02",
        "acceptedDate": "2011-02-01 19:00:00",
        "calendarYear": "2011",
        "period": "Q1",
        "revenue": 154701000,
        "costOfRevenue": 121886000,
        "grossProfit": 32815000,
        "grossProfitRatio": 0.2121188615,
        "researchAndDevelopmentExpenses": 1945000,
        "generalAndAdministrativeExpenses": 27776000,
        "sellingAndMarketingExpenses": 5547000,
        "sellingGeneralAndAdministrativeExpenses": 33323000,
        "otherExpenses": 0,
        "operatingExpenses": 35268000,
        "costAndExpenses": 157154000,
        "interestIncome": 0,
        "interestExpense": 16994000,
        "depreciationAndAmortization": 18323000,
        "ebitda": 38618000,
        "ebitdaratio": 0.2496299313,
        "operatingIncome": 1214000,
        "operatingIncomeRatio": 0.0078473959,
        "totalOtherIncomeExpensesNet": 1108000,
        "incomeBeforeTax": 2322000,
        "incomeBeforeTaxRatio": 0.0150095992,
        "incomeTaxExpense": 1560000,
        "netIncome": 1741000,
        "netIncomeRatio": 0.0112539673,
        "eps": 0.0288,
        "epsdiluted": 0.0288,
        "weightedAverageShsOut": 60408000,
        "weightedAverageShsOutDil": 60408000,
        "link": "https://www.sec.gov/Archives/edgar/data/1003344/000119312511021537/0001193125-11-021537-index.htm",
        "finalLink": "https://www.sec.gov/Archives/edgar/data/1003344/000119312511021537/d10q.htm"
    },
    {
        "date": "2010-09-30",
        "symbol": "HW",
        "reportedCurrency": "USD",
        "cik": "0001003344",
        "fillingDate": "2010-11-19",
        "acceptedDate": "2010-11-18 19:00:00",
        "calendarYear": "2010",
        "period": "Q4",
        "revenue": 194718000,
        "costOfRevenue": 139816000,
        "grossProfit": 54902000,
        "grossProfitRatio": 0.2819564704,
        "researchAndDevelopmentExpenses": 2261000,
        "generalAndAdministrativeExpenses": 30534000,
        "sellingAndMarketingExpenses": 43475000,
        "sellingGeneralAndAdministrativeExpenses": 74009000,
        "otherExpenses": 0,
        "operatingExpenses": 76270000,
        "costAndExpenses": 216086000,
        "interestIncome": 0,
        "interestExpense": 19732000,
        "depreciationAndAmortization": 19963000,
        "ebitda": 1998000,
        "ebitdaratio": 0.0102609928,
        "operatingIncome": -88507000,
        "operatingIncomeRatio": -0.4545393852,
        "totalOtherIncomeExpensesNet": 50810000,
        "incomeBeforeTax": -37697000,
        "incomeBeforeTaxRatio": -0.1935979211,
        "incomeTaxExpense": -13635000,
        "netIncome": -24062000,
        "netIncomeRatio": -0.1235735782,
        "eps": -0.4,
        "epsdiluted": -0.4,
        "weightedAverageShsOut": 60408000,
        "weightedAverageShsOutDil": 60408000,
        "link": "https://www.sec.gov/Archives/edgar/data/1003344/000119312510265182/0001193125-10-265182-index.htm",
        "finalLink": "https://www.sec.gov/Archives/edgar/data/1003344/000119312510265182/d10k.htm"
    },
    {
        "date": "2010-06-30",
        "symbol": "HW",
        "reportedCurrency": "USD",
        "cik": "0001003344",
        "fillingDate": "2010-08-04",
        "acceptedDate": "2010-08-03 20:00:00",
        "calendarYear": "2010",
        "period": "Q3",
        "revenue": 172602000,
        "costOfRevenue": 120980000,
        "grossProfit": 51622000,
        "grossProfitRatio": 0.299081123,
        "researchAndDevelopmentExpenses": 5951000,
        "generalAndAdministrativeExpenses": 53294000,
        "sellingAndMarketingExpenses": 16705000,
        "sellingGeneralAndAdministrativeExpenses": 69999000,
        "otherExpenses": 0,
        "operatingExpenses": 75950000,
        "costAndExpenses": 196930000,
        "interestIncome": 0,
        "interestExpense": 51886000,
        "depreciationAndAmortization": 45676000,
        "ebitda": 69695000,
        "ebitdaratio": 0.4037902226,
        "operatingIncome": 45708000,
        "operatingIncomeRatio": 0.2648173254,
        "totalOtherIncomeExpensesNet": -50810000,
        "incomeBeforeTax": -5102000,
        "incomeBeforeTaxRatio": -0.029559333,
        "incomeTaxExpense": -29375000,
        "netIncome": 1508000,
        "netIncomeRatio": 0.0087368628,
        "eps": 0.025,
        "epsdiluted": 0.025,
        "weightedAverageShsOut": 60408000,
        "weightedAverageShsOutDil": 60408000,
        "link": "https://www.sec.gov/Archives/edgar/data/1003344/000119312510176700/0001193125-10-176700-index.htm",
        "finalLink": "https://www.sec.gov/Archives/edgar/data/1003344/000119312510176700/d10q.htm"
    },
    {
        "date": "2010-03-31",
        "symbol": "HW",
        "reportedCurrency": "USD",
        "cik": "0001003344",
        "fillingDate": "2010-05-04",
        "acceptedDate": "2010-05-04 12:58:00",
        "calendarYear": "2010",
        "period": "Q2",
        "revenue": 128154000,
        "costOfRevenue": 100628000,
        "grossProfit": 27526000,
        "grossProfitRatio": 0.2147884576,
        "researchAndDevelopmentExpenses": 1858000,
        "generalAndAdministrativeExpenses": 31941000,
        "sellingAndMarketingExpenses": 5578000,
        "sellingGeneralAndAdministrativeExpenses": 37519000,
        "otherExpenses": 0,
        "operatingExpenses": 39377000,
        "costAndExpenses": 140005000,
        "interestIncome": 0,
        "interestExpense": 33267000,
        "depreciationAndAmortization": 14992000,
        "ebitda": 20171000,
        "ebitdaratio": 0.1573965698,
        "operatingIncome": -44112000,
        "operatingIncomeRatio": -0.3442108713,
        "totalOtherIncomeExpensesNet": -1108000,
        "incomeBeforeTax": -45220000,
        "incomeBeforeTaxRatio": -0.3528567193,
        "incomeTaxExpense": 581000,
        "netIncome": -28669000,
        "netIncomeRatio": -0.2237074145,
        "eps": -0.48,
        "epsdiluted": -0.48,
        "weightedAverageShsOut": 59840000,
        "weightedAverageShsOutDil": 59840000,
        "link": "https://www.sec.gov/Archives/edgar/data/1003344/000119312510106093/0001193125-10-106093-index.htm",
        "finalLink": "https://www.sec.gov/Archives/edgar/data/1003344/000119312510106093/d10q.htm"
    },
    {
        "date": "2009-12-31",
        "symbol": "HW",
        "reportedCurrency": "USD",
        "cik": "0001003344",
        "fillingDate": "2010-02-03",
        "acceptedDate": "2010-02-03 13:08:33",
        "calendarYear": "2010",
        "period": "Q1",
        "revenue": 139646000,
        "costOfRevenue": 110261000,
        "grossProfit": 29385000,
        "grossProfitRatio": 0.2104249316,
        "researchAndDevelopmentExpenses": 1915000,
        "generalAndAdministrativeExpenses": 20645000,
        "sellingAndMarketingExpenses": 5611000,
        "sellingGeneralAndAdministrativeExpenses": 26256000,
        "otherExpenses": 0,
        "operatingExpenses": 28171000,
        "costAndExpenses": 138432000,
        "interestIncome": 0,
        "interestExpense": 172000,
        "depreciationAndAmortization": 14164000,
        "ebitda": 15496000,
        "ebitdaratio": 0.1109663005,
        "operatingIncome": 1214000,
        "operatingIncomeRatio": 0.0086934105,
        "totalOtherIncomeExpensesNet": 1108000,
        "incomeBeforeTax": 2322000,
        "incomeBeforeTaxRatio": 0.0166277588,
        "incomeTaxExpense": -581000,
        "netIncome": 1741000,
        "netIncomeRatio": 0.0124672386,
        "eps": 0.0402,
        "epsdiluted": 0.0402,
        "weightedAverageShsOut": 43331595,
        "weightedAverageShsOutDil": 43331595,
        "link": "https://www.sec.gov/Archives/edgar/data/1003344/000119312510020544/0001193125-10-020544-index.htm",
        "finalLink": "https://www.sec.gov/Archives/edgar/data/1003344/000119312510020544/d10q.htm"
    },
    {
        "date": "2009-09-30",
        "symbol": "HW",
        "reportedCurrency": "USD",
        "cik": "0001003344",
        "fillingDate": "2009-11-20",
        "acceptedDate": "2009-11-20 16:00:03",
        "calendarYear": "2009",
        "period": "Q4",
        "revenue": 187611000,
        "costOfRevenue": 137478000,
        "grossProfit": 50133000,
        "grossProfitRatio": 0.2672178071,
        "researchAndDevelopmentExpenses": 2308000,
        "generalAndAdministrativeExpenses": 28129000,
        "sellingAndMarketingExpenses": 5684000,
        "sellingGeneralAndAdministrativeExpenses": 33813000,
        "otherExpenses": 0,
        "operatingExpenses": 36121000,
        "costAndExpenses": 173599000,
        "interestIncome": 0,
        "interestExpense": 11803000,
        "depreciationAndAmortization": 14220000,
        "ebitda": 7266000,
        "ebitdaratio": 0.0387290724,
        "operatingIncome": 14012000,
        "operatingIncomeRatio": 0.0746864523,
        "totalOtherIncomeExpensesNet": -34643000,
        "incomeBeforeTax": -20631000,
        "incomeBeforeTaxRatio": -0.1099668996,
        "incomeTaxExpense": 937000,
        "netIncome": -19694000,
        "netIncomeRatio": -0.1049725229,
        "eps": -0.45,
        "epsdiluted": -0.45,
        "weightedAverageShsOut": 43331595,
        "weightedAverageShsOutDil": 43331595,
        "link": "https://www.sec.gov/Archives/edgar/data/1003344/000119312509239233/0001193125-09-239233-index.htm",
        "finalLink": "https://www.sec.gov/Archives/edgar/data/1003344/000119312509239233/d10k.htm"
    },
    {
        "date": "2009-06-30",
        "symbol": "HW",
        "reportedCurrency": "USD",
        "cik": "0001003344",
        "fillingDate": "2009-08-05",
        "acceptedDate": "2009-08-05 17:02:51",
        "calendarYear": "2009",
        "period": "Q3",
        "revenue": 175231000,
        "costOfRevenue": 133099000,
        "grossProfit": 42132000,
        "grossProfitRatio": 0.240436909,
        "researchAndDevelopmentExpenses": 2171000,
        "generalAndAdministrativeExpenses": 28881000,
        "sellingAndMarketingExpenses": 5719000,
        "sellingGeneralAndAdministrativeExpenses": 34600000,
        "otherExpenses": 0,
        "operatingExpenses": 36771000,
        "costAndExpenses": 169870000,
        "interestIncome": 0,
        "interestExpense": 10066000,
        "depreciationAndAmortization": 14598000,
        "ebitda": 42716000,
        "ebitdaratio": 0.2437696526,
        "operatingIncome": 5361000,
        "operatingIncomeRatio": 0.0305939018,
        "totalOtherIncomeExpensesNet": -829000,
        "incomeBeforeTax": 4532000,
        "incomeBeforeTaxRatio": 0.0258630037,
        "incomeTaxExpense": 6760000,
        "netIncome": 11292000,
        "netIncomeRatio": 0.0644406526,
        "eps": 0.27,
        "epsdiluted": 0.27,
        "weightedAverageShsOut": 41537880,
        "weightedAverageShsOutDil": 41537880,
        "link": "https://www.sec.gov/Archives/edgar/data/1003344/000119312509165543/0001193125-09-165543-index.htm",
        "finalLink": "https://www.sec.gov/Archives/edgar/data/1003344/000119312509165543/d10q.htm"
    },
    {
        "date": "2009-03-31",
        "symbol": "HW",
        "reportedCurrency": "USD",
        "cik": "0001003344",
        "fillingDate": "2009-05-07",
        "acceptedDate": "2009-05-07 14:25:31",
        "calendarYear": "2009",
        "period": "Q2",
        "revenue": 137668000,
        "costOfRevenue": 115026000,
        "grossProfit": 22642000,
        "grossProfitRatio": 0.1644681407,
        "researchAndDevelopmentExpenses": 1834000,
        "generalAndAdministrativeExpenses": 27284000,
        "sellingAndMarketingExpenses": 471866000,
        "sellingGeneralAndAdministrativeExpenses": 499150000,
        "otherExpenses": 0,
        "operatingExpenses": 500984000,
        "costAndExpenses": 616010000,
        "interestIncome": 0,
        "interestExpense": 8467000,
        "depreciationAndAmortization": 17793000,
        "ebitda": -302719000,
        "ebitdaratio": -2.1989060639,
        "operatingIncome": -478342000,
        "operatingIncomeRatio": -3.4746055728,
        "totalOtherIncomeExpensesNet": -5217000,
        "incomeBeforeTax": -483559000,
        "incomeBeforeTaxRatio": -3.5125010896,
        "incomeTaxExpense": 77290000,
        "netIncome": -406269000,
        "netIncomeRatio": -2.9510779557,
        "eps": -9.8,
        "epsdiluted": -9.8,
        "weightedAverageShsOut": 41461099,
        "weightedAverageShsOutDil": 41461099,
        "link": "https://www.sec.gov/Archives/edgar/data/1003344/000119312509103133/0001193125-09-103133-index.htm",
        "finalLink": "https://www.sec.gov/Archives/edgar/data/1003344/000119312509103133/d10q.htm"
    },
    {
        "date": "2008-12-31",
        "symbol": "HW",
        "reportedCurrency": "USD",
        "cik": "0001003344",
        "fillingDate": "2009-02-06",
        "acceptedDate": "2009-02-06 16:20:17",
        "calendarYear": "2009",
        "period": "Q1",
        "revenue": 166166000,
        "costOfRevenue": 134525000,
        "grossProfit": 31641000,
        "grossProfitRatio": 0.1904180157,
        "researchAndDevelopmentExpenses": 3461000,
        "generalAndAdministrativeExpenses": 31608000,
        "sellingAndMarketingExpenses": 5745000,
        "sellingGeneralAndAdministrativeExpenses": 37353000,
        "otherExpenses": 0,
        "operatingExpenses": 40814000,
        "costAndExpenses": 175339000,
        "interestIncome": 0,
        "interestExpense": 8691000,
        "depreciationAndAmortization": 19462000,
        "ebitda": 26824000,
        "ebitdaratio": 0.1614289325,
        "operatingIncome": -9173000,
        "operatingIncomeRatio": -0.0552038323,
        "totalOtherIncomeExpensesNet": 8744000,
        "incomeBeforeTax": -429000,
        "incomeBeforeTaxRatio": -0.0025817556,
        "incomeTaxExpense": -450000,
        "netIncome": -879000,
        "netIncomeRatio": -0.0052898908,
        "eps": -0.02,
        "epsdiluted": -0.02,
        "weightedAverageShsOut": 43950000,
        "weightedAverageShsOutDil": 43950000,
        "link": "https://www.sec.gov/Archives/edgar/data/1003344/000119312509021277/0001193125-09-021277-index.htm",
        "finalLink": "https://www.sec.gov/Archives/edgar/data/1003344/000119312509021277/d10q.htm"
    },
    {
        "date": "2008-09-30",
        "symbol": "HW",
        "reportedCurrency": "USD",
        "cik": "0001003344",
        "fillingDate": "2008-11-21",
        "acceptedDate": "2008-11-21 13:53:39",
        "calendarYear": "2008",
        "period": "Q4",
        "revenue": 235072000,
        "costOfRevenue": 170944000,
        "grossProfit": 64128000,
        "grossProfitRatio": 0.2728015246,
        "researchAndDevelopmentExpenses": 3548000,
        "generalAndAdministrativeExpenses": 33022000,
        "sellingAndMarketingExpenses": 210984000,
        "sellingGeneralAndAdministrativeExpenses": 244006000,
        "otherExpenses": 0,
        "operatingExpenses": 247554000,
        "costAndExpenses": 418498000,
        "interestIncome": 0,
        "interestExpense": 6194000,
        "depreciationAndAmortization": 18093000,
        "ebitda": -153266000,
        "ebitdaratio": -0.6519959842,
        "operatingIncome": -183426000,
        "operatingIncomeRatio": -0.7802971005,
        "totalOtherIncomeExpensesNet": -7193000,
        "incomeBeforeTax": -190619000,
        "incomeBeforeTaxRatio": -0.810896236,
        "incomeTaxExpense": 6533000,
        "netIncome": -184086000,
        "netIncomeRatio": -0.7831047509,
        "eps": -4.45,
        "epsdiluted": -4.45,
        "weightedAverageShsOut": 41385365,
        "weightedAverageShsOutDil": 41385365,
        "link": "https://www.sec.gov/Archives/edgar/data/1003344/000119312508240988/0001193125-08-240988-index.htm",
        "finalLink": "https://www.sec.gov/Archives/edgar/data/1003344/000119312508240988/d10k.htm"
    },
    {
        "date": "2008-06-30",
        "symbol": "HW",
        "reportedCurrency": "USD",
        "cik": "0001003344",
        "fillingDate": "2008-08-06",
        "acceptedDate": "2008-08-05 18:06:22",
        "calendarYear": "2008",
        "period": "Q3",
        "revenue": 230456000,
        "costOfRevenue": 166164000,
        "grossProfit": 64292000,
        "grossProfitRatio": 0.2789773319,
        "researchAndDevelopmentExpenses": 3480000,
        "generalAndAdministrativeExpenses": 34290000,
        "sellingAndMarketingExpenses": 5469000,
        "sellingGeneralAndAdministrativeExpenses": 39759000,
        "otherExpenses": 0,
        "operatingExpenses": 43239000,
        "costAndExpenses": 209403000,
        "interestIncome": 0,
        "interestExpense": 5556000,
        "depreciationAndAmortization": 17158000,
        "ebitda": 34891000,
        "ebitdaratio": 0.1513998334,
        "operatingIncome": 21053000,
        "operatingIncomeRatio": 0.091353664,
        "totalOtherIncomeExpensesNet": -5836000,
        "incomeBeforeTax": 15217000,
        "incomeBeforeTaxRatio": 0.066029958,
        "incomeTaxExpense": -1520000,
        "netIncome": 13697000,
        "netIncomeRatio": 0.0594343389,
        "eps": 0.33,
        "epsdiluted": 0.33,
        "weightedAverageShsOut": 41160000,
        "weightedAverageShsOutDil": 41160000,
        "link": "https://www.sec.gov/Archives/edgar/data/1003344/000119312508166730/0001193125-08-166730-index.htm",
        "finalLink": "https://www.sec.gov/Archives/edgar/data/1003344/000119312508166730/d10q.htm"
    },
    {
        "date": "2008-03-31",
        "symbol": "HW",
        "reportedCurrency": "USD",
        "cik": "0001003344",
        "fillingDate": "2008-05-06",
        "acceptedDate": "2008-05-06 13:15:11",
        "calendarYear": "2008",
        "period": "Q2",
        "revenue": 171979000,
        "costOfRevenue": 130644000,
        "grossProfit": 41335000,
        "grossProfitRatio": 0.2403491124,
        "researchAndDevelopmentExpenses": 3827000,
        "generalAndAdministrativeExpenses": 40959000,
        "sellingAndMarketingExpenses": 5431000,
        "sellingGeneralAndAdministrativeExpenses": 46390000,
        "otherExpenses": 0,
        "operatingExpenses": 50217000,
        "costAndExpenses": 180861000,
        "interestIncome": 0,
        "interestExpense": 6207000,
        "depreciationAndAmortization": 16680000,
        "ebitda": 15773000,
        "ebitdaratio": 0.0917146861,
        "operatingIncome": -8882000,
        "operatingIncomeRatio": -0.0516458405,
        "totalOtherIncomeExpensesNet": -2412000,
        "incomeBeforeTax": -11294000,
        "incomeBeforeTaxRatio": -0.0656708086,
        "incomeTaxExpense": 2090000,
        "netIncome": -9204000,
        "netIncomeRatio": -0.0535181621,
        "eps": -0.26,
        "epsdiluted": -0.26,
        "weightedAverageShsOut": 35450000,
        "weightedAverageShsOutDil": 35450000,
        "link": "https://www.sec.gov/Archives/edgar/data/1003344/000119312508103745/0001193125-08-103745-index.htm",
        "finalLink": "https://www.sec.gov/Archives/edgar/data/1003344/000119312508103745/d10q.htm"
    },
    {
        "date": "2007-12-31",
        "symbol": "HW",
        "reportedCurrency": "USD",
        "cik": "0001003344",
        "fillingDate": "2008-02-01",
        "acceptedDate": "2008-02-01 16:44:39",
        "calendarYear": "2008",
        "period": "Q1",
        "revenue": 248897000,
        "costOfRevenue": 185841000,
        "grossProfit": 63056000,
        "grossProfitRatio": 0.2533417438,
        "researchAndDevelopmentExpenses": 4141000,
        "generalAndAdministrativeExpenses": 35029000,
        "sellingAndMarketingExpenses": 5512000,
        "sellingGeneralAndAdministrativeExpenses": 40541000,
        "otherExpenses": 0,
        "operatingExpenses": 44682000,
        "costAndExpenses": 230523000,
        "interestIncome": 0,
        "interestExpense": 5844000,
        "depreciationAndAmortization": 16953000,
        "ebitda": 26110000,
        "ebitdaratio": 0.1049028313,
        "operatingIncome": 18374000,
        "operatingIncomeRatio": 0.0738217013,
        "totalOtherIncomeExpensesNet": -1861000,
        "incomeBeforeTax": 16513000,
        "incomeBeforeTaxRatio": 0.0663447129,
        "incomeTaxExpense": -6600000,
        "netIncome": 9913000,
        "netIncomeRatio": 0.0398277199,
        "eps": 0.24,
        "epsdiluted": 0.24,
        "weightedAverageShsOut": 41304166,
        "weightedAverageShsOutDil": 41304166,
        "link": "https://www.sec.gov/Archives/edgar/data/1003344/000119312508018040/0001193125-08-018040-index.htm",
        "finalLink": "https://www.sec.gov/Archives/edgar/data/1003344/000119312508018040/d10q.htm"
    }
]