[
    {
        "date": "2023-09-30",
        "symbol": "ID",
        "reportedCurrency": "USD",
        "cik": "0001698113",
        "fillingDate": "2023-12-08",
        "acceptedDate": "2023-12-08 16:52:08",
        "calendarYear": "2023",
        "period": "Q3",
        "revenue": 15711394,
        "costOfRevenue": 11395872,
        "grossProfit": 4315522,
        "grossProfitRatio": 0.2746746724,
        "researchAndDevelopmentExpenses": 0,
        "generalAndAdministrativeExpenses": 5863379,
        "sellingAndMarketingExpenses": 486254,
        "sellingGeneralAndAdministrativeExpenses": 6349633,
        "otherExpenses": 2386249,
        "operatingExpenses": 8249628,
        "costAndExpenses": 19645500,
        "interestIncome": 0,
        "interestExpense": 1513483,
        "depreciationAndAmortization": 2070839,
        "ebitda": -1863267,
        "ebitdaratio": -0.1185933597,
        "operatingIncome": -3934106,
        "operatingIncomeRatio": -0.2503982778,
        "totalOtherIncomeExpensesNet": -1737483,
        "incomeBeforeTax": -5671589,
        "incomeBeforeTaxRatio": -0.3609857279,
        "incomeTaxExpense": 0,
        "netIncome": -5671589,
        "netIncomeRatio": -0.3609857279,
        "eps": -0.16,
        "epsdiluted": -0.16,
        "weightedAverageShsOut": 35868525,
        "weightedAverageShsOutDil": 35868525,
        "link": "https://www.sec.gov/Archives/edgar/data/1698113/000121390023094431/0001213900-23-094431-index.htm",
        "finalLink": "https://www.sec.gov/Archives/edgar/data/1698113/000121390023094431/f10q0923_partsidinc.htm"
    },
    {
        "date": "2023-06-30",
        "symbol": "ID",
        "reportedCurrency": "USD",
        "cik": "0001698113",
        "fillingDate": "2023-08-15",
        "acceptedDate": "2023-08-14 20:32:20",
        "calendarYear": "2023",
        "period": "Q2",
        "revenue": 16119809,
        "costOfRevenue": 12059825,
        "grossProfit": 4059984,
        "grossProfitRatio": 0.2518630339,
        "researchAndDevelopmentExpenses": 0,
        "generalAndAdministrativeExpenses": 5128823,
        "sellingAndMarketingExpenses": 423153,
        "sellingGeneralAndAdministrativeExpenses": 5551976,
        "otherExpenses": 2401267,
        "operatingExpenses": 7530090,
        "costAndExpenses": 19589915,
        "interestIncome": 522861,
        "interestExpense": 522861,
        "depreciationAndAmortization": 2150559,
        "ebitda": -1319547,
        "ebitdaratio": -0.0818587243,
        "operatingIncome": -3470106,
        "operatingIncomeRatio": -0.2152696722,
        "totalOtherIncomeExpensesNet": -537861,
        "incomeBeforeTax": -4007967,
        "incomeBeforeTaxRatio": -0.2486361346,
        "incomeTaxExpense": 1000,
        "netIncome": -4008967,
        "netIncomeRatio": -0.2486981701,
        "eps": -0.11,
        "epsdiluted": -0.11,
        "weightedAverageShsOut": 35007018,
        "weightedAverageShsOutDil": 35007018,
        "link": "https://www.sec.gov/Archives/edgar/data/1698113/000121390023067378/0001213900-23-067378-index.htm",
        "finalLink": "https://www.sec.gov/Archives/edgar/data/1698113/000121390023067378/f10q0623_partsidinc.htm"
    },
    {
        "date": "2023-03-31",
        "symbol": "ID",
        "reportedCurrency": "USD",
        "cik": "0001698113",
        "fillingDate": "2023-05-22",
        "acceptedDate": "2023-05-22 17:15:29",
        "calendarYear": "2023",
        "period": "Q1",
        "revenue": 16201004,
        "costOfRevenue": 12769463,
        "grossProfit": 3431541,
        "grossProfitRatio": 0.2118103915,
        "researchAndDevelopmentExpenses": 0,
        "generalAndAdministrativeExpenses": 6028918,
        "sellingAndMarketingExpenses": 1144140,
        "sellingGeneralAndAdministrativeExpenses": 7173058,
        "otherExpenses": 1998916,
        "operatingExpenses": 9171974,
        "costAndExpenses": 21941437,
        "interestIncome": 416305,
        "interestExpense": 416305,
        "depreciationAndAmortization": 2174394,
        "ebitda": -3566039,
        "ebitdaratio": -0.2201122227,
        "operatingIncome": -5740433,
        "operatingIncomeRatio": -0.3543257566,
        "totalOtherIncomeExpensesNet": -739350,
        "incomeBeforeTax": -6479783,
        "incomeBeforeTaxRatio": -0.3999618172,
        "incomeTaxExpense": 323045,
        "netIncome": -6802828,
        "netIncomeRatio": -0.4199016308,
        "eps": -0.2,
        "epsdiluted": -0.2,
        "weightedAverageShsOut": 34825971,
        "weightedAverageShsOutDil": 34825971,
        "link": "https://www.sec.gov/Archives/edgar/data/1698113/000121390023042058/0001213900-23-042058-index.htm",
        "finalLink": "https://www.sec.gov/Archives/edgar/data/1698113/000121390023042058/f10q0323_partsidinc.htm"
    },
    {
        "date": "2022-12-31",
        "symbol": "ID",
        "reportedCurrency": "USD",
        "cik": "0001698113",
        "fillingDate": "2023-04-17",
        "acceptedDate": "2023-04-17 17:02:08",
        "calendarYear": "2022",
        "period": "Q4",
        "revenue": 61562000,
        "costOfRevenue": 52885555,
        "grossProfit": 8676444,
        "grossProfitRatio": 0.1409383061,
        "researchAndDevelopmentExpenses": 0,
        "generalAndAdministrativeExpenses": 8419767,
        "sellingAndMarketingExpenses": 5040955,
        "sellingGeneralAndAdministrativeExpenses": 13460722,
        "otherExpenses": 2073392,
        "operatingExpenses": 15534114,
        "costAndExpenses": 68419669,
        "interestIncome": 240282,
        "interestExpense": 190282,
        "depreciationAndAmortization": 2942874,
        "ebitda": -3914796,
        "ebitdaratio": -0.0635911114,
        "operatingIncome": -6857670,
        "operatingIncomeRatio": -0.1113945291,
        "totalOtherIncomeExpensesNet": 57718,
        "incomeBeforeTax": -6799952,
        "incomeBeforeTaxRatio": -0.1104569702,
        "incomeTaxExpense": 2,
        "netIncome": -6799954,
        "netIncomeRatio": -0.1104570027,
        "eps": -0.2,
        "epsdiluted": -0.2,
        "weightedAverageShsOut": 34113108,
        "weightedAverageShsOutDil": 34113108,
        "link": "https://www.sec.gov/Archives/edgar/data/1698113/000121390023030305/0001213900-23-030305-index.htm",
        "finalLink": "https://www.sec.gov/Archives/edgar/data/1698113/000121390023030305/f10k2022_partsidinc.htm"
    },
    {
        "date": "2022-09-30",
        "symbol": "ID",
        "reportedCurrency": "USD",
        "cik": "0001698113",
        "fillingDate": "2022-11-09",
        "acceptedDate": "2022-11-09 16:18:47",
        "calendarYear": "2022",
        "period": "Q3",
        "revenue": 79884740,
        "costOfRevenue": 63962534,
        "grossProfit": 15922206,
        "grossProfitRatio": 0.1993147377,
        "researchAndDevelopmentExpenses": 0,
        "generalAndAdministrativeExpenses": 9458749,
        "sellingAndMarketingExpenses": 7329172,
        "sellingGeneralAndAdministrativeExpenses": 16787921,
        "otherExpenses": 2113695,
        "operatingExpenses": 18901616,
        "costAndExpenses": 82864150,
        "interestIncome": 0,
        "interestExpense": 50000,
        "depreciationAndAmortization": 2159048,
        "ebitda": -820362,
        "ebitdaratio": -0.0102693205,
        "operatingIncome": -2979410,
        "operatingIncomeRatio": -0.0372963597,
        "totalOtherIncomeExpensesNet": -50000,
        "incomeBeforeTax": -3029410,
        "incomeBeforeTaxRatio": -0.0379222615,
        "incomeTaxExpense": 3241618,
        "netIncome": -6271028,
        "netIncomeRatio": -0.0785009502,
        "eps": -0.18,
        "epsdiluted": -0.18,
        "weightedAverageShsOut": 34064266,
        "weightedAverageShsOutDil": 34064266,
        "link": "https://www.sec.gov/Archives/edgar/data/1698113/000121390022070624/0001213900-22-070624-index.htm",
        "finalLink": "https://www.sec.gov/Archives/edgar/data/1698113/000121390022070624/f10q0922_partsidinc.htm"
    },
    {
        "date": "2022-06-30",
        "symbol": "ID",
        "reportedCurrency": "USD",
        "cik": "0001698113",
        "fillingDate": "2022-08-08",
        "acceptedDate": "2022-08-08 16:46:51",
        "calendarYear": "2022",
        "period": "Q2",
        "revenue": 104257478,
        "costOfRevenue": 83674247,
        "grossProfit": 20583231,
        "grossProfitRatio": 0.197426903,
        "researchAndDevelopmentExpenses": 0,
        "generalAndAdministrativeExpenses": 9940889,
        "sellingAndMarketingExpenses": 9437657,
        "sellingGeneralAndAdministrativeExpenses": 19378546,
        "otherExpenses": 2142433,
        "operatingExpenses": 21520979,
        "costAndExpenses": 105195226,
        "interestIncome": 0,
        "interestExpense": 53865,
        "depreciationAndAmortization": 2088568,
        "ebitda": 1204685,
        "ebitdaratio": 0.0115549026,
        "operatingIncome": -883883,
        "operatingIncomeRatio": -0.0084778859,
        "totalOtherIncomeExpensesNet": 0,
        "incomeBeforeTax": -937748,
        "incomeBeforeTaxRatio": -0.0089945395,
        "incomeTaxExpense": -38037,
        "netIncome": -899711,
        "netIncomeRatio": -0.0086297023,
        "eps": -0.0265,
        "epsdiluted": -0.0265,
        "weightedAverageShsOut": 33983680,
        "weightedAverageShsOutDil": 33983680,
        "link": "https://www.sec.gov/Archives/edgar/data/1698113/000121390022045466/0001213900-22-045466-index.htm",
        "finalLink": "https://www.sec.gov/Archives/edgar/data/1698113/000121390022045466/f10q0622_partsidinc.htm"
    },
    {
        "date": "2022-03-31",
        "symbol": "ID",
        "reportedCurrency": "USD",
        "cik": "0001698113",
        "fillingDate": "2022-05-10",
        "acceptedDate": "2022-05-10 16:17:14",
        "calendarYear": "2022",
        "period": "Q1",
        "revenue": 94892148,
        "costOfRevenue": 76397920,
        "grossProfit": 18494228,
        "grossProfitRatio": 0.1948973481,
        "researchAndDevelopmentExpenses": 0,
        "generalAndAdministrativeExpenses": 11672727,
        "sellingAndMarketingExpenses": 9701292,
        "sellingGeneralAndAdministrativeExpenses": 21374019,
        "otherExpenses": 1954462,
        "operatingExpenses": 23328481,
        "costAndExpenses": 99726401,
        "interestIncome": 0,
        "interestExpense": 0,
        "depreciationAndAmortization": 2202853,
        "ebitda": -2631400,
        "ebitdaratio": -0.0277304293,
        "operatingIncome": -4834253,
        "operatingIncomeRatio": -0.0509447104,
        "totalOtherIncomeExpensesNet": 0,
        "incomeBeforeTax": -4834253,
        "incomeBeforeTaxRatio": -0.0509447104,
        "incomeTaxExpense": -881066,
        "netIncome": -3953187,
        "netIncomeRatio": -0.0416597904,
        "eps": -0.12,
        "epsdiluted": -0.12,
        "weightedAverageShsOut": 33965804,
        "weightedAverageShsOutDil": 33965804,
        "link": "https://www.sec.gov/Archives/edgar/data/1698113/000121390022025206/0001213900-22-025206-index.htm",
        "finalLink": "https://www.sec.gov/Archives/edgar/data/1698113/000121390022025206/f10q0322_partsidinc.htm"
    },
    {
        "date": "2021-12-31",
        "symbol": "ID",
        "reportedCurrency": "USD",
        "cik": "0001698113",
        "fillingDate": "2022-03-14",
        "acceptedDate": "2022-03-14 16:46:34",
        "calendarYear": "2021",
        "period": "Q4",
        "revenue": 106590175,
        "costOfRevenue": 85612536,
        "grossProfit": 20977639,
        "grossProfitRatio": 0.1968064974,
        "researchAndDevelopmentExpenses": 0,
        "generalAndAdministrativeExpenses": 12685605,
        "sellingAndMarketingExpenses": 11210155,
        "sellingGeneralAndAdministrativeExpenses": 23895760,
        "otherExpenses": 44330986,
        "operatingExpenses": 25879860,
        "costAndExpenses": 111492396,
        "interestIncome": 0,
        "interestExpense": 58,
        "depreciationAndAmortization": 1984100,
        "ebitda": -2918121,
        "ebitdaratio": -0.0273770167,
        "operatingIncome": -4902221,
        "operatingIncomeRatio": -0.0459913027,
        "totalOtherIncomeExpensesNet": -58,
        "incomeBeforeTax": -4902279,
        "incomeBeforeTaxRatio": -0.0459918468,
        "incomeTaxExpense": -295702,
        "netIncome": -4606577,
        "netIncomeRatio": -0.0432176512,
        "eps": -0.14,
        "epsdiluted": -0.14,
        "weightedAverageShsOut": 33235788,
        "weightedAverageShsOutDil": 33535180,
        "link": "https://www.sec.gov/Archives/edgar/data/1698113/000121390022012197/0001213900-22-012197-index.htm",
        "finalLink": "https://www.sec.gov/Archives/edgar/data/1698113/000121390022012197/f10k2021_partsidinc.htm"
    },
    {
        "date": "2021-09-30",
        "symbol": "ID",
        "reportedCurrency": "USD",
        "cik": "0001698113",
        "fillingDate": "2021-11-09",
        "acceptedDate": "2021-11-09 16:16:01",
        "calendarYear": "2021",
        "period": "Q3",
        "revenue": 102595793,
        "costOfRevenue": 82316633,
        "grossProfit": 20279160,
        "grossProfitRatio": 0.1976607364,
        "researchAndDevelopmentExpenses": 0,
        "generalAndAdministrativeExpenses": 12906797,
        "sellingAndMarketingExpenses": 9730026,
        "sellingGeneralAndAdministrativeExpenses": 22636823,
        "otherExpenses": 1887641,
        "operatingExpenses": 24524464,
        "costAndExpenses": 106841097,
        "interestIncome": 0,
        "interestExpense": 229,
        "depreciationAndAmortization": 1887641,
        "ebitda": -2357663,
        "ebitdaratio": -0.0229801138,
        "operatingIncome": -4245304,
        "operatingIncomeRatio": -0.0413789287,
        "totalOtherIncomeExpensesNet": -229,
        "incomeBeforeTax": -4245533,
        "incomeBeforeTaxRatio": -0.0413811607,
        "incomeTaxExpense": -908011,
        "netIncome": -3337522,
        "netIncomeRatio": -0.0325307881,
        "eps": -0.1,
        "epsdiluted": -0.1,
        "weightedAverageShsOut": 33173456,
        "weightedAverageShsOutDil": 33173456,
        "link": "https://www.sec.gov/Archives/edgar/data/1698113/000121390021057732/0001213900-21-057732-index.htm",
        "finalLink": "https://www.sec.gov/Archives/edgar/data/1698113/000121390021057732/f10q0921_partsidinc.htm"
    },
    {
        "date": "2021-06-30",
        "symbol": "ID",
        "reportedCurrency": "USD",
        "cik": "0001698113",
        "fillingDate": "2021-08-09",
        "acceptedDate": "2021-08-09 16:16:18",
        "calendarYear": "2021",
        "period": "Q2",
        "revenue": 130409332,
        "costOfRevenue": 104270051,
        "grossProfit": 26139281,
        "grossProfitRatio": 0.2004402645,
        "researchAndDevelopmentExpenses": 0,
        "generalAndAdministrativeExpenses": 12603017,
        "sellingAndMarketingExpenses": 10907319,
        "sellingGeneralAndAdministrativeExpenses": 23510336,
        "otherExpenses": 1819581,
        "operatingExpenses": 25329917,
        "costAndExpenses": 129599968,
        "interestIncome": 0,
        "interestExpense": 395,
        "depreciationAndAmortization": 1819581,
        "ebitda": 2628945,
        "ebitdaratio": 0.0201591785,
        "operatingIncome": 809364,
        "operatingIncomeRatio": 0.006206335,
        "totalOtherIncomeExpensesNet": -395,
        "incomeBeforeTax": 808969,
        "incomeBeforeTaxRatio": 0.0062033061,
        "incomeTaxExpense": 182857,
        "netIncome": 626112,
        "netIncomeRatio": 0.0048011288,
        "eps": 0.02,
        "epsdiluted": 0.02,
        "weightedAverageShsOut": 33130599,
        "weightedAverageShsOutDil": 33130599,
        "link": "https://www.sec.gov/Archives/edgar/data/1698113/000121390021041069/0001213900-21-041069-index.htm",
        "finalLink": "https://www.sec.gov/Archives/edgar/data/1698113/000121390021041069/f10q0621_partsidinc.htm"
    },
    {
        "date": "2021-03-31",
        "symbol": "ID",
        "reportedCurrency": "USD",
        "cik": "0001698113",
        "fillingDate": "2021-05-10",
        "acceptedDate": "2021-05-10 16:16:03",
        "calendarYear": "2021",
        "period": "Q1",
        "revenue": 109073628,
        "costOfRevenue": 86240019,
        "grossProfit": 22833609,
        "grossProfitRatio": 0.2093412442,
        "researchAndDevelopmentExpenses": 0,
        "generalAndAdministrativeExpenses": 11358707,
        "sellingAndMarketingExpenses": 10499386,
        "sellingGeneralAndAdministrativeExpenses": 21858093,
        "otherExpenses": 1773773,
        "operatingExpenses": 23631866,
        "costAndExpenses": 109871885,
        "interestIncome": 0,
        "interestExpense": 6490,
        "depreciationAndAmortization": 1773773,
        "ebitda": 975516,
        "ebitdaratio": 0.0089436468,
        "operatingIncome": -798257,
        "operatingIncomeRatio": -0.0073185152,
        "totalOtherIncomeExpensesNet": -6490,
        "incomeBeforeTax": -804747,
        "incomeBeforeTaxRatio": -0.0073780163,
        "incomeTaxExpense": -159934,
        "netIncome": -644813,
        "netIncomeRatio": -0.0059117223,
        "eps": -0.0196,
        "epsdiluted": -0.0196,
        "weightedAverageShsOut": 32873457,
        "weightedAverageShsOutDil": 32873457,
        "link": "https://www.sec.gov/Archives/edgar/data/1698113/000121390021025366/0001213900-21-025366-index.htm",
        "finalLink": "https://www.sec.gov/Archives/edgar/data/1698113/000121390021025366/f10q0321_partsidinc.htm"
    },
    {
        "date": "2020-12-31",
        "symbol": "ID",
        "reportedCurrency": "USD",
        "cik": "0001698113",
        "fillingDate": "2021-03-09",
        "acceptedDate": "2021-03-09 17:08:08",
        "calendarYear": "2020",
        "period": "Q4",
        "revenue": 93080908,
        "costOfRevenue": 74098159,
        "grossProfit": 18982749,
        "grossProfitRatio": 0.2039381588,
        "researchAndDevelopmentExpenses": 0,
        "generalAndAdministrativeExpenses": 15383017,
        "sellingAndMarketingExpenses": 8344505,
        "sellingGeneralAndAdministrativeExpenses": 23727522,
        "otherExpenses": 1824564,
        "operatingExpenses": 25552086,
        "costAndExpenses": 99650245,
        "interestIncome": 0,
        "interestExpense": 711,
        "depreciationAndAmortization": 1824564,
        "ebitda": -4744773,
        "ebitdaratio": -0.0509747176,
        "operatingIncome": -6569337,
        "operatingIncomeRatio": -0.0705766321,
        "totalOtherIncomeExpensesNet": -711,
        "incomeBeforeTax": -6570048,
        "incomeBeforeTaxRatio": -0.0705842706,
        "incomeTaxExpense": -2460779,
        "netIncome": -4109269,
        "netIncomeRatio": -0.044147281,
        "eps": -0.14,
        "epsdiluted": -0.14,
        "weightedAverageShsOut": 28567751,
        "weightedAverageShsOutDil": 28567751,
        "link": "https://www.sec.gov/Archives/edgar/data/1698113/000121390021014339/0001213900-21-014339-index.htm",
        "finalLink": "https://www.sec.gov/Archives/edgar/data/1698113/000121390021014339/f10k2020_partsidinc.htm"
    },
    {
        "date": "2020-09-30",
        "symbol": "ID",
        "reportedCurrency": "USD",
        "cik": "0001698113",
        "fillingDate": "2020-11-09",
        "acceptedDate": "2020-11-09 16:31:00",
        "calendarYear": "2020",
        "period": "Q3",
        "revenue": 123171974,
        "costOfRevenue": 95716087,
        "grossProfit": 27455887,
        "grossProfitRatio": 0.2229069334,
        "researchAndDevelopmentExpenses": 0,
        "generalAndAdministrativeExpenses": 10134882,
        "sellingAndMarketingExpenses": 9624007,
        "sellingGeneralAndAdministrativeExpenses": 19758889,
        "otherExpenses": 0,
        "operatingExpenses": 21485463,
        "costAndExpenses": 117201550,
        "interestIncome": 0,
        "interestExpense": 863,
        "depreciationAndAmortization": 1726574,
        "ebitda": 7696998,
        "ebitdaratio": 0.0624898485,
        "operatingIncome": 5970424,
        "operatingIncomeRatio": 0.0484722604,
        "totalOtherIncomeExpensesNet": -863,
        "incomeBeforeTax": 5969561,
        "incomeBeforeTaxRatio": 0.048465254,
        "incomeTaxExpense": 1175607,
        "netIncome": 4793954,
        "netIncomeRatio": 0.0389208181,
        "eps": 0.14,
        "epsdiluted": 0.14,
        "weightedAverageShsOut": 32873458,
        "weightedAverageShsOutDil": 32873458,
        "link": "https://www.sec.gov/Archives/edgar/data/1698113/000121390020035913/0001213900-20-035913-index.htm",
        "finalLink": "https://www.sec.gov/Archives/edgar/data/1698113/000121390020035913/f10q0920_legacyacq.htm"
    },
    {
        "date": "2020-06-30",
        "symbol": "ID",
        "reportedCurrency": "USD",
        "cik": "0001698113",
        "fillingDate": "2020-08-10",
        "acceptedDate": "2020-08-10 15:24:31",
        "calendarYear": "2020",
        "period": "Q2",
        "revenue": 113853524,
        "costOfRevenue": 89655601,
        "grossProfit": 24197923,
        "grossProfitRatio": 0.2125355646,
        "researchAndDevelopmentExpenses": 0,
        "generalAndAdministrativeExpenses": 10076998,
        "sellingAndMarketingExpenses": 9296637,
        "sellingGeneralAndAdministrativeExpenses": 19373635,
        "otherExpenses": 1783415,
        "operatingExpenses": 21157050,
        "costAndExpenses": 110812651,
        "interestIncome": 0,
        "interestExpense": 1038,
        "depreciationAndAmortization": 1783415,
        "ebitda": 4824288,
        "ebitdaratio": 0.0423727596,
        "operatingIncome": 3040873,
        "operatingIncomeRatio": 0.0267086419,
        "totalOtherIncomeExpensesNet": -1038,
        "incomeBeforeTax": 3039835,
        "incomeBeforeTaxRatio": 0.0266995249,
        "incomeTaxExpense": 766120,
        "netIncome": 2273715,
        "netIncomeRatio": 0.0199705281,
        "eps": 0.0654,
        "epsdiluted": 0.0654,
        "weightedAverageShsOut": 32873458,
        "weightedAverageShsOutDil": 32873458,
        "link": "https://www.sec.gov/Archives/edgar/data/1698113/000121390020021140/0001213900-20-021140-index.htm",
        "finalLink": "https://www.sec.gov/Archives/edgar/data/1698113/000121390020021140/f10q0620_legacyacquis.htm"
    },
    {
        "date": "2020-03-31",
        "symbol": "ID",
        "reportedCurrency": "USD",
        "cik": "0001698113",
        "fillingDate": "2020-05-08",
        "acceptedDate": "2020-05-08 16:03:14",
        "calendarYear": "2020",
        "period": "Q1",
        "revenue": 70725965,
        "costOfRevenue": 55557165,
        "grossProfit": 15168800,
        "grossProfitRatio": 0.2144728601,
        "researchAndDevelopmentExpenses": 0,
        "generalAndAdministrativeExpenses": 8671254,
        "sellingAndMarketingExpenses": 6094150,
        "sellingGeneralAndAdministrativeExpenses": 14765404,
        "otherExpenses": 1524683,
        "operatingExpenses": 16290087,
        "costAndExpenses": 71847252,
        "interestIncome": 0,
        "interestExpense": 5783,
        "depreciationAndAmortization": 1524683,
        "ebitda": 403396,
        "ebitdaratio": 0.0057036479,
        "operatingIncome": -1121287,
        "operatingIncomeRatio": -0.0158539654,
        "totalOtherIncomeExpensesNet": -5783,
        "incomeBeforeTax": -1127070,
        "incomeBeforeTaxRatio": -0.0159357317,
        "incomeTaxExpense": -282500,
        "netIncome": -844570,
        "netIncomeRatio": -0.0119414419,
        "eps": -0.0257,
        "epsdiluted": -0.0257,
        "weightedAverageShsOut": 32873458,
        "weightedAverageShsOutDil": 32873458,
        "link": "https://www.sec.gov/Archives/edgar/data/1698113/000121390020011447/0001213900-20-011447-index.htm",
        "finalLink": "https://www.sec.gov/Archives/edgar/data/1698113/000121390020011447/f10q0320_legacyacquisition.htm"
    },
    {
        "date": "2019-12-31",
        "symbol": "ID",
        "reportedCurrency": "USD",
        "cik": "0001698113",
        "fillingDate": "2020-02-27",
        "acceptedDate": "2020-02-27 17:18:51",
        "calendarYear": "2019",
        "period": "Q4",
        "revenue": 0,
        "costOfRevenue": 0,
        "grossProfit": 0,
        "grossProfitRatio": 0,
        "researchAndDevelopmentExpenses": 0,
        "generalAndAdministrativeExpenses": 1209000,
        "sellingAndMarketingExpenses": 0,
        "sellingGeneralAndAdministrativeExpenses": 1209000,
        "otherExpenses": 0,
        "operatingExpenses": 1209000,
        "costAndExpenses": 1209000,
        "interestIncome": 6482000,
        "interestExpense": 0,
        "depreciationAndAmortization": 46467,
        "ebitda": -1209000,
        "ebitdaratio": 0,
        "operatingIncome": -1209000,
        "operatingIncomeRatio": 0,
        "totalOtherIncomeExpensesNet": 1328000,
        "incomeBeforeTax": 119000,
        "incomeBeforeTaxRatio": 0,
        "incomeTaxExpense": -265000,
        "netIncome": 1104000,
        "netIncomeRatio": 0,
        "eps": 0.037,
        "epsdiluted": 0.15,
        "weightedAverageShsOut": 29867000,
        "weightedAverageShsOutDil": 31436729,
        "link": "https://www.sec.gov/Archives/edgar/data/1698113/000121390020004939/0001213900-20-004939-index.htm",
        "finalLink": "https://www.sec.gov/Archives/edgar/data/1698113/000121390020004939/f10k2019_legacyacquisition.htm"
    },
    {
        "date": "2019-09-30",
        "symbol": "ID",
        "reportedCurrency": "USD",
        "cik": "0001698113",
        "fillingDate": "2019-11-12",
        "acceptedDate": "2019-11-12 16:40:41",
        "calendarYear": "2019",
        "period": "Q3",
        "revenue": 0,
        "costOfRevenue": 0,
        "grossProfit": 0,
        "grossProfitRatio": 0,
        "researchAndDevelopmentExpenses": 0,
        "generalAndAdministrativeExpenses": 1210000,
        "sellingAndMarketingExpenses": 0,
        "sellingGeneralAndAdministrativeExpenses": 1210000,
        "otherExpenses": 0,
        "operatingExpenses": 1210000,
        "costAndExpenses": 1210000,
        "interestIncome": 0,
        "interestExpense": 0,
        "depreciationAndAmortization": 44646,
        "ebitda": -1210000,
        "ebitdaratio": 0,
        "operatingIncome": -1210000,
        "operatingIncomeRatio": 0,
        "totalOtherIncomeExpensesNet": 1588000,
        "incomeBeforeTax": 378000,
        "incomeBeforeTaxRatio": 0,
        "incomeTaxExpense": -325000,
        "netIncome": 703000,
        "netIncomeRatio": 0,
        "eps": 0.0234,
        "epsdiluted": 0.0937,
        "weightedAverageShsOut": 30000000,
        "weightedAverageShsOutDil": 31436729,
        "link": "https://www.sec.gov/Archives/edgar/data/1698113/000121390019022943/0001213900-19-022943-index.htm",
        "finalLink": "https://www.sec.gov/Archives/edgar/data/1698113/000121390019022943/f10q0919_legacyacquisition.htm"
    },
    {
        "date": "2019-06-30",
        "symbol": "ID",
        "reportedCurrency": "USD",
        "cik": "0001698113",
        "fillingDate": "2019-08-08",
        "acceptedDate": "2019-08-07 18:52:54",
        "calendarYear": "2019",
        "period": "Q2",
        "revenue": 0,
        "costOfRevenue": 0,
        "grossProfit": 0,
        "grossProfitRatio": 0,
        "researchAndDevelopmentExpenses": 0,
        "generalAndAdministrativeExpenses": 1094000,
        "sellingAndMarketingExpenses": 0,
        "sellingGeneralAndAdministrativeExpenses": 1094000,
        "otherExpenses": 0,
        "operatingExpenses": 1094000,
        "costAndExpenses": 1094000,
        "interestIncome": 0,
        "interestExpense": 0,
        "depreciationAndAmortization": 40963,
        "ebitda": -1094000,
        "ebitdaratio": 0,
        "operatingIncome": -1094000,
        "operatingIncomeRatio": 0,
        "totalOtherIncomeExpensesNet": 1805000,
        "incomeBeforeTax": 711000,
        "incomeBeforeTaxRatio": 0,
        "incomeTaxExpense": -370000,
        "netIncome": 1081000,
        "netIncomeRatio": 0,
        "eps": 0.036,
        "epsdiluted": 0.14,
        "weightedAverageShsOut": 30000000,
        "weightedAverageShsOutDil": 31436729,
        "link": "https://www.sec.gov/Archives/edgar/data/1698113/000121390019014847/0001213900-19-014847-index.htm",
        "finalLink": "https://www.sec.gov/Archives/edgar/data/1698113/000121390019014847/f10q0619_legacyacquisition.htm"
    },
    {
        "date": "2019-03-31",
        "symbol": "ID",
        "reportedCurrency": "USD",
        "cik": "0001698113",
        "fillingDate": "2019-05-09",
        "acceptedDate": "2019-05-09 16:41:13",
        "calendarYear": "2019",
        "period": "Q1",
        "revenue": 0,
        "costOfRevenue": 0,
        "grossProfit": 0,
        "grossProfitRatio": 0,
        "researchAndDevelopmentExpenses": 0,
        "generalAndAdministrativeExpenses": 262000,
        "sellingAndMarketingExpenses": 0,
        "sellingGeneralAndAdministrativeExpenses": 262000,
        "otherExpenses": 0,
        "operatingExpenses": 262000,
        "costAndExpenses": 262000,
        "interestIncome": 0,
        "interestExpense": 0,
        "depreciationAndAmortization": 40374,
        "ebitda": -262000,
        "ebitdaratio": 0,
        "operatingIncome": -262000,
        "operatingIncomeRatio": 0,
        "totalOtherIncomeExpensesNet": 1761000,
        "incomeBeforeTax": 1499000,
        "incomeBeforeTaxRatio": 0,
        "incomeTaxExpense": -360000,
        "netIncome": 1139000,
        "netIncomeRatio": 0,
        "eps": 0.038,
        "epsdiluted": 0.038,
        "weightedAverageShsOut": 30000000,
        "weightedAverageShsOutDil": 30000000,
        "link": "https://www.sec.gov/Archives/edgar/data/1698113/000121390019008157/0001213900-19-008157-index.htm",
        "finalLink": "https://www.sec.gov/Archives/edgar/data/1698113/000121390019008157/f10q0319_legacyacquisition.htm"
    },
    {
        "date": "2018-12-31",
        "symbol": "ID",
        "reportedCurrency": "USD",
        "cik": "0001698113",
        "fillingDate": "2019-03-15",
        "acceptedDate": "2019-03-15 16:34:01",
        "calendarYear": "2018",
        "period": "Q4",
        "revenue": 0,
        "costOfRevenue": 0,
        "grossProfit": 0,
        "grossProfitRatio": 0,
        "researchAndDevelopmentExpenses": 0,
        "generalAndAdministrativeExpenses": 855000,
        "sellingAndMarketingExpenses": 0,
        "sellingGeneralAndAdministrativeExpenses": 855000,
        "otherExpenses": 0,
        "operatingExpenses": 855000,
        "costAndExpenses": 855000,
        "interestIncome": 0,
        "interestExpense": 0,
        "depreciationAndAmortization": 0,
        "ebitda": -855000,
        "ebitdaratio": 0,
        "operatingIncome": -855000,
        "operatingIncomeRatio": 0,
        "totalOtherIncomeExpensesNet": 1682000,
        "incomeBeforeTax": 827000,
        "incomeBeforeTaxRatio": 0,
        "incomeTaxExpense": -1025000,
        "netIncome": 1852000,
        "netIncomeRatio": 0,
        "eps": 0.0617,
        "epsdiluted": 0.0617,
        "weightedAverageShsOut": 30000000,
        "weightedAverageShsOutDil": 30000000,
        "link": "https://www.sec.gov/Archives/edgar/data/1698113/000121390019004265/0001213900-19-004265-index.htm",
        "finalLink": "https://www.sec.gov/Archives/edgar/data/1698113/000121390019004265/f10k2018_legacyacquisition.htm"
    },
    {
        "date": "2018-09-30",
        "symbol": "ID",
        "reportedCurrency": "USD",
        "cik": "0001698113",
        "fillingDate": "2018-11-08",
        "acceptedDate": "2018-11-08 16:31:38",
        "calendarYear": "2018",
        "period": "Q3",
        "revenue": 0,
        "costOfRevenue": 0,
        "grossProfit": 0,
        "grossProfitRatio": 0,
        "researchAndDevelopmentExpenses": 0,
        "generalAndAdministrativeExpenses": 211000,
        "sellingAndMarketingExpenses": 0,
        "sellingGeneralAndAdministrativeExpenses": 211000,
        "otherExpenses": 0,
        "operatingExpenses": 211000,
        "costAndExpenses": 211000,
        "interestIncome": 0,
        "interestExpense": 0,
        "depreciationAndAmortization": 0,
        "ebitda": -211000,
        "ebitdaratio": 0,
        "operatingIncome": -211000,
        "operatingIncomeRatio": 0,
        "totalOtherIncomeExpensesNet": 1522000,
        "incomeBeforeTax": 1311000,
        "incomeBeforeTaxRatio": 0,
        "incomeTaxExpense": 330000,
        "netIncome": 981000,
        "netIncomeRatio": 0,
        "eps": 0.0327,
        "epsdiluted": 0.0327,
        "weightedAverageShsOut": 30000000,
        "weightedAverageShsOutDil": 30000000,
        "link": "https://www.sec.gov/Archives/edgar/data/1698113/000121390018015162/0001213900-18-015162-index.htm",
        "finalLink": "https://www.sec.gov/Archives/edgar/data/1698113/000121390018015162/f10q0918_legacyacquisition.htm"
    },
    {
        "date": "2018-06-30",
        "symbol": "ID",
        "reportedCurrency": "USD",
        "cik": "0001698113",
        "fillingDate": "2018-08-10",
        "acceptedDate": "2018-08-10 16:26:58",
        "calendarYear": "2018",
        "period": "Q2",
        "revenue": 0,
        "costOfRevenue": 0,
        "grossProfit": 0,
        "grossProfitRatio": 0,
        "researchAndDevelopmentExpenses": 0,
        "generalAndAdministrativeExpenses": 270000,
        "sellingAndMarketingExpenses": 0,
        "sellingGeneralAndAdministrativeExpenses": 270000,
        "otherExpenses": 0,
        "operatingExpenses": 270000,
        "costAndExpenses": 270000,
        "interestIncome": 0,
        "interestExpense": 0,
        "depreciationAndAmortization": 0,
        "ebitda": -270000,
        "ebitdaratio": 0,
        "operatingIncome": -270000,
        "operatingIncomeRatio": 0,
        "totalOtherIncomeExpensesNet": 1279000,
        "incomeBeforeTax": 1009000,
        "incomeBeforeTaxRatio": 0,
        "incomeTaxExpense": -220000,
        "netIncome": 789000,
        "netIncomeRatio": 0,
        "eps": 0.0263,
        "epsdiluted": 0.0263,
        "weightedAverageShsOut": 30000000,
        "weightedAverageShsOutDil": 30000000,
        "link": "https://www.sec.gov/Archives/edgar/data/1698113/000121390018010714/0001213900-18-010714-index.htm",
        "finalLink": "https://www.sec.gov/Archives/edgar/data/1698113/000121390018010714/f10q0618_legacyacquisition.htm"
    },
    {
        "date": "2018-03-31",
        "symbol": "ID",
        "reportedCurrency": "USD",
        "cik": "0001698113",
        "fillingDate": "2018-05-14",
        "acceptedDate": "2018-05-14 16:20:17",
        "calendarYear": "2018",
        "period": "Q1",
        "revenue": 0,
        "costOfRevenue": 0,
        "grossProfit": 0,
        "grossProfitRatio": 0,
        "researchAndDevelopmentExpenses": 0,
        "generalAndAdministrativeExpenses": 287000,
        "sellingAndMarketingExpenses": 0,
        "sellingGeneralAndAdministrativeExpenses": 287000,
        "otherExpenses": 0,
        "operatingExpenses": 287000,
        "costAndExpenses": 287000,
        "interestIncome": 0,
        "interestExpense": 0,
        "depreciationAndAmortization": 0,
        "ebitda": -287000,
        "ebitdaratio": 0,
        "operatingIncome": -287000,
        "operatingIncomeRatio": 0,
        "totalOtherIncomeExpensesNet": 1076000,
        "incomeBeforeTax": 789000,
        "incomeBeforeTaxRatio": 0,
        "incomeTaxExpense": -215000,
        "netIncome": 574000,
        "netIncomeRatio": 0,
        "eps": 0.0191,
        "epsdiluted": 0.0191,
        "weightedAverageShsOut": 30000000,
        "weightedAverageShsOutDil": 30000000,
        "link": "https://www.sec.gov/Archives/edgar/data/1698113/000121390018006114/0001213900-18-006114-index.htm",
        "finalLink": "https://www.sec.gov/Archives/edgar/data/1698113/000121390018006114/f10q0318_legacyacquisition.htm"
    }
]