[
    {
        "date": "2025-06-30",
        "symbol": "IHRT",
        "reportedCurrency": "USD",
        "cik": "0001400891",
        "fillingDate": "2025-08-11",
        "acceptedDate": "2025-08-11 16:07:14",
        "calendarYear": "2025",
        "period": "Q2",
        "revenue": 933653000,
        "costOfRevenue": 391194000,
        "grossProfit": 542459000,
        "grossProfitRatio": 0.5810070765,
        "researchAndDevelopmentExpenses": 0,
        "generalAndAdministrativeExpenses": 0,
        "sellingAndMarketingExpenses": 0,
        "sellingGeneralAndAdministrativeExpenses": 413082000,
        "otherExpenses": 94007000,
        "operatingExpenses": 507089000,
        "costAndExpenses": 898283000,
        "interestIncome": 0,
        "interestExpense": 100894000,
        "depreciationAndAmortization": 90369000,
        "ebitda": 125528000,
        "ebitdaratio": 0.1344482372,
        "operatingIncome": 35370000,
        "operatingIncomeRatio": 0.0378834535,
        "totalOtherIncomeExpensesNet": -101105000,
        "incomeBeforeTax": -65735000,
        "incomeBeforeTaxRatio": -0.070406243,
        "incomeTaxExpense": 18253000,
        "netIncome": -83480000,
        "netIncomeRatio": -0.0894122335,
        "eps": -0.54,
        "epsdiluted": -0.54,
        "weightedAverageShsOut": 154275000,
        "weightedAverageShsOutDil": 154275000,
        "link": "https://www.sec.gov/Archives/edgar/data/1400891/000140089125000046/0001400891-25-000046-index.htm",
        "finalLink": "https://www.sec.gov/Archives/edgar/data/1400891/000140089125000046/ihrt-20250630.htm"
    },
    {
        "date": "2025-03-31",
        "symbol": "IHRT",
        "reportedCurrency": "USD",
        "cik": "0001400891",
        "fillingDate": "2025-05-12",
        "acceptedDate": "2025-05-12 16:05:10",
        "calendarYear": "2025",
        "period": "Q1",
        "revenue": 807101000,
        "costOfRevenue": 356326000,
        "grossProfit": 450775000,
        "grossProfitRatio": 0.5585112644,
        "researchAndDevelopmentExpenses": 0,
        "generalAndAdministrativeExpenses": 380794000,
        "sellingAndMarketingExpenses": 0,
        "sellingGeneralAndAdministrativeExpenses": 380794000,
        "otherExpenses": 95415000,
        "operatingExpenses": 476209000,
        "costAndExpenses": 832535000,
        "interestIncome": 0,
        "interestExpense": 100386000,
        "depreciationAndAmortization": 91901000,
        "ebitda": 46763000,
        "ebitdaratio": 0.0579394648,
        "operatingIncome": -25434000,
        "operatingIncomeRatio": -0.0315127846,
        "totalOtherIncomeExpensesNet": -120090000,
        "incomeBeforeTax": -145524000,
        "incomeBeforeTaxRatio": -0.1803045715,
        "incomeTaxExpense": 135359000,
        "netIncome": -281224000,
        "netIncomeRatio": -0.3484371844,
        "eps": -1.84,
        "epsdiluted": -1.84,
        "weightedAverageShsOut": 152480000,
        "weightedAverageShsOutDil": 152480000,
        "link": "https://www.sec.gov/Archives/edgar/data/1400891/000140089125000035/0001400891-25-000035-index.htm",
        "finalLink": "https://www.sec.gov/Archives/edgar/data/1400891/000140089125000035/ihrt-20250331.htm"
    },
    {
        "date": "2024-12-31",
        "symbol": "IHRT",
        "reportedCurrency": "USD",
        "cik": "0001400891",
        "fillingDate": "2025-02-27",
        "acceptedDate": "2025-02-27 16:06:03",
        "calendarYear": "2024",
        "period": "Q4",
        "revenue": 1118269000,
        "costOfRevenue": 455777000,
        "grossProfit": 662492000,
        "grossProfitRatio": 0.5924263303,
        "researchAndDevelopmentExpenses": 0,
        "generalAndAdministrativeExpenses": 385144000,
        "sellingAndMarketingExpenses": 23603000,
        "sellingGeneralAndAdministrativeExpenses": 458088000,
        "otherExpenses": 99857000,
        "operatingExpenses": 557945000,
        "costAndExpenses": 1013722000,
        "interestIncome": 0,
        "interestExpense": 92627000,
        "depreciationAndAmortization": 98733000,
        "ebitda": 88672000,
        "ebitdaratio": 0.0792939802,
        "operatingIncome": 104547000,
        "operatingIncomeRatio": 0.0934900279,
        "totalOtherIncomeExpensesNet": -207235000,
        "incomeBeforeTax": -102688000,
        "incomeBeforeTaxRatio": -0.0918276372,
        "incomeTaxExpense": -134616000,
        "netIncome": 31490000,
        "netIncomeRatio": 0.0281595931,
        "eps": 0.21,
        "epsdiluted": 0.21,
        "weightedAverageShsOut": 148760000,
        "weightedAverageShsOutDil": 148760000,
        "link": "https://www.sec.gov/Archives/edgar/data/1400891/000140089125000009/0001400891-25-000009-index.htm",
        "finalLink": "https://www.sec.gov/Archives/edgar/data/1400891/000140089125000009/ihrt-20241231.htm"
    },
    {
        "date": "2024-09-30",
        "symbol": "IHRT",
        "reportedCurrency": "USD",
        "cik": "0001400891",
        "fillingDate": "2024-11-07",
        "acceptedDate": "2024-11-07 08:10:04",
        "calendarYear": "2024",
        "period": "Q3",
        "revenue": 1008133000,
        "costOfRevenue": 409745000,
        "grossProfit": 598388000,
        "grossProfitRatio": 0.5935605719,
        "researchAndDevelopmentExpenses": 0,
        "generalAndAdministrativeExpenses": 0,
        "sellingAndMarketingExpenses": 0,
        "sellingGeneralAndAdministrativeExpenses": 418833000,
        "otherExpenses": 102835000,
        "operatingExpenses": 521668000,
        "costAndExpenses": 931413000,
        "interestIncome": 0,
        "interestExpense": 95715000,
        "depreciationAndAmortization": 101331000,
        "ebitda": 176556000,
        "ebitdaratio": 0.1751316543,
        "operatingIncome": 76720000,
        "operatingIncomeRatio": 0.07610107,
        "totalOtherIncomeExpensesNet": -97210000,
        "incomeBeforeTax": -20490000,
        "incomeBeforeTaxRatio": -0.0203246992,
        "incomeTaxExpense": 20835000,
        "netIncome": -41265000,
        "netIncomeRatio": -0.0409320992,
        "eps": -0.27,
        "epsdiluted": -0.28,
        "weightedAverageShsOut": 151990000,
        "weightedAverageShsOutDil": 147063000,
        "link": "https://www.sec.gov/Archives/edgar/data/1400891/000140089124000036/0001400891-24-000036-index.htm",
        "finalLink": "https://www.sec.gov/Archives/edgar/data/1400891/000140089124000036/ihrt-20240930.htm"
    },
    {
        "date": "2024-06-30",
        "symbol": "IHRT",
        "reportedCurrency": "USD",
        "cik": "0001400891",
        "fillingDate": "2024-08-08",
        "acceptedDate": "2024-08-08 08:06:24",
        "calendarYear": "2024",
        "period": "Q2",
        "revenue": 929092000,
        "costOfRevenue": 382049000,
        "grossProfit": 547043000,
        "grossProfitRatio": 0.5887931443,
        "researchAndDevelopmentExpenses": 0,
        "generalAndAdministrativeExpenses": 0,
        "sellingAndMarketingExpenses": 0,
        "sellingGeneralAndAdministrativeExpenses": 431614000,
        "otherExpenses": 1025096000,
        "operatingExpenses": 1456710000,
        "costAndExpenses": 1838759000,
        "interestIncome": 0,
        "interestExpense": 95577000,
        "depreciationAndAmortization": 104356000,
        "ebitda": -806015000,
        "ebitdaratio": -0.8675298033,
        "operatingIncome": -909667000,
        "operatingIncomeRatio": -0.9790924903,
        "totalOtherIncomeExpensesNet": -96281000,
        "incomeBeforeTax": -1005948000,
        "incomeBeforeTaxRatio": -1.082721625,
        "incomeTaxExpense": -23959000,
        "netIncome": -981658000,
        "netIncomeRatio": -1.0565778201,
        "eps": -6.5,
        "epsdiluted": -6.5,
        "weightedAverageShsOut": 151137000,
        "weightedAverageShsOutDil": 151137000,
        "link": "https://www.sec.gov/Archives/edgar/data/1400891/000140089124000027/0001400891-24-000027-index.htm",
        "finalLink": "https://www.sec.gov/Archives/edgar/data/1400891/000140089124000027/ihrt-20240630.htm"
    },
    {
        "date": "2024-03-31",
        "symbol": "IHRT",
        "reportedCurrency": "USD",
        "cik": "0001400891",
        "fillingDate": "2024-05-09",
        "acceptedDate": "2024-05-09 07:33:05",
        "calendarYear": "2024",
        "period": "Q1",
        "revenue": 799038000,
        "costOfRevenue": 341360000,
        "grossProfit": 457678000,
        "grossProfitRatio": 0.5727862755,
        "researchAndDevelopmentExpenses": 0,
        "generalAndAdministrativeExpenses": 385144000,
        "sellingAndMarketingExpenses": 0,
        "sellingGeneralAndAdministrativeExpenses": 385144000,
        "otherExpenses": 107242000,
        "operatingExpenses": 492386000,
        "costAndExpenses": 833746000,
        "interestIncome": 0,
        "interestExpense": 95515000,
        "depreciationAndAmortization": 105162000,
        "ebitda": 161907000,
        "ebitdaratio": 0.2026274095,
        "operatingIncome": -34708000,
        "operatingIncomeRatio": -0.0434372333,
        "totalOtherIncomeExpensesNet": -4062000,
        "incomeBeforeTax": -38770000,
        "incomeBeforeTaxRatio": -0.0485208463,
        "incomeTaxExpense": -20662000,
        "netIncome": -18508000,
        "netIncomeRatio": -0.0231628533,
        "eps": -0.12,
        "epsdiluted": -0.12,
        "weightedAverageShsOut": 149795000,
        "weightedAverageShsOutDil": 149795000,
        "link": "https://www.sec.gov/Archives/edgar/data/1400891/000140089124000021/0001400891-24-000021-index.htm",
        "finalLink": "https://www.sec.gov/Archives/edgar/data/1400891/000140089124000021/ihrt-20240331.htm"
    },
    {
        "date": "2023-12-31",
        "symbol": "IHRT",
        "reportedCurrency": "USD",
        "cik": "0001400891",
        "fillingDate": "2024-02-29",
        "acceptedDate": "2024-02-29 08:07:22",
        "calendarYear": "2023",
        "period": "Q4",
        "revenue": 1066783000,
        "costOfRevenue": 414556000,
        "grossProfit": 652227000,
        "grossProfitRatio": 0.6113961321,
        "researchAndDevelopmentExpenses": 0,
        "generalAndAdministrativeExpenses": 0,
        "sellingAndMarketingExpenses": 0,
        "sellingGeneralAndAdministrativeExpenses": 465969000,
        "otherExpenses": 106478000,
        "operatingExpenses": 572447000,
        "costAndExpenses": 987003000,
        "interestIncome": 0,
        "interestExpense": 96116000,
        "depreciationAndAmortization": 105455000,
        "ebitda": 1126599000,
        "ebitdaratio": 1.0560713847,
        "operatingIncome": 79780000,
        "operatingIncomeRatio": 0.0747855937,
        "totalOtherIncomeExpensesNet": -98630000,
        "incomeBeforeTax": -18850000,
        "incomeBeforeTaxRatio": -0.0176699479,
        "incomeTaxExpense": -32825000,
        "netIncome": 13123000,
        "netIncomeRatio": 0.0123014709,
        "eps": 0.0907,
        "epsdiluted": 0.0907,
        "weightedAverageShsOut": 144663000,
        "weightedAverageShsOutDil": 144663000,
        "link": "https://www.sec.gov/Archives/edgar/data/1400891/000140089124000008/0001400891-24-000008-index.htm",
        "finalLink": "https://www.sec.gov/Archives/edgar/data/1400891/000140089124000008/ihrt-20231231.htm"
    },
    {
        "date": "2023-09-30",
        "symbol": "IHRT",
        "reportedCurrency": "USD",
        "cik": "0001400891",
        "fillingDate": "2023-11-09",
        "acceptedDate": "2023-11-09 15:02:21",
        "calendarYear": "2023",
        "period": "Q3",
        "revenue": 952989000,
        "costOfRevenue": 379997000,
        "grossProfit": 572992000,
        "grossProfitRatio": 0.601257727,
        "researchAndDevelopmentExpenses": 0,
        "generalAndAdministrativeExpenses": 0,
        "sellingAndMarketingExpenses": 0,
        "sellingGeneralAndAdministrativeExpenses": 393628000,
        "otherExpenses": 110399000,
        "operatingExpenses": 504027000,
        "costAndExpenses": 884024000,
        "interestIncome": 0,
        "interestExpense": 99509000,
        "depreciationAndAmortization": 106451000,
        "ebitda": 187730000,
        "ebitdaratio": 0.1969907313,
        "operatingIncome": 68965000,
        "operatingIncomeRatio": 0.0723670473,
        "totalOtherIncomeExpensesNet": -87195000,
        "incomeBeforeTax": -18230000,
        "incomeBeforeTaxRatio": -0.0191292869,
        "incomeTaxExpense": -9261000,
        "netIncome": -9053000,
        "netIncomeRatio": -0.009499585,
        "eps": -0.0626,
        "epsdiluted": -0.0626,
        "weightedAverageShsOut": 149695000,
        "weightedAverageShsOutDil": 149695000,
        "link": "https://www.sec.gov/Archives/edgar/data/1400891/000140089123000044/0001400891-23-000044-index.htm",
        "finalLink": "https://www.sec.gov/Archives/edgar/data/1400891/000140089123000044/ihrt-20230930.htm"
    },
    {
        "date": "2023-06-30",
        "symbol": "IHRT",
        "reportedCurrency": "USD",
        "cik": "0001400891",
        "fillingDate": "2023-08-08",
        "acceptedDate": "2023-08-08 16:31:50",
        "calendarYear": "2023",
        "period": "Q2",
        "revenue": 920014000,
        "costOfRevenue": 355061000,
        "grossProfit": 564953000,
        "grossProfitRatio": 0.6140700033,
        "researchAndDevelopmentExpenses": 0,
        "generalAndAdministrativeExpenses": 0,
        "sellingAndMarketingExpenses": 0,
        "sellingGeneralAndAdministrativeExpenses": 393773000,
        "otherExpenses": 1068374000,
        "operatingExpenses": 1462147000,
        "costAndExpenses": 1817208000,
        "interestIncome": 0,
        "interestExpense": 98693000,
        "depreciationAndAmortization": 108065000,
        "ebitda": -772581000,
        "ebitdaratio": -0.8397491777,
        "operatingIncome": -897194000,
        "operatingIncomeRatio": -0.9751960296,
        "totalOtherIncomeExpensesNet": -82145000,
        "incomeBeforeTax": -979339000,
        "incomeBeforeTaxRatio": -1.0644827144,
        "incomeTaxExpense": -96357000,
        "netIncome": -884470000,
        "netIncomeRatio": -0.9613658053,
        "eps": -5.93,
        "epsdiluted": -5.93,
        "weightedAverageShsOut": 149179000,
        "weightedAverageShsOutDil": 149179000,
        "link": "https://www.sec.gov/Archives/edgar/data/1400891/000140089123000038/0001400891-23-000038-index.htm",
        "finalLink": "https://www.sec.gov/Archives/edgar/data/1400891/000140089123000038/ihrt-20230630.htm"
    },
    {
        "date": "2023-03-31",
        "symbol": "IHRT",
        "reportedCurrency": "USD",
        "cik": "0001400891",
        "fillingDate": "2023-05-02",
        "acceptedDate": "2023-05-02 07:44:33",
        "calendarYear": "2023",
        "period": "Q1",
        "revenue": 811239000,
        "costOfRevenue": 344620000,
        "grossProfit": 466619000,
        "grossProfitRatio": 0.5751930072,
        "researchAndDevelopmentExpenses": 0,
        "generalAndAdministrativeExpenses": 402801000,
        "sellingAndMarketingExpenses": 0,
        "sellingGeneralAndAdministrativeExpenses": 402801000,
        "otherExpenses": 108733000,
        "operatingExpenses": 511534000,
        "costAndExpenses": 856154000,
        "interestIncome": 0,
        "interestExpense": 95457000,
        "depreciationAndAmortization": 108512000,
        "ebitda": 57711000,
        "ebitdaratio": 0.0711393313,
        "operatingIncome": -48862000,
        "operatingIncomeRatio": -0.0602313252,
        "totalOtherIncomeExpensesNet": -97396000,
        "incomeBeforeTax": -146258000,
        "incomeBeforeTaxRatio": -0.1802896557,
        "incomeTaxExpense": 76105000,
        "netIncome": -222363000,
        "netIncomeRatio": -0.2741029462,
        "eps": -1.5,
        "epsdiluted": -1.5,
        "weightedAverageShsOut": 148365000,
        "weightedAverageShsOutDil": 148365000,
        "link": "https://www.sec.gov/Archives/edgar/data/1400891/000140089123000029/0001400891-23-000029-index.htm",
        "finalLink": "https://www.sec.gov/Archives/edgar/data/1400891/000140089123000029/ihrt-20230331.htm"
    },
    {
        "date": "2022-12-31",
        "symbol": "IHRT",
        "reportedCurrency": "USD",
        "cik": "0001400891",
        "fillingDate": "2023-02-28",
        "acceptedDate": "2023-02-28 16:17:32",
        "calendarYear": "2022",
        "period": "Q4",
        "revenue": 1125890000,
        "costOfRevenue": 412701000,
        "grossProfit": 713189000,
        "grossProfitRatio": 0.6334446527,
        "researchAndDevelopmentExpenses": 0,
        "generalAndAdministrativeExpenses": 429653000,
        "sellingAndMarketingExpenses": 0,
        "sellingGeneralAndAdministrativeExpenses": 429653000,
        "otherExpenses": 110533000,
        "operatingExpenses": 540186000,
        "costAndExpenses": 952887000,
        "interestIncome": 0,
        "interestExpense": 0,
        "depreciationAndAmortization": 111520000,
        "ebitda": 281844000,
        "ebitdaratio": 0.2503299612,
        "operatingIncome": 172843000,
        "operatingIncomeRatio": 0.1535167734,
        "totalOtherIncomeExpensesNet": -82446000,
        "incomeBeforeTax": 90397000,
        "incomeBeforeTaxRatio": 0.0802893711,
        "incomeTaxExpense": 9734000,
        "netIncome": 79881000,
        "netIncomeRatio": 0.0709492046,
        "eps": 0.56,
        "epsdiluted": 0.56,
        "weightedAverageShsOut": 143250000,
        "weightedAverageShsOutDil": 143250000,
        "link": "https://www.sec.gov/Archives/edgar/data/1400891/000140089123000008/0001400891-23-000008-index.htm",
        "finalLink": "https://www.sec.gov/Archives/edgar/data/1400891/000140089123000008/ihrt-20221231.htm"
    },
    {
        "date": "2022-09-30",
        "symbol": "IHRT",
        "reportedCurrency": "USD",
        "cik": "0001400891",
        "fillingDate": "2022-11-03",
        "acceptedDate": "2022-11-03 16:16:26",
        "calendarYear": "2022",
        "period": "Q3",
        "revenue": 988930000,
        "costOfRevenue": 371719000,
        "grossProfit": 617211000,
        "grossProfitRatio": 0.6241200085,
        "researchAndDevelopmentExpenses": 0,
        "generalAndAdministrativeExpenses": 0,
        "sellingAndMarketingExpenses": 0,
        "sellingGeneralAndAdministrativeExpenses": 399892000,
        "otherExpenses": 118756000,
        "operatingExpenses": 518648000,
        "costAndExpenses": 890367000,
        "interestIncome": 0,
        "interestExpense": 87890000,
        "depreciationAndAmortization": 109305000,
        "ebitda": -99169000,
        "ebitdaratio": -0.1002790895,
        "operatingIncome": -211187000,
        "operatingIncomeRatio": -0.2135510097,
        "totalOtherIncomeExpensesNet": -85177000,
        "incomeBeforeTax": -296364000,
        "incomeBeforeTaxRatio": -0.2996814739,
        "incomeTaxExpense": 13412000,
        "netIncome": -309776000,
        "netIncomeRatio": -0.3132436067,
        "eps": -2.09,
        "epsdiluted": -2.09,
        "weightedAverageShsOut": 148299000,
        "weightedAverageShsOutDil": 148299000,
        "link": "https://www.sec.gov/Archives/edgar/data/1400891/000140089122000041/0001400891-22-000041-index.htm",
        "finalLink": "https://www.sec.gov/Archives/edgar/data/1400891/000140089122000041/ihrt-20220930.htm"
    },
    {
        "date": "2022-06-30",
        "symbol": "IHRT",
        "reportedCurrency": "USD",
        "cik": "0001400891",
        "fillingDate": "2022-08-04",
        "acceptedDate": "2022-08-04 16:11:28",
        "calendarYear": "2022",
        "period": "Q2",
        "revenue": 954005000,
        "costOfRevenue": 365382000,
        "grossProfit": 588623000,
        "grossProfitRatio": 0.6170020073,
        "researchAndDevelopmentExpenses": 0,
        "generalAndAdministrativeExpenses": 0,
        "sellingAndMarketingExpenses": 0,
        "sellingGeneralAndAdministrativeExpenses": 379057000,
        "otherExpenses": 126697000,
        "operatingExpenses": 505509000,
        "costAndExpenses": 870891000,
        "interestIncome": 0,
        "interestExpense": 81494000,
        "depreciationAndAmortization": 110788000,
        "ebitda": 209566000,
        "ebitdaratio": 0.2196697082,
        "operatingIncome": 82869000,
        "operatingIncomeRatio": 0.0868643246,
        "totalOtherIncomeExpensesNet": -65905000,
        "incomeBeforeTax": 16964000,
        "incomeBeforeTaxRatio": 0.0177818775,
        "incomeTaxExpense": 1782000,
        "netIncome": 14401000,
        "netIncomeRatio": 0.0150953087,
        "eps": 0.1,
        "epsdiluted": 0.1,
        "weightedAverageShsOut": 148050000,
        "weightedAverageShsOutDil": 149131000,
        "link": "https://www.sec.gov/Archives/edgar/data/1400891/000140089122000033/0001400891-22-000033-index.htm",
        "finalLink": "https://www.sec.gov/Archives/edgar/data/1400891/000140089122000033/ihrt-20220630.htm"
    },
    {
        "date": "2022-03-31",
        "symbol": "IHRT",
        "reportedCurrency": "USD",
        "cik": "0001400891",
        "fillingDate": "2022-05-05",
        "acceptedDate": "2022-05-05 16:09:36",
        "calendarYear": "2022",
        "period": "Q1",
        "revenue": 843458000,
        "costOfRevenue": 330524000,
        "grossProfit": 512934000,
        "grossProfitRatio": 0.6081322366,
        "researchAndDevelopmentExpenses": 0,
        "generalAndAdministrativeExpenses": 0,
        "sellingAndMarketingExpenses": 0,
        "sellingGeneralAndAdministrativeExpenses": 384344000,
        "otherExpenses": 114921000,
        "operatingExpenses": 499265000,
        "costAndExpenses": 829789000,
        "interestIncome": 0,
        "interestExpense": 79219000,
        "depreciationAndAmortization": 114051000,
        "ebitda": 128304000,
        "ebitdaratio": 0.1521166436,
        "operatingIncome": 12335000,
        "operatingIncomeRatio": 0.0146243204,
        "totalOtherIncomeExpensesNet": -81283000,
        "incomeBeforeTax": -68948000,
        "incomeBeforeTaxRatio": -0.0817444378,
        "incomeTaxExpense": -20209000,
        "netIncome": -48739000,
        "netIncomeRatio": -0.0577847385,
        "eps": -0.33,
        "epsdiluted": -0.33,
        "weightedAverageShsOut": 147218000,
        "weightedAverageShsOutDil": 147513000,
        "link": "https://www.sec.gov/Archives/edgar/data/1400891/000140089122000023/0001400891-22-000023-index.htm",
        "finalLink": "https://www.sec.gov/Archives/edgar/data/1400891/000140089122000023/ihrt-20220331.htm"
    },
    {
        "date": "2021-12-31",
        "symbol": "IHRT",
        "reportedCurrency": "USD",
        "cik": "0001400891",
        "fillingDate": "2022-02-23",
        "acceptedDate": "2022-02-23 08:09:13",
        "calendarYear": "2021",
        "period": "Q4",
        "revenue": 1062019000,
        "costOfRevenue": 385563000,
        "grossProfit": 676456000,
        "grossProfitRatio": 0.6369528229,
        "researchAndDevelopmentExpenses": 0,
        "generalAndAdministrativeExpenses": 414299000,
        "sellingAndMarketingExpenses": 0,
        "sellingGeneralAndAdministrativeExpenses": 414299000,
        "otherExpenses": -4125000,
        "operatingExpenses": 414299000,
        "costAndExpenses": 930700000,
        "interestIncome": 0,
        "interestExpense": 79895000,
        "depreciationAndAmortization": 126009000,
        "ebitda": 261398000,
        "ebitdaratio": 0.2461330729,
        "operatingIncome": 122976000,
        "operatingIncomeRatio": 0.1157945385,
        "totalOtherIncomeExpensesNet": -79868000,
        "incomeBeforeTax": 43108000,
        "incomeBeforeTaxRatio": 0.0405906109,
        "incomeTaxExpense": -68846000,
        "netIncome": 111630000,
        "netIncomeRatio": 0.1051111138,
        "eps": 0.78,
        "epsdiluted": 0.78,
        "weightedAverageShsOut": 141834000,
        "weightedAverageShsOutDil": 142224000,
        "link": "https://www.sec.gov/Archives/edgar/data/1400891/000140089122000012/0001400891-22-000012-index.htm",
        "finalLink": "https://www.sec.gov/Archives/edgar/data/1400891/000140089122000012/ihrt-20211231.htm"
    },
    {
        "date": "2021-09-30",
        "symbol": "IHRT",
        "reportedCurrency": "USD",
        "cik": "0001400891",
        "fillingDate": "2021-11-04",
        "acceptedDate": "2021-11-04 16:17:25",
        "calendarYear": "2021",
        "period": "Q3",
        "revenue": 928051000,
        "costOfRevenue": 325766000,
        "grossProfit": 602285000,
        "grossProfitRatio": 0.6489783428,
        "researchAndDevelopmentExpenses": 0,
        "generalAndAdministrativeExpenses": 0,
        "sellingAndMarketingExpenses": 0,
        "sellingGeneralAndAdministrativeExpenses": 390086000,
        "otherExpenses": -9681000,
        "operatingExpenses": 390086000,
        "costAndExpenses": 836293000,
        "interestIncome": 0,
        "interestExpense": 82481000,
        "depreciationAndAmortization": 108100000,
        "ebitda": 167107000,
        "ebitdaratio": 0.1800623026,
        "operatingIncome": 80111000,
        "operatingIncomeRatio": 0.0863217646,
        "totalOtherIncomeExpensesNet": -103585000,
        "incomeBeforeTax": -23474000,
        "incomeBeforeTaxRatio": -0.0252938685,
        "incomeTaxExpense": -27147000,
        "netIncome": 3180000,
        "netIncomeRatio": 0.0034265358,
        "eps": 0.02,
        "epsdiluted": 0.02,
        "weightedAverageShsOut": 147040000,
        "weightedAverageShsOutDil": 150397000,
        "link": "https://www.sec.gov/Archives/edgar/data/1400891/000140089121000051/0001400891-21-000051-index.htm",
        "finalLink": "https://www.sec.gov/Archives/edgar/data/1400891/000140089121000051/ihrt-20210930.htm"
    },
    {
        "date": "2021-06-30",
        "symbol": "IHRT",
        "reportedCurrency": "USD",
        "cik": "0001400891",
        "fillingDate": "2021-08-05",
        "acceptedDate": "2021-08-05 16:14:34",
        "calendarYear": "2021",
        "period": "Q2",
        "revenue": 861605000,
        "costOfRevenue": 320515000,
        "grossProfit": 541090000,
        "grossProfitRatio": 0.6280023909,
        "researchAndDevelopmentExpenses": 0,
        "generalAndAdministrativeExpenses": 0,
        "sellingAndMarketingExpenses": 0,
        "sellingGeneralAndAdministrativeExpenses": 372640000,
        "otherExpenses": -363000,
        "operatingExpenses": 372640000,
        "costAndExpenses": 833479000,
        "interestIncome": 0,
        "interestExpense": 84887000,
        "depreciationAndAmortization": 127945000,
        "ebitda": 168450000,
        "ebitdaratio": 0.195507222,
        "operatingIncome": 28126000,
        "operatingIncomeRatio": 0.0326437289,
        "totalOtherIncomeExpensesNet": -35637000,
        "incomeBeforeTax": -7511000,
        "incomeBeforeTaxRatio": -0.0087174517,
        "incomeTaxExpense": 24449000,
        "netIncome": -32286000,
        "netIncomeRatio": -0.0374719274,
        "eps": -0.22,
        "epsdiluted": -0.22,
        "weightedAverageShsOut": 146509000,
        "weightedAverageShsOutDil": 146509000,
        "link": "https://www.sec.gov/Archives/edgar/data/1400891/000140089121000044/0001400891-21-000044-index.htm",
        "finalLink": "https://www.sec.gov/Archives/edgar/data/1400891/000140089121000044/ihrt-20210630.htm"
    },
    {
        "date": "2021-03-31",
        "symbol": "IHRT",
        "reportedCurrency": "USD",
        "cik": "0001400891",
        "fillingDate": "2021-05-06",
        "acceptedDate": "2021-05-06 16:15:43",
        "calendarYear": "2021",
        "period": "Q1",
        "revenue": 706665000,
        "costOfRevenue": 292813000,
        "grossProfit": 413852000,
        "grossProfitRatio": 0.5856410039,
        "researchAndDevelopmentExpenses": 0,
        "generalAndAdministrativeExpenses": 0,
        "sellingAndMarketingExpenses": 0,
        "sellingGeneralAndAdministrativeExpenses": 342330000,
        "otherExpenses": -807000,
        "operatingExpenses": 342330000,
        "costAndExpenses": 745277000,
        "interestIncome": 0,
        "interestExpense": 85121000,
        "depreciationAndAmortization": 107363000,
        "ebitda": 30363000,
        "ebitdaratio": 0.0429666108,
        "operatingIncome": -76356000,
        "operatingIncomeRatio": -0.1080511982,
        "totalOtherIncomeExpensesNet": -85765000,
        "incomeBeforeTax": -162121000,
        "incomeBeforeTaxRatio": -0.2294170505,
        "incomeTaxExpense": 79935000,
        "netIncome": -241723000,
        "netIncomeRatio": -0.3420616558,
        "eps": -1.65,
        "epsdiluted": -1.65,
        "weightedAverageShsOut": 146214000,
        "weightedAverageShsOutDil": 146214000,
        "link": "https://www.sec.gov/Archives/edgar/data/1400891/000140089121000031/0001400891-21-000031-index.htm",
        "finalLink": "https://www.sec.gov/Archives/edgar/data/1400891/000140089121000031/ihrt-20210331.htm"
    },
    {
        "date": "2020-12-31",
        "symbol": "IHRT",
        "reportedCurrency": "USD",
        "cik": "0001400891",
        "fillingDate": "2021-02-25",
        "acceptedDate": "2021-02-25 16:13:01",
        "calendarYear": "2020",
        "period": "Q4",
        "revenue": 935530000,
        "costOfRevenue": 334931000,
        "grossProfit": 600599000,
        "grossProfitRatio": 0.641987964,
        "researchAndDevelopmentExpenses": 0,
        "generalAndAdministrativeExpenses": 327156000,
        "sellingAndMarketingExpenses": 0,
        "sellingGeneralAndAdministrativeExpenses": 327156000,
        "otherExpenses": 154318000,
        "operatingExpenses": 493801000,
        "costAndExpenses": 817166000,
        "interestIncome": 0,
        "interestExpense": 86131000,
        "depreciationAndAmortization": 103435000,
        "ebitda": 215521000,
        "ebitdaratio": 0.2303731575,
        "operatingIncome": 112847000,
        "operatingIncomeRatio": 0.1206236037,
        "totalOtherIncomeExpensesNet": -84046000,
        "incomeBeforeTax": 28801000,
        "incomeBeforeTaxRatio": 0.0307857578,
        "incomeTaxExpense": 25858000,
        "netIncome": 3466000,
        "netIncomeRatio": 0.0037048518,
        "eps": 0.0237,
        "epsdiluted": 0.0237,
        "weightedAverageShsOut": 146096500,
        "weightedAverageShsOutDil": 146096500,
        "link": "https://www.sec.gov/Archives/edgar/data/1400891/000140089121000015/0001400891-21-000015-index.htm",
        "finalLink": "https://www.sec.gov/Archives/edgar/data/1400891/000140089121000015/cik0001400891-20201231.htm"
    },
    {
        "date": "2020-09-30",
        "symbol": "IHRT",
        "reportedCurrency": "USD",
        "cik": "0001400891",
        "fillingDate": "2020-11-09",
        "acceptedDate": "2020-11-09 16:12:56",
        "calendarYear": "2020",
        "period": "Q3",
        "revenue": 744406000,
        "costOfRevenue": 276719000,
        "grossProfit": 467687000,
        "grossProfitRatio": 0.6282687136,
        "researchAndDevelopmentExpenses": 0,
        "generalAndAdministrativeExpenses": 292581000,
        "sellingAndMarketingExpenses": 40514000,
        "sellingGeneralAndAdministrativeExpenses": 333095000,
        "otherExpenses": 101054000,
        "operatingExpenses": 434149000,
        "costAndExpenses": 705011000,
        "interestIncome": 0,
        "interestExpense": 85562000,
        "depreciationAndAmortization": 99379000,
        "ebitda": 140449000,
        "ebitdaratio": 0.1886725792,
        "operatingIncome": 39395000,
        "operatingIncomeRatio": 0.0529213897,
        "totalOtherIncomeExpensesNet": -86735000,
        "incomeBeforeTax": -47340000,
        "incomeBeforeTaxRatio": -0.0635943289,
        "incomeTaxExpense": -15228000,
        "netIncome": -32112000,
        "netIncomeRatio": -0.0431377501,
        "eps": -0.22,
        "epsdiluted": -0.22,
        "weightedAverageShsOut": 145964000,
        "weightedAverageShsOutDil": 146152000,
        "link": "https://www.sec.gov/Archives/edgar/data/1400891/000140089120000051/0001400891-20-000051-index.htm",
        "finalLink": "https://www.sec.gov/Archives/edgar/data/1400891/000140089120000051/ihrt-20200930.htm"
    },
    {
        "date": "2020-06-30",
        "symbol": "IHRT",
        "reportedCurrency": "USD",
        "cik": "0001400891",
        "fillingDate": "2020-08-06",
        "acceptedDate": "2020-08-06 08:05:38",
        "calendarYear": "2020",
        "period": "Q2",
        "revenue": 487648000,
        "costOfRevenue": 249866000,
        "grossProfit": 237782000,
        "grossProfitRatio": 0.4876099153,
        "researchAndDevelopmentExpenses": 0,
        "generalAndAdministrativeExpenses": 261219000,
        "sellingAndMarketingExpenses": 32143000,
        "sellingGeneralAndAdministrativeExpenses": 293362000,
        "otherExpenses": 109231000,
        "operatingExpenses": 402593000,
        "costAndExpenses": 641357000,
        "interestIncome": 0,
        "interestExpense": 81963000,
        "depreciationAndAmortization": 103347000,
        "ebitda": -55749000,
        "ebitdaratio": -0.114322216,
        "operatingIncome": -159087000,
        "operatingIncomeRatio": -0.3262332666,
        "totalOtherIncomeExpensesNet": -81972000,
        "incomeBeforeTax": -241059000,
        "incomeBeforeTaxRatio": -0.4943299265,
        "incomeTaxExpense": -43742000,
        "netIncome": -197317000,
        "netIncomeRatio": -0.404629979,
        "eps": -1.35,
        "epsdiluted": -1.35,
        "weightedAverageShsOut": 145963000,
        "weightedAverageShsOutDil": 145963000,
        "link": "https://www.sec.gov/Archives/edgar/data/1400891/000140089120000043/0001400891-20-000043-index.htm",
        "finalLink": "https://www.sec.gov/Archives/edgar/data/1400891/000140089120000043/cik0001400891-20200630.htm"
    },
    {
        "date": "2020-03-31",
        "symbol": "IHRT",
        "reportedCurrency": "USD",
        "cik": "0001400891",
        "fillingDate": "2020-05-07",
        "acceptedDate": "2020-05-07 16:04:42",
        "calendarYear": "2020",
        "period": "Q1",
        "revenue": 780634000,
        "costOfRevenue": 301632000,
        "grossProfit": 479002000,
        "grossProfitRatio": 0.6136063764,
        "researchAndDevelopmentExpenses": 0,
        "generalAndAdministrativeExpenses": 344141000,
        "sellingAndMarketingExpenses": 47660000,
        "sellingGeneralAndAdministrativeExpenses": 391801000,
        "otherExpenses": 1825691000,
        "operatingExpenses": 2217492000,
        "costAndExpenses": 783556000,
        "interestIncome": 0,
        "interestExpense": 90089000,
        "depreciationAndAmortization": 96768000,
        "ebitda": -1652390000,
        "ebitdaratio": -2.1167281978,
        "operatingIncome": -1730779000,
        "operatingIncomeRatio": -2.2171452947,
        "totalOtherIncomeExpensesNet": -108468000,
        "incomeBeforeTax": -1839247000,
        "incomeBeforeTaxRatio": -2.3560938929,
        "incomeTaxExpense": -150511000,
        "netIncome": -1688736000,
        "netIncomeRatio": -2.1632877892,
        "eps": -11.6,
        "epsdiluted": -11.6,
        "weightedAverageShsOut": 145581000,
        "weightedAverageShsOutDil": 145614000,
        "link": "https://www.sec.gov/Archives/edgar/data/1400891/000140089120000031/0001400891-20-000031-index.htm",
        "finalLink": "https://www.sec.gov/Archives/edgar/data/1400891/000140089120000031/ihmedia10-q2020q1.htm"
    },
    {
        "date": "2019-12-31",
        "symbol": "IHRT",
        "reportedCurrency": "USD",
        "cik": "0001400891",
        "fillingDate": "2020-02-27",
        "acceptedDate": "2020-02-27 16:47:52",
        "calendarYear": "2019",
        "period": "Q4",
        "revenue": 1026072000,
        "costOfRevenue": 332147000,
        "grossProfit": 693925000,
        "grossProfitRatio": 0.6762926968,
        "researchAndDevelopmentExpenses": 0,
        "generalAndAdministrativeExpenses": 368313000,
        "sellingAndMarketingExpenses": 211542000,
        "sellingGeneralAndAdministrativeExpenses": 579855000,
        "otherExpenses": 96338000,
        "operatingExpenses": 497502000,
        "costAndExpenses": 860946000,
        "interestIncome": 0,
        "interestExpense": 139078000,
        "depreciationAndAmortization": 94972000,
        "ebitda": 259882000,
        "ebitdaratio": 0.2532785224,
        "operatingIncome": 165126000,
        "operatingIncomeRatio": 0.1609302271,
        "totalOtherIncomeExpensesNet": -115664000,
        "incomeBeforeTax": 49462000,
        "incomeBeforeTaxRatio": 0.0482051942,
        "incomeTaxExpense": -12670000,
        "netIncome": 61381000,
        "netIncomeRatio": 0.0598213381,
        "eps": 0.95,
        "epsdiluted": 0.95,
        "weightedAverageShsOut": 64681000,
        "weightedAverageShsOutDil": 64681000,
        "link": "https://www.sec.gov/Archives/edgar/data/1400891/000140089120000009/0001400891-20-000009-index.htm",
        "finalLink": "https://www.sec.gov/Archives/edgar/data/1400891/000140089120000009/ihmedia10-k2019q4.htm"
    },
    {
        "date": "2019-09-30",
        "symbol": "IHRT",
        "reportedCurrency": "USD",
        "cik": "0001400891",
        "fillingDate": "2019-11-07",
        "acceptedDate": "2019-11-07 07:10:47",
        "calendarYear": "2019",
        "period": "Q3",
        "revenue": 948338000,
        "costOfRevenue": 290971000,
        "grossProfit": 657367000,
        "grossProfitRatio": 0.6931779598,
        "researchAndDevelopmentExpenses": 0,
        "generalAndAdministrativeExpenses": 341353000,
        "sellingAndMarketingExpenses": 0,
        "sellingGeneralAndAdministrativeExpenses": 341353000,
        "otherExpenses": 105148000,
        "operatingExpenses": 490776000,
        "costAndExpenses": 807516000,
        "interestIncome": 0,
        "interestExpense": 100967000,
        "depreciationAndAmortization": 95268000,
        "ebitda": 236090000,
        "ebitdaratio": 0.2489513233,
        "operatingIncome": 140822000,
        "operatingIncomeRatio": 0.1484934696,
        "totalOtherIncomeExpensesNet": -111690000,
        "incomeBeforeTax": 29132000,
        "incomeBeforeTaxRatio": 0.0307190052,
        "incomeTaxExpense": 16758000,
        "netIncome": 12374000,
        "netIncomeRatio": 0.0130480904,
        "eps": 0.16,
        "epsdiluted": 0.14,
        "weightedAverageShsOut": 75101000,
        "weightedAverageShsOutDil": 85807000,
        "link": "https://www.sec.gov/Archives/edgar/data/1400891/000140089119000025/0001400891-19-000025-index.htm",
        "finalLink": "https://www.sec.gov/Archives/edgar/data/1400891/000140089119000025/ihmedia10-q2019q3.htm"
    },
    {
        "date": "2019-06-30",
        "symbol": "IHRT",
        "reportedCurrency": "USD",
        "cik": "0001400891",
        "fillingDate": "2019-08-14",
        "acceptedDate": "2019-08-14 17:14:18",
        "calendarYear": "2019",
        "period": "Q2",
        "revenue": 891764000,
        "costOfRevenue": 297082000,
        "grossProfit": 594682000,
        "grossProfitRatio": 0.6668602904,
        "researchAndDevelopmentExpenses": 0,
        "generalAndAdministrativeExpenses": 41324000,
        "sellingAndMarketingExpenses": 286876000,
        "sellingGeneralAndAdministrativeExpenses": 328200000,
        "otherExpenses": 0,
        "operatingExpenses": 328200000,
        "costAndExpenses": 328200000,
        "interestIncome": 0,
        "interestExpense": 10613000,
        "depreciationAndAmortization": 73927000,
        "ebitda": 255506000,
        "ebitdaratio": 0.2865175091,
        "operatingIncome": 181239000,
        "operatingIncomeRatio": 0.2032365065,
        "totalOtherIncomeExpensesNet": -72608000,
        "incomeBeforeTax": 108971000,
        "incomeBeforeTaxRatio": 0.1221971284,
        "incomeTaxExpense": -142032000,
        "netIncome": 251003000,
        "netIncomeRatio": 0.2814679669,
        "eps": 3.34,
        "epsdiluted": 2.93,
        "weightedAverageShsOut": 75101000,
        "weightedAverageShsOutDil": 85807000,
        "link": "https://www.sec.gov/Archives/edgar/data/1400891/000140089119000011/0001400891-19-000011-index.htm",
        "finalLink": "https://www.sec.gov/Archives/edgar/data/1400891/000140089119000011/ihmedia10-q2019q2.htm"
    },
    {
        "date": "2019-03-31",
        "symbol": "IHRT",
        "reportedCurrency": "USD",
        "cik": "0001400891",
        "fillingDate": "2019-04-25",
        "acceptedDate": "2019-04-25 07:00:44",
        "calendarYear": "2019",
        "period": "Q1",
        "revenue": 795797000,
        "costOfRevenue": 267115000,
        "grossProfit": 528682000,
        "grossProfitRatio": 0.6643427909,
        "researchAndDevelopmentExpenses": 0,
        "generalAndAdministrativeExpenses": 324934000,
        "sellingAndMarketingExpenses": 0,
        "sellingGeneralAndAdministrativeExpenses": 324934000,
        "otherExpenses": 129699000,
        "operatingExpenses": 493774000,
        "costAndExpenses": 685266000,
        "interestIncome": 99000,
        "interestExpense": 114764000,
        "depreciationAndAmortization": 38290000,
        "ebitda": 148968000,
        "ebitdaratio": 0.1871934677,
        "operatingIncome": 19149000,
        "operatingIncomeRatio": 0.0240626692,
        "totalOtherIncomeExpensesNet": -46390000,
        "incomeBeforeTax": -27241000,
        "incomeBeforeTaxRatio": -0.0342310916,
        "incomeTaxExpense": -61194000,
        "netIncome": -114383000,
        "netIncomeRatio": -0.1437338919,
        "eps": -1.34,
        "epsdiluted": -1.34,
        "weightedAverageShsOut": 85649000,
        "weightedAverageShsOutDil": 107061000,
        "link": "https://www.sec.gov/Archives/edgar/data/1400891/000140089119000009/0001400891-19-000009-index.htm",
        "finalLink": "https://www.sec.gov/Archives/edgar/data/1400891/000140089119000009/ihmedia10-q2019q1.htm"
    },
    {
        "date": "2018-12-31",
        "symbol": "IHRT",
        "reportedCurrency": "USD",
        "cik": "0001400891",
        "fillingDate": "2019-03-05",
        "acceptedDate": "2019-03-05 16:13:30",
        "calendarYear": "2018",
        "period": "Q4",
        "revenue": 1772525000,
        "costOfRevenue": 663688000,
        "grossProfit": 1108837000,
        "grossProfitRatio": 0.6255691739,
        "researchAndDevelopmentExpenses": 0,
        "generalAndAdministrativeExpenses": 514269000,
        "sellingAndMarketingExpenses": 0,
        "sellingGeneralAndAdministrativeExpenses": 514269000,
        "otherExpenses": 38759000,
        "operatingExpenses": 608934000,
        "costAndExpenses": 1385303000,
        "interestIncome": 0,
        "interestExpense": 97679000,
        "depreciationAndAmortization": 111125000,
        "ebitda": 432875000,
        "ebitdaratio": 0.2442137629,
        "operatingIncome": 387222000,
        "operatingIncomeRatio": 0.2184578497,
        "totalOtherIncomeExpensesNet": -163151000,
        "incomeBeforeTax": 224071000,
        "incomeBeforeTaxRatio": 0.1264134497,
        "incomeTaxExpense": -837000,
        "netIncome": 214905000,
        "netIncomeRatio": 0.1212422956,
        "eps": 2.36,
        "epsdiluted": 2.36,
        "weightedAverageShsOut": 90958000,
        "weightedAverageShsOutDil": 90958000,
        "link": "https://www.sec.gov/Archives/edgar/data/1400891/000140089119000006/0001400891-19-000006-index.htm",
        "finalLink": "https://www.sec.gov/Archives/edgar/data/1400891/000140089119000006/ihmedia10-k2018.htm"
    },
    {
        "date": "2018-09-30",
        "symbol": "IHRT",
        "reportedCurrency": "USD",
        "cik": "0001400891",
        "fillingDate": "2018-11-08",
        "acceptedDate": "2018-11-08 07:04:47",
        "calendarYear": "2018",
        "period": "Q3",
        "revenue": 1582765000,
        "costOfRevenue": 630264000,
        "grossProfit": 952501000,
        "grossProfitRatio": 0.6017955919,
        "researchAndDevelopmentExpenses": 0,
        "generalAndAdministrativeExpenses": 457757000,
        "sellingAndMarketingExpenses": 0,
        "sellingGeneralAndAdministrativeExpenses": 457757000,
        "otherExpenses": 0,
        "operatingExpenses": 465042000,
        "costAndExpenses": 1294551000,
        "interestIncome": 97158000,
        "interestExpense": 99255000,
        "depreciationAndAmortization": 120700000,
        "ebitda": 309507000,
        "ebitdaratio": 0.1955482968,
        "operatingIncome": 186844000,
        "operatingIncomeRatio": 0.1180491103,
        "totalOtherIncomeExpensesNet": -97292000,
        "incomeBeforeTax": 89552000,
        "incomeBeforeTaxRatio": 0.0565794669,
        "incomeTaxExpense": 10873000,
        "netIncome": 70078000,
        "netIncomeRatio": 0.0442756821,
        "eps": 0.82,
        "epsdiluted": 0.82,
        "weightedAverageShsOut": 85544000,
        "weightedAverageShsOutDil": 85622000,
        "link": "https://www.sec.gov/Archives/edgar/data/1400891/000140089118000035/0001400891-18-000035-index.htm",
        "finalLink": "https://www.sec.gov/Archives/edgar/data/1400891/000140089118000035/ihmedia10-q2018q3.htm"
    },
    {
        "date": "2018-06-30",
        "symbol": "IHRT",
        "reportedCurrency": "USD",
        "cik": "0001400891",
        "fillingDate": "2018-07-31",
        "acceptedDate": "2018-07-31 06:51:43",
        "calendarYear": "2018",
        "period": "Q2",
        "revenue": 1600842000,
        "costOfRevenue": 636641000,
        "grossProfit": 964201000,
        "grossProfitRatio": 0.6023086601,
        "researchAndDevelopmentExpenses": 0,
        "generalAndAdministrativeExpenses": 451490000,
        "sellingAndMarketingExpenses": 0,
        "sellingGeneralAndAdministrativeExpenses": 451490000,
        "otherExpenses": 0,
        "operatingExpenses": 446773000,
        "costAndExpenses": 1315690000,
        "interestIncome": 96987000,
        "interestExpense": 107600000,
        "depreciationAndAmortization": 147644000,
        "ebitda": 328883000,
        "ebitdaratio": 0.2054437602,
        "operatingIncome": 181239000,
        "operatingIncomeRatio": 0.1132147957,
        "totalOtherIncomeExpensesNet": -100744000,
        "incomeBeforeTax": 80495000,
        "incomeBeforeTaxRatio": 0.0502829136,
        "incomeTaxExpense": 142032000,
        "netIncome": -69899000,
        "netIncomeRatio": -0.0436638969,
        "eps": -0.82,
        "epsdiluted": -0.82,
        "weightedAverageShsOut": 85280000,
        "weightedAverageShsOutDil": 85280000,
        "link": "https://www.sec.gov/Archives/edgar/data/1400891/000140089118000026/0001400891-18-000026-index.htm",
        "finalLink": "https://www.sec.gov/Archives/edgar/data/1400891/000140089118000026/ihmedia10-q2018q2.htm"
    },
    {
        "date": "2018-03-31",
        "symbol": "IHRT",
        "reportedCurrency": "USD",
        "cik": "0001400891",
        "fillingDate": "2018-05-22",
        "acceptedDate": "2018-05-22 06:23:46",
        "calendarYear": "2018",
        "period": "Q1",
        "revenue": 1369961000,
        "costOfRevenue": 601268000,
        "grossProfit": 768693000,
        "grossProfitRatio": 0.5611057541,
        "researchAndDevelopmentExpenses": 0,
        "generalAndAdministrativeExpenses": 472987000,
        "sellingAndMarketingExpenses": 0,
        "sellingGeneralAndAdministrativeExpenses": 472987000,
        "otherExpenses": 233454000,
        "operatingExpenses": 601268000,
        "costAndExpenses": 1307709000,
        "interestIncome": 0,
        "interestExpense": 418397000,
        "depreciationAndAmortization": 151434000,
        "ebitda": 20915000,
        "ebitdaratio": 0.015266858,
        "operatingIncome": 60852000,
        "operatingIncomeRatio": 0.0444187827,
        "totalOtherIncomeExpensesNet": -609768000,
        "incomeBeforeTax": -548916000,
        "incomeBeforeTaxRatio": -0.4006800194,
        "incomeTaxExpense": -117366000,
        "netIncome": -415653000,
        "netIncomeRatio": -0.3034049874,
        "eps": -4.88,
        "epsdiluted": -4.88,
        "weightedAverageShsOut": 85215000,
        "weightedAverageShsOutDil": 85215000,
        "link": "https://www.sec.gov/Archives/edgar/data/1400891/000140089118000009/0001400891-18-000009-index.htm",
        "finalLink": "https://www.sec.gov/Archives/edgar/data/1400891/000140089118000009/ihmedia10-q2018q1.htm"
    },
    {
        "date": "2017-12-31",
        "symbol": "IHRT",
        "reportedCurrency": "USD",
        "cik": "0001400891",
        "fillingDate": "2018-05-03",
        "acceptedDate": "2018-05-03 16:58:36",
        "calendarYear": "2017",
        "period": "Q4",
        "revenue": 1713888000,
        "costOfRevenue": 654188000,
        "grossProfit": 1059700000,
        "grossProfitRatio": 0.6183017793,
        "researchAndDevelopmentExpenses": 0,
        "generalAndAdministrativeExpenses": 515083000,
        "sellingAndMarketingExpenses": 0,
        "sellingGeneralAndAdministrativeExpenses": 515083000,
        "otherExpenses": 227705000,
        "operatingExpenses": 732836000,
        "costAndExpenses": 1394408000,
        "interestIncome": 0,
        "interestExpense": 476837000,
        "depreciationAndAmortization": 157645000,
        "ebitda": 468919000,
        "ebitdaratio": 0.2735995584,
        "operatingIncome": 316912000,
        "operatingIncomeRatio": 0.184908232,
        "totalOtherIncomeExpensesNet": -482698000,
        "incomeBeforeTax": -165786000,
        "incomeBeforeTaxRatio": -0.0967309416,
        "incomeTaxExpense": -507549000,
        "netIncome": 416538000,
        "netIncomeRatio": 0.2430368846,
        "eps": 4.89,
        "epsdiluted": 4.89,
        "weightedAverageShsOut": 85168000,
        "weightedAverageShsOutDil": 85215000,
        "link": "https://www.sec.gov/Archives/edgar/data/1400891/000140089118000005/0001400891-18-000005-index.htm",
        "finalLink": "https://www.sec.gov/Archives/edgar/data/1400891/000140089118000005/ihmedia10-k2017.htm"
    },
    {
        "date": "2017-09-30",
        "symbol": "IHRT",
        "reportedCurrency": "USD",
        "cik": "0001400891",
        "fillingDate": "2017-11-08",
        "acceptedDate": "2017-11-08 06:54:12",
        "calendarYear": "2017",
        "period": "Q3",
        "revenue": 1537416000,
        "costOfRevenue": 621895000,
        "grossProfit": 915521000,
        "grossProfitRatio": 0.5954933473,
        "researchAndDevelopmentExpenses": 0,
        "generalAndAdministrativeExpenses": 77967000,
        "sellingAndMarketingExpenses": 438796000,
        "sellingGeneralAndAdministrativeExpenses": 516763000,
        "otherExpenses": 170595000,
        "operatingExpenses": 687358000,
        "costAndExpenses": 1301480000,
        "interestIncome": 0,
        "interestExpense": 470250000,
        "depreciationAndAmortization": 149749000,
        "ebitda": 373219000,
        "ebitdaratio": 0.2427573279,
        "operatingIncome": 228305000,
        "operatingIncomeRatio": 0.14849917,
        "totalOtherIncomeExpensesNet": -469791000,
        "incomeBeforeTax": -244133000,
        "incomeBeforeTaxRatio": -0.1587943667,
        "incomeTaxExpense": 2051000,
        "netIncome": -248177000,
        "netIncomeRatio": -0.1614247543,
        "eps": -2.92,
        "epsdiluted": -2.92,
        "weightedAverageShsOut": 85072000,
        "weightedAverageShsOutDil": 85072000,
        "link": "https://www.sec.gov/Archives/edgar/data/1400891/000140089117000040/0001400891-17-000040-index.htm",
        "finalLink": "https://www.sec.gov/Archives/edgar/data/1400891/000140089117000040/ihmedia10-q2017q3.htm"
    },
    {
        "date": "2017-06-30",
        "symbol": "IHRT",
        "reportedCurrency": "USD",
        "cik": "0001400891",
        "fillingDate": "2017-08-03",
        "acceptedDate": "2017-08-03 07:15:23",
        "calendarYear": "2017",
        "period": "Q2",
        "revenue": 1590368000,
        "costOfRevenue": 614377000,
        "grossProfit": 975991000,
        "grossProfitRatio": 0.6136887815,
        "researchAndDevelopmentExpenses": 0,
        "generalAndAdministrativeExpenses": 447290000,
        "sellingAndMarketingExpenses": 0,
        "sellingGeneralAndAdministrativeExpenses": 447290000,
        "otherExpenses": 218037000,
        "operatingExpenses": 665327000,
        "costAndExpenses": 1279704000,
        "interestIncome": 0,
        "interestExpense": 463160000,
        "depreciationAndAmortization": 147795000,
        "ebitda": 448698000,
        "ebitdaratio": 0.2821347009,
        "operatingIncome": 310664000,
        "operatingIncomeRatio": 0.1953409525,
        "totalOtherIncomeExpensesNet": -461273000,
        "incomeBeforeTax": -150609000,
        "incomeBeforeTaxRatio": -0.0947007234,
        "incomeTaxExpense": 17408000,
        "netIncome": -174037000,
        "netIncomeRatio": -0.1094319051,
        "eps": -2.05,
        "epsdiluted": -2.05,
        "weightedAverageShsOut": 84869000,
        "weightedAverageShsOutDil": 84869000,
        "link": "https://www.sec.gov/Archives/edgar/data/1400891/000140089117000027/0001400891-17-000027-index.htm",
        "finalLink": "https://www.sec.gov/Archives/edgar/data/1400891/000140089117000027/ihmedia10-qq22017.htm"
    },
    {
        "date": "2017-03-31",
        "symbol": "IHRT",
        "reportedCurrency": "USD",
        "cik": "0001400891",
        "fillingDate": "2017-05-04",
        "acceptedDate": "2017-05-04 07:17:20",
        "calendarYear": "2017",
        "period": "Q1",
        "revenue": 1329322000,
        "costOfRevenue": 571262000,
        "grossProfit": 758060000,
        "grossProfitRatio": 0.5702606291,
        "researchAndDevelopmentExpenses": 0,
        "generalAndAdministrativeExpenses": 450619000,
        "sellingAndMarketingExpenses": 0,
        "sellingGeneralAndAdministrativeExpenses": 450619000,
        "otherExpenses": 193384000,
        "operatingExpenses": 644003000,
        "costAndExpenses": 1215265000,
        "interestIncome": 0,
        "interestExpense": 455337000,
        "depreciationAndAmortization": 146106000,
        "ebitda": 244547000,
        "ebitdaratio": 0.1839637048,
        "operatingIncome": 114057000,
        "operatingIncomeRatio": 0.085800882,
        "totalOtherIncomeExpensesNet": -470953000,
        "incomeBeforeTax": -356896000,
        "incomeBeforeTaxRatio": -0.2684797212,
        "incomeTaxExpense": 30684000,
        "netIncome": -388215000,
        "netIncomeRatio": -0.2920398519,
        "eps": -4.58,
        "epsdiluted": -4.58,
        "weightedAverageShsOut": 84754000,
        "weightedAverageShsOutDil": 84754000,
        "link": "https://www.sec.gov/Archives/edgar/data/1400891/000140089117000008/0001400891-17-000008-index.htm",
        "finalLink": "https://www.sec.gov/Archives/edgar/data/1400891/000140089117000008/ihm10-qq12017.htm"
    },
    {
        "date": "2016-12-31",
        "symbol": "IHRT",
        "reportedCurrency": "USD",
        "cik": "0001400891",
        "fillingDate": "2017-02-23",
        "acceptedDate": "2017-02-23 07:53:17",
        "calendarYear": "2016",
        "period": "Q4",
        "revenue": 1721118000,
        "costOfRevenue": 631094000,
        "grossProfit": 1090024000,
        "grossProfitRatio": 0.6333232236,
        "researchAndDevelopmentExpenses": 0,
        "generalAndAdministrativeExpenses": 444050000,
        "sellingAndMarketingExpenses": 0,
        "sellingGeneralAndAdministrativeExpenses": 444050000,
        "otherExpenses": 114103000,
        "operatingExpenses": 558153000,
        "costAndExpenses": 1189247000,
        "interestIncome": 0,
        "interestExpense": 460189000,
        "depreciationAndAmortization": 159174000,
        "ebitda": 574938000,
        "ebitdaratio": 0.3340491471,
        "operatingIncome": 531871000,
        "operatingIncomeRatio": 0.3090264584,
        "totalOtherIncomeExpensesNet": -501184000,
        "incomeBeforeTax": 30687000,
        "incomeBeforeTaxRatio": 0.0178296898,
        "incomeTaxExpense": -92717000,
        "netIncome": 106042000,
        "netIncomeRatio": 0.0616122776,
        "eps": 1.25,
        "epsdiluted": 1.25,
        "weightedAverageShsOut": 84746000,
        "weightedAverageShsOutDil": 84754000,
        "link": "https://www.sec.gov/Archives/edgar/data/1400891/000140089117000005/0001400891-17-000005-index.htm",
        "finalLink": "https://www.sec.gov/Archives/edgar/data/1400891/000140089117000005/ihm201610-k.htm"
    },
    {
        "date": "2016-09-30",
        "symbol": "IHRT",
        "reportedCurrency": "USD",
        "cik": "0001400891",
        "fillingDate": "2016-11-09",
        "acceptedDate": "2016-11-09 07:28:37",
        "calendarYear": "2016",
        "period": "Q3",
        "revenue": 1570418000,
        "costOfRevenue": 595576000,
        "grossProfit": 974842000,
        "grossProfitRatio": 0.6207532007,
        "researchAndDevelopmentExpenses": 0,
        "generalAndAdministrativeExpenses": 421700000,
        "sellingAndMarketingExpenses": 0,
        "sellingGeneralAndAdministrativeExpenses": 421700000,
        "otherExpenses": 172958000,
        "operatingExpenses": 675490000,
        "costAndExpenses": 1263013000,
        "interestIncome": 0,
        "interestExpense": 459852000,
        "depreciationAndAmortization": 158453000,
        "ebitda": 595388000,
        "ebitdaratio": 0.3791270859,
        "operatingIncome": 299405000,
        "operatingIncomeRatio": 0.1906530618,
        "totalOtherIncomeExpensesNet": -322269000,
        "incomeBeforeTax": -22864000,
        "incomeBeforeTaxRatio": -0.0145591811,
        "incomeTaxExpense": 5613000,
        "netIncome": -34951000,
        "netIncomeRatio": -0.022255858,
        "eps": -0.41,
        "epsdiluted": -0.41,
        "weightedAverageShsOut": 84650000,
        "weightedAverageShsOutDil": 84650000,
        "link": "https://www.sec.gov/Archives/edgar/data/1400891/000140089116000086/0001400891-16-000086-index.htm",
        "finalLink": "https://www.sec.gov/Archives/edgar/data/1400891/000140089116000086/ihm10-qq32016.htm"
    },
    {
        "date": "2016-06-30",
        "symbol": "IHRT",
        "reportedCurrency": "USD",
        "cik": "0001400891",
        "fillingDate": "2016-08-04",
        "acceptedDate": "2016-08-04 07:20:02",
        "calendarYear": "2016",
        "period": "Q2",
        "revenue": 1618532000,
        "costOfRevenue": 617246000,
        "grossProfit": 1001286000,
        "grossProfitRatio": 0.6186383711,
        "researchAndDevelopmentExpenses": 0,
        "generalAndAdministrativeExpenses": 434581000,
        "sellingAndMarketingExpenses": 0,
        "sellingGeneralAndAdministrativeExpenses": 434581000,
        "otherExpenses": 313991000,
        "operatingExpenses": 748565000,
        "costAndExpenses": 1365811000,
        "interestIncome": 0,
        "interestExpense": 465991000,
        "depreciationAndAmortization": 162144000,
        "ebitda": 379229000,
        "ebitdaratio": 0.2343042955,
        "operatingIncome": 252721000,
        "operatingIncomeRatio": 0.156142109,
        "totalOtherIncomeExpensesNet": -501620000,
        "incomeBeforeTax": -248899000,
        "incomeBeforeTaxRatio": -0.1537807099,
        "incomeTaxExpense": 27137000,
        "netIncome": -278894000,
        "netIncomeRatio": -0.1723129354,
        "eps": -3.3,
        "epsdiluted": -3.3,
        "weightedAverageShsOut": 84469000,
        "weightedAverageShsOutDil": 84469000,
        "link": "https://www.sec.gov/Archives/edgar/data/1400891/000140089116000077/0001400891-16-000077-index.htm",
        "finalLink": "https://www.sec.gov/Archives/edgar/data/1400891/000140089116000077/ihm2016q2-10qdoc.htm"
    },
    {
        "date": "2016-03-31",
        "symbol": "IHRT",
        "reportedCurrency": "USD",
        "cik": "0001400891",
        "fillingDate": "2016-05-04",
        "acceptedDate": "2016-05-04 07:18:59",
        "calendarYear": "2016",
        "period": "Q1",
        "revenue": 1363505000,
        "costOfRevenue": 568371000,
        "grossProfit": 795134000,
        "grossProfitRatio": 0.5831544439,
        "researchAndDevelopmentExpenses": 0,
        "generalAndAdministrativeExpenses": 425568000,
        "sellingAndMarketingExpenses": 0,
        "sellingGeneralAndAdministrativeExpenses": 425568000,
        "otherExpenses": -51148000,
        "operatingExpenses": 374440000,
        "costAndExpenses": 942811000,
        "interestIncome": 0,
        "interestExpense": 463950000,
        "depreciationAndAmortization": 155456000,
        "ebitda": 570025000,
        "ebitdaratio": 0.4180586063,
        "operatingIncome": 420694000,
        "operatingIncomeRatio": 0.3085386559,
        "totalOtherIncomeExpensesNet": -470095000,
        "incomeBeforeTax": -49401000,
        "incomeBeforeTaxRatio": -0.0362308902,
        "incomeTaxExpense": 9493000,
        "netIncome": -88515000,
        "netIncomeRatio": -0.0649172537,
        "eps": -1.05,
        "epsdiluted": -1.05,
        "weightedAverageShsOut": 84409000,
        "weightedAverageShsOutDil": 84409000,
        "link": "https://www.sec.gov/Archives/edgar/data/1400891/000140089116000058/0001400891-16-000058-index.htm",
        "finalLink": "https://www.sec.gov/Archives/edgar/data/1400891/000140089116000058/10-Q.htm"
    },
    {
        "date": "2015-12-31",
        "symbol": "IHRT",
        "reportedCurrency": "USD",
        "cik": "0001400891",
        "fillingDate": "2016-02-25",
        "acceptedDate": "2016-02-25 07:35:17",
        "calendarYear": "2015",
        "period": "Q4",
        "revenue": 1717579000,
        "costOfRevenue": 651719000,
        "grossProfit": 1065860000,
        "grossProfitRatio": 0.6205595201,
        "researchAndDevelopmentExpenses": 0,
        "generalAndAdministrativeExpenses": 432237000,
        "sellingAndMarketingExpenses": 0,
        "sellingGeneralAndAdministrativeExpenses": 432237000,
        "otherExpenses": 256659000,
        "operatingExpenses": 688896000,
        "costAndExpenses": 1340615000,
        "interestIncome": 0,
        "interestExpense": 456847000,
        "depreciationAndAmortization": 168824000,
        "ebitda": 541032000,
        "ebitdaratio": 0.3149968648,
        "operatingIncome": 376964000,
        "operatingIncomeRatio": 0.2194740387,
        "totalOtherIncomeExpensesNet": -461603000,
        "incomeBeforeTax": -84639000,
        "incomeBeforeTaxRatio": -0.0492780827,
        "incomeTaxExpense": 5434000,
        "netIncome": -93272000,
        "netIncomeRatio": -0.0543043435,
        "eps": -1.11,
        "epsdiluted": -1.11,
        "weightedAverageShsOut": 84404000,
        "weightedAverageShsOutDil": 84409000,
        "link": "https://www.sec.gov/Archives/edgar/data/1400891/000140089116000051/0001400891-16-000051-index.htm",
        "finalLink": "https://www.sec.gov/Archives/edgar/data/1400891/000140089116000051/10-K.htm"
    },
    {
        "date": "2015-09-30",
        "symbol": "IHRT",
        "reportedCurrency": "USD",
        "cik": "0001400891",
        "fillingDate": "2015-11-05",
        "acceptedDate": "2015-11-05 07:17:49",
        "calendarYear": "2015",
        "period": "Q3",
        "revenue": 1579514000,
        "costOfRevenue": 627842000,
        "grossProfit": 951672000,
        "grossProfitRatio": 0.6025093795,
        "researchAndDevelopmentExpenses": 0,
        "generalAndAdministrativeExpenses": 428967000,
        "sellingAndMarketingExpenses": 0,
        "sellingGeneralAndAdministrativeExpenses": 428967000,
        "otherExpenses": 198037000,
        "operatingExpenses": 662915000,
        "costAndExpenses": 1290757000,
        "interestIncome": 0,
        "interestExpense": 453921000,
        "depreciationAndAmortization": 166320000,
        "ebitda": 409613000,
        "ebitdaratio": 0.2593285023,
        "operatingIncome": 267126000,
        "operatingIncomeRatio": 0.1691191088,
        "totalOtherIncomeExpensesNet": -477754000,
        "incomeBeforeTax": -210628000,
        "incomeBeforeTaxRatio": -0.1333498785,
        "incomeTaxExpense": 2841000,
        "netIncome": -221917000,
        "netIncomeRatio": -0.1404970136,
        "eps": -2.63,
        "epsdiluted": -2.63,
        "weightedAverageShsOut": 84350000,
        "weightedAverageShsOutDil": 84350000,
        "link": "https://www.sec.gov/Archives/edgar/data/1400891/000140089115000037/0001400891-15-000037-index.htm",
        "finalLink": "https://www.sec.gov/Archives/edgar/data/1400891/000140089115000037/10-Q.htm"
    },
    {
        "date": "2015-06-30",
        "symbol": "IHRT",
        "reportedCurrency": "USD",
        "cik": "0001400891",
        "fillingDate": "2015-07-30",
        "acceptedDate": "2015-07-30 07:29:47",
        "calendarYear": "2015",
        "period": "Q2",
        "revenue": 1599859000,
        "costOfRevenue": 615265000,
        "grossProfit": 984594000,
        "grossProfitRatio": 0.6154254844,
        "researchAndDevelopmentExpenses": 0,
        "generalAndAdministrativeExpenses": 424163000,
        "sellingAndMarketingExpenses": 0,
        "sellingGeneralAndAdministrativeExpenses": 424163000,
        "otherExpenses": 147935000,
        "operatingExpenses": 572395000,
        "costAndExpenses": 1187660000,
        "interestIncome": 0,
        "interestExpense": 452957000,
        "depreciationAndAmortization": 168394000,
        "ebitda": 596114000,
        "ebitdaratio": 0.3726040857,
        "operatingIncome": 412199000,
        "operatingIncomeRatio": 0.2576470801,
        "totalOtherIncomeExpensesNet": -437436000,
        "incomeBeforeTax": -25237000,
        "incomeBeforeTaxRatio": -0.0157745151,
        "incomeTaxExpense": 22077000,
        "netIncome": -54466000,
        "netIncomeRatio": -0.0340442501,
        "eps": -0.65,
        "epsdiluted": -0.65,
        "weightedAverageShsOut": 84238000,
        "weightedAverageShsOutDil": 84238000,
        "link": "https://www.sec.gov/Archives/edgar/data/1400891/000145773715000005/0001457737-15-000005-index.htm",
        "finalLink": "https://www.sec.gov/Archives/edgar/data/1400891/000145773715000005/10-Q.htm"
    },
    {
        "date": "2015-03-31",
        "symbol": "IHRT",
        "reportedCurrency": "USD",
        "cik": "0001400891",
        "fillingDate": "2015-04-30",
        "acceptedDate": "2015-04-30 07:24:12",
        "calendarYear": "2015",
        "period": "Q1",
        "revenue": 1344564000,
        "costOfRevenue": 578519000,
        "grossProfit": 766045000,
        "grossProfitRatio": 0.5697348732,
        "researchAndDevelopmentExpenses": 0,
        "generalAndAdministrativeExpenses": 416188000,
        "sellingAndMarketingExpenses": 0,
        "sellingGeneralAndAdministrativeExpenses": 416188000,
        "otherExpenses": 256849000,
        "operatingExpenses": 672903000,
        "costAndExpenses": 1251422000,
        "interestIncome": 0,
        "interestExpense": 441771000,
        "depreciationAndAmortization": 170453000,
        "ebitda": 282195000,
        "ebitdaratio": 0.2098784439,
        "operatingIncome": 93142000,
        "operatingIncomeRatio": 0.0692730134,
        "totalOtherIncomeExpensesNet": -423171000,
        "incomeBeforeTax": -330029000,
        "incomeBeforeTaxRatio": -0.2454542885,
        "incomeTaxExpense": 56605000,
        "netIncome": -384966000,
        "netIncomeRatio": -0.2863128866,
        "eps": -4.58,
        "epsdiluted": -4.58,
        "weightedAverageShsOut": 84118000,
        "weightedAverageShsOutDil": 84118000,
        "link": "https://www.sec.gov/Archives/edgar/data/1400891/000140089115000019/0001400891-15-000019-index.htm",
        "finalLink": "https://www.sec.gov/Archives/edgar/data/1400891/000140089115000019/10-Q.htm"
    },
    {
        "date": "2014-12-31",
        "symbol": "IHRT",
        "reportedCurrency": "USD",
        "cik": "0001400891",
        "fillingDate": "2015-02-19",
        "acceptedDate": "2015-02-19 07:05:19",
        "calendarYear": "2014",
        "period": "Q4",
        "revenue": 1715797000,
        "costOfRevenue": 648667000,
        "grossProfit": 1067130000,
        "grossProfitRatio": 0.6219442044,
        "researchAndDevelopmentExpenses": 0,
        "generalAndAdministrativeExpenses": 421116000,
        "sellingAndMarketingExpenses": 0,
        "sellingGeneralAndAdministrativeExpenses": 421116000,
        "otherExpenses": 298244000,
        "operatingExpenses": 719360000,
        "costAndExpenses": 1348788000,
        "interestIncome": 0,
        "interestExpense": 437261000,
        "depreciationAndAmortization": 186100000,
        "ebitda": 539543000,
        "ebitdaratio": 0.3144561973,
        "operatingIncome": 347770000,
        "operatingIncomeRatio": 0.2026871477,
        "totalOtherIncomeExpensesNet": -431588000,
        "incomeBeforeTax": -83818000,
        "incomeBeforeTaxRatio": -0.0488507673,
        "incomeTaxExpense": -33653000,
        "netIncome": -68089000,
        "netIncomeRatio": -0.0396835989,
        "eps": -0.81,
        "epsdiluted": -0.81,
        "weightedAverageShsOut": 84055000,
        "weightedAverageShsOutDil": 84118000,
        "link": "https://www.sec.gov/Archives/edgar/data/1400891/000140089115000003/0001400891-15-000003-index.htm",
        "finalLink": "https://www.sec.gov/Archives/edgar/data/1400891/000140089115000003/10-K.htm"
    },
    {
        "date": "2014-09-30",
        "symbol": "IHRT",
        "reportedCurrency": "USD",
        "cik": "0001400891",
        "fillingDate": "2014-10-28",
        "acceptedDate": "2014-10-28 07:47:36",
        "calendarYear": "2014",
        "period": "Q3",
        "revenue": 1630034000,
        "costOfRevenue": 645981000,
        "grossProfit": 984053000,
        "grossProfitRatio": 0.6037009044,
        "researchAndDevelopmentExpenses": 0,
        "generalAndAdministrativeExpenses": 429687000,
        "sellingAndMarketingExpenses": 0,
        "sellingGeneralAndAdministrativeExpenses": 429687000,
        "otherExpenses": 206930000,
        "operatingExpenses": 636582000,
        "costAndExpenses": 1282563000,
        "interestIncome": 0,
        "interestExpense": 432616000,
        "depreciationAndAmortization": 175865000,
        "ebitda": 525033000,
        "ebitdaratio": 0.3220994163,
        "operatingIncome": 347436000,
        "operatingIncomeRatio": 0.2131464742,
        "totalOtherIncomeExpensesNet": -430884000,
        "incomeBeforeTax": -83448000,
        "incomeBeforeTaxRatio": -0.0511940242,
        "incomeTaxExpense": 24376000,
        "netIncome": -114852000,
        "netIncomeRatio": -0.07045988,
        "eps": -1.37,
        "epsdiluted": -1.37,
        "weightedAverageShsOut": 83991000,
        "weightedAverageShsOutDil": 83991000,
        "link": "https://www.sec.gov/Archives/edgar/data/1400891/000140089114000017/0001400891-14-000017-index.htm",
        "finalLink": "https://www.sec.gov/Archives/edgar/data/1400891/000140089114000017/10-Q.htm"
    },
    {
        "date": "2014-06-30",
        "symbol": "IHRT",
        "reportedCurrency": "USD",
        "cik": "0001400891",
        "fillingDate": "2014-07-23",
        "acceptedDate": "2014-07-23 07:09:22",
        "calendarYear": "2014",
        "period": "Q2",
        "revenue": 1630154000,
        "costOfRevenue": 643222000,
        "grossProfit": 986932000,
        "grossProfitRatio": 0.6054225552,
        "researchAndDevelopmentExpenses": 0,
        "generalAndAdministrativeExpenses": 420577000,
        "sellingAndMarketingExpenses": 0,
        "sellingGeneralAndAdministrativeExpenses": 420577000,
        "otherExpenses": 262789000,
        "operatingExpenses": 678463000,
        "costAndExpenses": 1321685000,
        "interestIncome": 0,
        "interestExpense": 440605000,
        "depreciationAndAmortization": 174062000,
        "ebitda": 442267000,
        "ebitdaratio": 0.2713038155,
        "operatingIncome": 303567000,
        "operatingIncomeRatio": 0.1862198295,
        "totalOtherIncomeExpensesNet": -475967000,
        "incomeBeforeTax": -172400000,
        "incomeBeforeTaxRatio": -0.1057568794,
        "incomeTaxExpense": -621000,
        "netIncome": -186631000,
        "netIncomeRatio": -0.1144867295,
        "eps": -2.22,
        "epsdiluted": -2.22,
        "weightedAverageShsOut": 83916000,
        "weightedAverageShsOutDil": 83916000,
        "link": "https://www.sec.gov/Archives/edgar/data/1400891/000140089114000009/0001400891-14-000009-index.htm",
        "finalLink": "https://www.sec.gov/Archives/edgar/data/1400891/000140089114000009/10-Q.htm"
    },
    {
        "date": "2014-03-31",
        "symbol": "IHRT",
        "reportedCurrency": "USD",
        "cik": "0001400891",
        "fillingDate": "2014-04-24",
        "acceptedDate": "2014-04-24 07:13:03",
        "calendarYear": "2014",
        "period": "Q1",
        "revenue": 1342548000,
        "costOfRevenue": 596496000,
        "grossProfit": 746052000,
        "grossProfitRatio": 0.5556985672,
        "researchAndDevelopmentExpenses": 0,
        "generalAndAdministrativeExpenses": 415828000,
        "sellingAndMarketingExpenses": 0,
        "sellingGeneralAndAdministrativeExpenses": 415828000,
        "otherExpenses": 247411000,
        "operatingExpenses": 663239000,
        "costAndExpenses": 1259735000,
        "interestIncome": 0,
        "interestExpense": 431114000,
        "depreciationAndAmortization": 174871000,
        "ebitda": 241983000,
        "ebitdaratio": 0.1802416003,
        "operatingIncome": 82813000,
        "operatingIncomeRatio": 0.0616834556,
        "totalOtherIncomeExpensesNet": -446815000,
        "incomeBeforeTax": -364002000,
        "incomeBeforeTaxRatio": -0.2711277362,
        "incomeTaxExpense": 68388000,
        "netIncome": -424190000,
        "netIncomeRatio": -0.315958908,
        "eps": -5.06,
        "epsdiluted": -5.06,
        "weightedAverageShsOut": 83800000,
        "weightedAverageShsOutDil": 83800000,
        "link": "https://www.sec.gov/Archives/edgar/data/1400891/000073970814000045/0000739708-14-000045-index.htm",
        "finalLink": "https://www.sec.gov/Archives/edgar/data/1400891/000073970814000045/10-Q.htm"
    },
    {
        "date": "2013-12-31",
        "symbol": "IHRT",
        "reportedCurrency": "USD",
        "cik": "0001400891",
        "fillingDate": "2014-02-20",
        "acceptedDate": "2014-02-20 07:03:53",
        "calendarYear": "2013",
        "period": "Q4",
        "revenue": 1694367000,
        "costOfRevenue": 703298000,
        "grossProfit": 991069000,
        "grossProfitRatio": 0.584919914,
        "researchAndDevelopmentExpenses": 0,
        "generalAndAdministrativeExpenses": 392637000,
        "sellingAndMarketingExpenses": 0,
        "sellingGeneralAndAdministrativeExpenses": 392637000,
        "otherExpenses": 265906000,
        "operatingExpenses": 690863000,
        "costAndExpenses": 1344871000,
        "interestIncome": 0,
        "interestExpense": 418014000,
        "depreciationAndAmortization": 191582000,
        "ebitda": 344196000,
        "ebitdaratio": 0.2031413501,
        "operatingIncome": 332526000,
        "operatingIncomeRatio": 0.1962538222,
        "totalOtherIncomeExpensesNet": -597926000,
        "incomeBeforeTax": -265400000,
        "incomeBeforeTaxRatio": -0.1566366673,
        "incomeTaxExpense": 36833000,
        "netIncome": -309227000,
        "netIncomeRatio": -0.1825029642,
        "eps": -3.7,
        "epsdiluted": -3.69,
        "weightedAverageShsOut": 83664000,
        "weightedAverageShsOutDil": 83800000,
        "link": "https://www.sec.gov/Archives/edgar/data/1400891/000140089114000004/0001400891-14-000004-index.htm",
        "finalLink": "https://www.sec.gov/Archives/edgar/data/1400891/000140089114000004/10-K.htm"
    },
    {
        "date": "2013-09-30",
        "symbol": "IHRT",
        "reportedCurrency": "USD",
        "cik": "0001400891",
        "fillingDate": "2013-11-07",
        "acceptedDate": "2013-11-07 07:12:01",
        "calendarYear": "2013",
        "period": "Q3",
        "revenue": 1587522000,
        "costOfRevenue": 623872000,
        "grossProfit": 963650000,
        "grossProfitRatio": 0.6070152099,
        "researchAndDevelopmentExpenses": 0,
        "generalAndAdministrativeExpenses": 433595000,
        "sellingAndMarketingExpenses": 0,
        "sellingGeneralAndAdministrativeExpenses": 433595000,
        "otherExpenses": 260718000,
        "operatingExpenses": 672072000,
        "costAndExpenses": 1320815000,
        "interestIncome": 0,
        "interestExpense": 438404000,
        "depreciationAndAmortization": 177330000,
        "ebitda": 449760000,
        "ebitdaratio": 0.2833094596,
        "operatingIncome": 266707000,
        "operatingIncomeRatio": 0.1680020812,
        "totalOtherIncomeExpensesNet": -432681000,
        "incomeBeforeTax": -165974000,
        "incomeBeforeTaxRatio": -0.1045491023,
        "incomeTaxExpense": -73802000,
        "netIncome": -101855000,
        "netIncomeRatio": -0.0641597408,
        "eps": -1.22,
        "epsdiluted": -1.22,
        "weightedAverageShsOut": 83455000,
        "weightedAverageShsOutDil": 83455000,
        "link": "https://www.sec.gov/Archives/edgar/data/1400891/000140089113000049/0001400891-13-000049-index.htm",
        "finalLink": "https://www.sec.gov/Archives/edgar/data/1400891/000140089113000049/10-Q.htm"
    },
    {
        "date": "2013-06-30",
        "symbol": "IHRT",
        "reportedCurrency": "USD",
        "cik": "0001400891",
        "fillingDate": "2013-08-01",
        "acceptedDate": "2013-08-01 16:06:14",
        "calendarYear": "2013",
        "period": "Q2",
        "revenue": 1618097000,
        "costOfRevenue": 623278000,
        "grossProfit": 994819000,
        "grossProfitRatio": 0.6148080121,
        "researchAndDevelopmentExpenses": 0,
        "generalAndAdministrativeExpenses": 418420000,
        "sellingAndMarketingExpenses": 0,
        "sellingGeneralAndAdministrativeExpenses": 418420000,
        "otherExpenses": 256178000,
        "operatingExpenses": 623278000,
        "costAndExpenses": 1297876000,
        "interestIncome": 0,
        "interestExpense": 407508000,
        "depreciationAndAmortization": 179734000,
        "ebitda": 618726000,
        "ebitdaratio": 0.3823788067,
        "operatingIncome": 320221000,
        "operatingIncomeRatio": 0.1978997551,
        "totalOtherIncomeExpensesNet": -288737000,
        "incomeBeforeTax": 31484000,
        "incomeBeforeTaxRatio": 0.0194574244,
        "incomeTaxExpense": 11477000,
        "netIncome": 7202000,
        "netIncomeRatio": 0.0044509075,
        "eps": 0.09,
        "epsdiluted": 0.09,
        "weightedAverageShsOut": 83207000,
        "weightedAverageShsOutDil": 83820000,
        "link": "https://www.sec.gov/Archives/edgar/data/1400891/000140089113000045/0001400891-13-000045-index.htm",
        "finalLink": "https://www.sec.gov/Archives/edgar/data/1400891/000140089113000045/10-Q.htm"
    },
    {
        "date": "2013-03-31",
        "symbol": "IHRT",
        "reportedCurrency": "USD",
        "cik": "0001400891",
        "fillingDate": "2013-05-02",
        "acceptedDate": "2013-05-02 15:07:10",
        "calendarYear": "2013",
        "period": "Q1",
        "revenue": 1343058000,
        "costOfRevenue": 594866000,
        "grossProfit": 748192000,
        "grossProfitRatio": 0.5570809302,
        "researchAndDevelopmentExpenses": 0,
        "generalAndAdministrativeExpenses": 406435000,
        "sellingAndMarketingExpenses": 0,
        "sellingGeneralAndAdministrativeExpenses": 406435000,
        "otherExpenses": 263550000,
        "operatingExpenses": 666864000,
        "costAndExpenses": 1261730000,
        "interestIncome": 0,
        "interestExpense": 385525000,
        "depreciationAndAmortization": 182182000,
        "ebitda": 262263000,
        "ebitdaratio": 0.1952730262,
        "operatingIncome": 81328000,
        "operatingIncomeRatio": 0.0605543469,
        "totalOtherIncomeExpensesNet": -386772000,
        "incomeBeforeTax": -305444000,
        "incomeBeforeTaxRatio": -0.227424281,
        "incomeTaxExpense": -96325000,
        "netIncome": -203003000,
        "netIncomeRatio": -0.1511498387,
        "eps": -2.44,
        "epsdiluted": -2.44,
        "weightedAverageShsOut": 83126000,
        "weightedAverageShsOutDil": 83126000,
        "link": "https://www.sec.gov/Archives/edgar/data/1400891/000140089113000011/0001400891-13-000011-index.htm",
        "finalLink": "https://www.sec.gov/Archives/edgar/data/1400891/000140089113000011/10-Q.htm"
    },
    {
        "date": "2012-12-31",
        "symbol": "IHRT",
        "reportedCurrency": "USD",
        "cik": "0001400891",
        "fillingDate": "2013-02-19",
        "acceptedDate": "2013-02-19 16:50:49",
        "calendarYear": "2012",
        "period": "Q4",
        "revenue": 1696336000,
        "costOfRevenue": 650495000,
        "grossProfit": 1045841000,
        "grossProfitRatio": 0.6165293904,
        "researchAndDevelopmentExpenses": 0,
        "generalAndAdministrativeExpenses": 220674000,
        "sellingAndMarketingExpenses": 0,
        "sellingGeneralAndAdministrativeExpenses": 220674000,
        "otherExpenses": 476790000,
        "operatingExpenses": 697464000,
        "costAndExpenses": 1347959000,
        "interestIncome": 0,
        "interestExpense": 400930000,
        "depreciationAndAmortization": 189730000,
        "ebitda": 264892000,
        "ebitdaratio": 0.1561553843,
        "operatingIncome": 310726000,
        "operatingIncomeRatio": 0.1831747956,
        "totalOtherIncomeExpensesNet": -636494000,
        "incomeBeforeTax": -325768000,
        "incomeBeforeTaxRatio": -0.1920421426,
        "incomeTaxExpense": -128986000,
        "netIncome": -191264000,
        "netIncomeRatio": -0.1127512474,
        "eps": -2.3,
        "epsdiluted": -2.3,
        "weightedAverageShsOut": 83018000,
        "weightedAverageShsOutDil": 83126000,
        "link": "https://www.sec.gov/Archives/edgar/data/1400891/000140089113000005/0001400891-13-000005-index.htm",
        "finalLink": "https://www.sec.gov/Archives/edgar/data/1400891/000140089113000005/10-K.htm"
    },
    {
        "date": "2012-09-30",
        "symbol": "IHRT",
        "reportedCurrency": "USD",
        "cik": "0001400891",
        "fillingDate": "2012-11-02",
        "acceptedDate": "2012-11-02 08:09:32",
        "calendarYear": "2012",
        "period": "Q3",
        "revenue": 1587331000,
        "costOfRevenue": 624526000,
        "grossProfit": 962805000,
        "grossProfitRatio": 0.6065559105,
        "researchAndDevelopmentExpenses": 0,
        "generalAndAdministrativeExpenses": 490666000,
        "sellingAndMarketingExpenses": 0,
        "sellingGeneralAndAdministrativeExpenses": 490666000,
        "otherExpenses": 140232000,
        "operatingExpenses": 630898000,
        "costAndExpenses": 1255424000,
        "interestIncome": 0,
        "interestExpense": 388210000,
        "depreciationAndAmortization": 182350000,
        "ebitda": 518744000,
        "ebitdaratio": 0.3268026643,
        "operatingIncome": 331907000,
        "operatingIncomeRatio": 0.2090975354,
        "totalOtherIncomeExpensesNet": -383723000,
        "incomeBeforeTax": -51816000,
        "incomeBeforeTaxRatio": -0.0326434751,
        "incomeTaxExpense": -13232000,
        "netIncome": -50561000,
        "netIncomeRatio": -0.0318528398,
        "eps": -0.61,
        "epsdiluted": -0.61,
        "weightedAverageShsOut": 82765000,
        "weightedAverageShsOutDil": 82765000,
        "link": "https://www.sec.gov/Archives/edgar/data/1400891/000140089112000011/0001400891-12-000011-index.htm",
        "finalLink": "https://www.sec.gov/Archives/edgar/data/1400891/000140089112000011/10-Q.htm"
    },
    {
        "date": "2012-06-30",
        "symbol": "IHRT",
        "reportedCurrency": "USD",
        "cik": "0001400891",
        "fillingDate": "2012-08-01",
        "acceptedDate": "2012-08-01 17:24:23",
        "calendarYear": "2012",
        "period": "Q2",
        "revenue": 1602494000,
        "costOfRevenue": 607095000,
        "grossProfit": 995399000,
        "grossProfitRatio": 0.6211561479,
        "researchAndDevelopmentExpenses": 0,
        "generalAndAdministrativeExpenses": 469281000,
        "sellingAndMarketingExpenses": 0,
        "sellingGeneralAndAdministrativeExpenses": 469281000,
        "otherExpenses": 179922000,
        "operatingExpenses": 649203000,
        "costAndExpenses": 1256298000,
        "interestIncome": 0,
        "interestExpense": 385867000,
        "depreciationAndAmortization": 71158000,
        "ebitda": 531334000,
        "ebitdaratio": 0.3315669201,
        "operatingIncome": 346196000,
        "operatingIncomeRatio": 0.2160357543,
        "totalOtherIncomeExpensesNet": -382568000,
        "incomeBeforeTax": -36372000,
        "incomeBeforeTaxRatio": -0.0226971209,
        "incomeTaxExpense": -8663000,
        "netIncome": -39025000,
        "netIncomeRatio": -0.0243526653,
        "eps": -0.47,
        "epsdiluted": -0.47,
        "weightedAverageShsOut": 82543000,
        "weightedAverageShsOutDil": 82543000,
        "link": "https://www.sec.gov/Archives/edgar/data/1400891/000140089112000006/0001400891-12-000006-index.htm",
        "finalLink": "https://www.sec.gov/Archives/edgar/data/1400891/000140089112000006/10-Q.htm"
    },
    {
        "date": "2012-03-31",
        "symbol": "IHRT",
        "reportedCurrency": "USD",
        "cik": "0001400891",
        "fillingDate": "2012-05-04",
        "acceptedDate": "2012-05-04 08:07:00",
        "calendarYear": "2012",
        "period": "Q1",
        "revenue": 1360723000,
        "costOfRevenue": 614434000,
        "grossProfit": 746289000,
        "grossProfitRatio": 0.5484503459,
        "researchAndDevelopmentExpenses": 0,
        "generalAndAdministrativeExpenses": 492826000,
        "sellingAndMarketingExpenses": 0,
        "sellingGeneralAndAdministrativeExpenses": 492826000,
        "otherExpenses": 172242000,
        "operatingExpenses": 665068000,
        "costAndExpenses": 1279502000,
        "interestIncome": 0,
        "interestExpense": 374016000,
        "depreciationAndAmortization": 69198000,
        "ebitda": 243869000,
        "ebitdaratio": 0.1792201646,
        "operatingIncome": 81221000,
        "operatingIncomeRatio": 0.0596895915,
        "totalOtherIncomeExpensesNet": -386734000,
        "incomeBeforeTax": -305513000,
        "incomeBeforeTaxRatio": -0.2245225516,
        "incomeTaxExpense": -157398000,
        "netIncome": -143629000,
        "netIncomeRatio": -0.1055534447,
        "eps": -1.74,
        "epsdiluted": -1.74,
        "weightedAverageShsOut": 82654000,
        "weightedAverageShsOutDil": 82654000,
        "link": "https://www.sec.gov/Archives/edgar/data/1400891/000119312512210219/0001193125-12-210219-index.htm",
        "finalLink": "https://www.sec.gov/Archives/edgar/data/1400891/000119312512210219/d320426d10q.htm"
    },
    {
        "date": "2011-12-31",
        "symbol": "IHRT",
        "reportedCurrency": "USD",
        "cik": "0001400891",
        "fillingDate": "2012-02-21",
        "acceptedDate": "2012-02-21 08:02:47",
        "calendarYear": "2011",
        "period": "Q4",
        "revenue": 1652788000,
        "costOfRevenue": 663451000,
        "grossProfit": 989337000,
        "grossProfitRatio": 0.5985867516,
        "researchAndDevelopmentExpenses": 0,
        "generalAndAdministrativeExpenses": 458306000,
        "sellingAndMarketingExpenses": 0,
        "sellingGeneralAndAdministrativeExpenses": 458306000,
        "otherExpenses": 218557000,
        "operatingExpenses": 676863000,
        "costAndExpenses": 1340314000,
        "interestIncome": 0,
        "interestExpense": 368397000,
        "depreciationAndAmortization": -357244000,
        "ebitda": 525951000,
        "ebitdaratio": 0.3182204856,
        "operatingIncome": 330224000,
        "operatingIncomeRatio": 0.1997981592,
        "totalOtherIncomeExpensesNet": -365092000,
        "incomeBeforeTax": -34868000,
        "incomeBeforeTaxRatio": -0.0210964746,
        "incomeTaxExpense": -3468000,
        "netIncome": -43027000,
        "netIncomeRatio": -0.0260329818,
        "eps": -0.52,
        "epsdiluted": -0.52,
        "weightedAverageShsOut": 82654000,
        "weightedAverageShsOutDil": 82654000,
        "link": "https://www.sec.gov/Archives/edgar/data/1400891/000119312512069208/0001193125-12-069208-index.htm",
        "finalLink": "https://www.sec.gov/Archives/edgar/data/1400891/000119312512069208/d272839d10k.htm"
    },
    {
        "date": "2011-09-30",
        "symbol": "IHRT",
        "reportedCurrency": "USD",
        "cik": "0001400891",
        "fillingDate": "2011-10-31",
        "acceptedDate": "2011-10-31 16:01:57",
        "calendarYear": "2011",
        "period": "Q3",
        "revenue": 1583352000,
        "costOfRevenue": 636063000,
        "grossProfit": 947289000,
        "grossProfitRatio": 0.5982807361,
        "researchAndDevelopmentExpenses": 0,
        "generalAndAdministrativeExpenses": 474507000,
        "sellingAndMarketingExpenses": 0,
        "sellingGeneralAndAdministrativeExpenses": 474507000,
        "otherExpenses": 204022000,
        "operatingExpenses": 678529000,
        "costAndExpenses": 1314592000,
        "interestIncome": 0,
        "interestExpense": 369233000,
        "depreciationAndAmortization": 54247000,
        "ebitda": 478809000,
        "ebitdaratio": 0.302402119,
        "operatingIncome": 268760000,
        "operatingIncomeRatio": 0.1697411567,
        "totalOtherIncomeExpensesNet": -356716000,
        "incomeBeforeTax": -87956000,
        "incomeBeforeTaxRatio": -0.055550503,
        "incomeTaxExpense": -20665000,
        "netIncome": -74056000,
        "netIncomeRatio": -0.0467716591,
        "eps": -0.9,
        "epsdiluted": -0.9,
        "weightedAverageShsOut": 82654000,
        "weightedAverageShsOutDil": 82654000,
        "link": "https://www.sec.gov/Archives/edgar/data/1400891/000119312511288661/0001193125-11-288661-index.htm",
        "finalLink": "https://www.sec.gov/Archives/edgar/data/1400891/000119312511288661/d238831d10q.htm"
    },
    {
        "date": "2011-06-30",
        "symbol": "IHRT",
        "reportedCurrency": "USD",
        "cik": "0001400891",
        "fillingDate": "2011-08-03",
        "acceptedDate": "2011-08-03 14:03:57",
        "calendarYear": "2011",
        "period": "Q2",
        "revenue": 1604386000,
        "costOfRevenue": 642340000,
        "grossProfit": 962046000,
        "grossProfitRatio": 0.5996350006,
        "researchAndDevelopmentExpenses": 0,
        "generalAndAdministrativeExpenses": 464597000,
        "sellingAndMarketingExpenses": 0,
        "sellingGeneralAndAdministrativeExpenses": 464597000,
        "otherExpenses": 186412000,
        "operatingExpenses": 651009000,
        "costAndExpenses": 1293349000,
        "interestIncome": 0,
        "interestExpense": 358950000,
        "depreciationAndAmortization": 56486000,
        "ebitda": 501432000,
        "ebitdaratio": 0.3125382545,
        "operatingIncome": 311037000,
        "operatingIncomeRatio": 0.1938666879,
        "totalOtherIncomeExpensesNet": -358196000,
        "incomeBeforeTax": -47159000,
        "incomeBeforeTaxRatio": -0.0293937992,
        "incomeTaxExpense": -9184000,
        "netIncome": -53179000,
        "netIncomeRatio": -0.0331460135,
        "eps": -0.65,
        "epsdiluted": -0.65,
        "weightedAverageShsOut": 82375000,
        "weightedAverageShsOutDil": 82375000,
        "link": "https://www.sec.gov/Archives/edgar/data/1400891/000119312511207896/0001193125-11-207896-index.htm",
        "finalLink": "https://www.sec.gov/Archives/edgar/data/1400891/000119312511207896/d10q.htm"
    },
    {
        "date": "2011-03-31",
        "symbol": "IHRT",
        "reportedCurrency": "USD",
        "cik": "0001400891",
        "fillingDate": "2011-05-06",
        "acceptedDate": "2011-05-06 09:25:35",
        "calendarYear": "2011",
        "period": "Q1",
        "revenue": 1320826000,
        "costOfRevenue": 648602000,
        "grossProfit": 672224000,
        "grossProfitRatio": 0.5089421317,
        "researchAndDevelopmentExpenses": 0,
        "generalAndAdministrativeExpenses": 360524000,
        "sellingAndMarketingExpenses": 0,
        "sellingGeneralAndAdministrativeExpenses": 360524000,
        "otherExpenses": 166997000,
        "operatingExpenses": 527521000,
        "costAndExpenses": 1176123000,
        "interestIncome": 0,
        "interestExpense": 369666000,
        "depreciationAndAmortization": 52347000,
        "ebitda": 329353000,
        "ebitdaratio": 0.2493538134,
        "operatingIncome": 144703000,
        "operatingIncomeRatio": 0.10955493,
        "totalOtherIncomeExpensesNet": -368727000,
        "incomeBeforeTax": -224024000,
        "incomeBeforeTaxRatio": -0.1696090174,
        "incomeTaxExpense": -92661000,
        "netIncome": -131832000,
        "netIncomeRatio": -0.0998102702,
        "eps": -1.6,
        "epsdiluted": -1.6,
        "weightedAverageShsOut": 82260000,
        "weightedAverageShsOutDil": 82260000,
        "link": "https://www.sec.gov/Archives/edgar/data/1400891/000119312511129797/0001193125-11-129797-index.htm",
        "finalLink": "https://www.sec.gov/Archives/edgar/data/1400891/000119312511129797/d10q.htm"
    },
    {
        "date": "2010-12-31",
        "symbol": "IHRT",
        "reportedCurrency": "USD",
        "cik": "0001400891",
        "fillingDate": "2011-02-14",
        "acceptedDate": "2011-02-14 06:08:40",
        "calendarYear": "2010",
        "period": "Q4",
        "revenue": 1634551000,
        "costOfRevenue": 722283000,
        "grossProfit": 912268000,
        "grossProfitRatio": 0.5581153479,
        "researchAndDevelopmentExpenses": 0,
        "generalAndAdministrativeExpenses": 418204000,
        "sellingAndMarketingExpenses": 0,
        "sellingGeneralAndAdministrativeExpenses": 418204000,
        "otherExpenses": 222511000,
        "operatingExpenses": 640715000,
        "costAndExpenses": 1362998000,
        "interestIncome": 0,
        "interestExpense": 372770000,
        "depreciationAndAmortization": -262761000,
        "ebitda": 470020000,
        "ebitdaratio": 0.2875529733,
        "operatingIncome": 301235000,
        "operatingIncomeRatio": 0.1842922001,
        "totalOtherIncomeExpensesNet": -387263000,
        "incomeBeforeTax": -86028000,
        "incomeBeforeTaxRatio": -0.0526309672,
        "incomeTaxExpense": -30401000,
        "netIncome": -62666000,
        "netIncomeRatio": -0.0383383571,
        "eps": -0.76,
        "epsdiluted": -0.76,
        "weightedAverageShsOut": 82025000,
        "weightedAverageShsOutDil": 82260000,
        "link": "https://www.sec.gov/Archives/edgar/data/1400891/000119312511033736/0001193125-11-033736-index.htm",
        "finalLink": "https://www.sec.gov/Archives/edgar/data/1400891/000119312511033736/d10k.htm"
    },
    {
        "date": "2010-09-30",
        "symbol": "IHRT",
        "reportedCurrency": "USD",
        "cik": "0001400891",
        "fillingDate": "2010-11-08",
        "acceptedDate": "2010-11-08 16:11:33",
        "calendarYear": "2010",
        "period": "Q3",
        "revenue": 1477347000,
        "costOfRevenue": 677058000,
        "grossProfit": 800289000,
        "grossProfitRatio": 0.541706857,
        "researchAndDevelopmentExpenses": 0,
        "generalAndAdministrativeExpenses": 365555000,
        "sellingAndMarketingExpenses": 0,
        "sellingGeneralAndAdministrativeExpenses": 365555000,
        "otherExpenses": 154520000,
        "operatingExpenses": 520075000,
        "costAndExpenses": 1197133000,
        "interestIncome": 0,
        "interestExpense": 389197000,
        "depreciationAndAmortization": 184079000,
        "ebitda": 402469000,
        "ebitdaratio": 0.2724268571,
        "operatingIncome": 221096000,
        "operatingIncomeRatio": 0.1496574603,
        "totalOtherIncomeExpensesNet": -391903000,
        "incomeBeforeTax": -170807000,
        "incomeBeforeTaxRatio": -0.1156173871,
        "incomeTaxExpense": -20415000,
        "netIncome": -154685000,
        "netIncomeRatio": -0.1047045819,
        "eps": -1.9,
        "epsdiluted": -1.9,
        "weightedAverageShsOut": 81619000,
        "weightedAverageShsOutDil": 81619000,
        "link": "https://www.sec.gov/Archives/edgar/data/1400891/000095012310102452/0000950123-10-102452-index.htm",
        "finalLink": "https://www.sec.gov/Archives/edgar/data/1400891/000095012310102452/d77439e10vq.htm"
    },
    {
        "date": "2010-06-30",
        "symbol": "IHRT",
        "reportedCurrency": "USD",
        "cik": "0001400891",
        "fillingDate": "2010-08-09",
        "acceptedDate": "2010-08-09 16:25:00",
        "calendarYear": "2010",
        "period": "Q2",
        "revenue": 1490009000,
        "costOfRevenue": 665025000,
        "grossProfit": 824984000,
        "grossProfitRatio": 0.5536771926,
        "researchAndDevelopmentExpenses": 0,
        "generalAndAdministrativeExpenses": 376637000,
        "sellingAndMarketingExpenses": 0,
        "sellingGeneralAndAdministrativeExpenses": 376637000,
        "otherExpenses": 187442000,
        "operatingExpenses": 564079000,
        "costAndExpenses": 1229104000,
        "interestIncome": 0,
        "interestExpense": 385579000,
        "depreciationAndAmortization": 64109000,
        "ebitda": 454571000,
        "ebitdaratio": 0.3050793653,
        "operatingIncome": 267433000,
        "operatingIncomeRatio": 0.1794841508,
        "totalOtherIncomeExpensesNet": -382619000,
        "incomeBeforeTax": -115186000,
        "incomeBeforeTaxRatio": -0.0773055733,
        "incomeTaxExpense": -37979000,
        "netIncome": -86324000,
        "netIncomeRatio": -0.0579352205,
        "eps": -1.06,
        "epsdiluted": -1.06,
        "weightedAverageShsOut": 81540000,
        "weightedAverageShsOutDil": 81540000,
        "link": "https://www.sec.gov/Archives/edgar/data/1400891/000095012310075053/0000950123-10-075053-index.htm",
        "finalLink": "https://www.sec.gov/Archives/edgar/data/1400891/000095012310075053/d75112e10vq.htm"
    },
    {
        "date": "2010-03-31",
        "symbol": "IHRT",
        "reportedCurrency": "USD",
        "cik": "0001400891",
        "fillingDate": "2010-05-10",
        "acceptedDate": "2010-05-10 16:51:49",
        "calendarYear": "2010",
        "period": "Q1",
        "revenue": 1263778000,
        "costOfRevenue": 661843000,
        "grossProfit": 601935000,
        "grossProfitRatio": 0.4762980523,
        "researchAndDevelopmentExpenses": 0,
        "generalAndAdministrativeExpenses": 349296000,
        "sellingAndMarketingExpenses": 0,
        "sellingGeneralAndAdministrativeExpenses": 349296000,
        "otherExpenses": 185106000,
        "operatingExpenses": 534402000,
        "costAndExpenses": 1196245000,
        "interestIncome": 0,
        "interestExpense": 385795000,
        "depreciationAndAmortization": 181334000,
        "ebitda": 316317000,
        "ebitdaratio": 0.2502947511,
        "operatingIncome": 75077000,
        "operatingIncomeRatio": 0.0594067945,
        "totalOtherIncomeExpensesNet": -325889000,
        "incomeBeforeTax": -250812000,
        "incomeBeforeTaxRatio": -0.1984620717,
        "incomeTaxExpense": -71185000,
        "netIncome": -175414000,
        "netIncomeRatio": -0.1388012768,
        "eps": -2.15,
        "epsdiluted": -2.15,
        "weightedAverageShsOut": 81427000,
        "weightedAverageShsOutDil": 81427000,
        "link": "https://www.sec.gov/Archives/edgar/data/1400891/000095012310047270/0000950123-10-047270-index.htm",
        "finalLink": "https://www.sec.gov/Archives/edgar/data/1400891/000095012310047270/d72883e10vq.htm"
    },
    {
        "date": "2009-12-31",
        "symbol": "IHRT",
        "reportedCurrency": "USD",
        "cik": "0001400891",
        "fillingDate": "2010-03-16",
        "acceptedDate": "2010-03-16 14:47:12",
        "calendarYear": "2009",
        "period": "Q4",
        "revenue": 1512084000,
        "costOfRevenue": 949024000,
        "grossProfit": 563060000,
        "grossProfitRatio": 0.3723734925,
        "researchAndDevelopmentExpenses": 0,
        "generalAndAdministrativeExpenses": 213999000,
        "sellingAndMarketingExpenses": 0,
        "sellingGeneralAndAdministrativeExpenses": 213999000,
        "otherExpenses": 173650000,
        "operatingExpenses": 387649000,
        "costAndExpenses": 1336673000,
        "interestIncome": 0,
        "interestExpense": 359874000,
        "depreciationAndAmortization": 191480000,
        "ebitda": 282317000,
        "ebitdaratio": 0.18670722,
        "operatingIncome": 62079000,
        "operatingIncomeRatio": 0.0410552588,
        "totalOtherIncomeExpensesNet": -329890000,
        "incomeBeforeTax": -267811000,
        "incomeBeforeTaxRatio": -0.1771138376,
        "incomeTaxExpense": -417478000,
        "netIncome": 147390000,
        "netIncomeRatio": 0.0974747435,
        "eps": 1.81,
        "epsdiluted": 1.81,
        "weightedAverageShsOut": 81427000,
        "weightedAverageShsOutDil": 81427000,
        "link": "https://www.sec.gov/Archives/edgar/data/1400891/000095012310025121/0000950123-10-025121-index.htm",
        "finalLink": "https://www.sec.gov/Archives/edgar/data/1400891/000095012310025121/d71245e10vk.htm"
    },
    {
        "date": "2009-09-30",
        "symbol": "IHRT",
        "reportedCurrency": "USD",
        "cik": "0001400891",
        "fillingDate": "2009-11-09",
        "acceptedDate": "2009-11-09 15:43:05",
        "calendarYear": "2009",
        "period": "Q3",
        "revenue": 1393973000,
        "costOfRevenue": 632778000,
        "grossProfit": 761195000,
        "grossProfitRatio": 0.5460615091,
        "researchAndDevelopmentExpenses": 0,
        "generalAndAdministrativeExpenses": 79723000,
        "sellingAndMarketingExpenses": 257332000,
        "sellingGeneralAndAdministrativeExpenses": 337055000,
        "otherExpenses": 191592000,
        "operatingExpenses": 608370000,
        "costAndExpenses": 1241148000,
        "interestIncome": 0,
        "interestExpense": 369314000,
        "depreciationAndAmortization": 190189000,
        "ebitda": 555950000,
        "ebitdaratio": 0.3988240805,
        "operatingIncome": 155631000,
        "operatingIncomeRatio": 0.1116456345,
        "totalOtherIncomeExpensesNet": -159184000,
        "incomeBeforeTax": -3553000,
        "incomeBeforeTaxRatio": -0.0025488299,
        "incomeTaxExpense": 89118000,
        "netIncome": -89855000,
        "netIncomeRatio": -0.0644596416,
        "eps": -1.1,
        "epsdiluted": -1.1,
        "weightedAverageShsOut": 81427000,
        "weightedAverageShsOutDil": 81427000,
        "link": "https://www.sec.gov/Archives/edgar/data/1400891/000095012309060109/0000950123-09-060109-index.htm",
        "finalLink": "https://www.sec.gov/Archives/edgar/data/1400891/000095012309060109/d69989e10vq.htm"
    },
    {
        "date": "2009-06-30",
        "symbol": "IHRT",
        "reportedCurrency": "USD",
        "cik": "0001400891",
        "fillingDate": "2009-08-10",
        "acceptedDate": "2009-08-10 14:33:42",
        "calendarYear": "2009",
        "period": "Q2",
        "revenue": 1437865000,
        "costOfRevenue": 687163000,
        "grossProfit": 750702000,
        "grossProfitRatio": 0.5220949116,
        "researchAndDevelopmentExpenses": 0,
        "generalAndAdministrativeExpenses": 360558000,
        "sellingAndMarketingExpenses": 0,
        "sellingGeneralAndAdministrativeExpenses": 360558000,
        "otherExpenses": 239762000,
        "operatingExpenses": 600320000,
        "costAndExpenses": 1287483000,
        "interestIncome": 0,
        "interestExpense": 384625000,
        "depreciationAndAmortization": 208246000,
        "ebitda": -3269714000,
        "ebitdaratio": -2.2740062523,
        "operatingIncome": -3890870000,
        "operatingIncomeRatio": -2.7060050839,
        "totalOtherIncomeExpensesNet": 28285000,
        "incomeBeforeTax": -3862585000,
        "incomeBeforeTaxRatio": -2.686333557,
        "incomeTaxExpense": -184552000,
        "netIncome": -3673404000,
        "netIncomeRatio": -2.5547627907,
        "eps": -45.23,
        "epsdiluted": -45.23,
        "weightedAverageShsOut": 81224000,
        "weightedAverageShsOutDil": 81224000,
        "link": "https://www.sec.gov/Archives/edgar/data/1400891/000095012309032763/0000950123-09-032763-index.htm",
        "finalLink": "https://www.sec.gov/Archives/edgar/data/1400891/000095012309032763/d68745e10vq.htm"
    },
    {
        "date": "2009-03-31",
        "symbol": "IHRT",
        "reportedCurrency": "USD",
        "cik": "0001400891",
        "fillingDate": "2009-05-11",
        "acceptedDate": "2009-05-11 16:19:08",
        "calendarYear": "2009",
        "period": "Q1",
        "revenue": 1207987000,
        "costOfRevenue": 665984000,
        "grossProfit": 542003000,
        "grossProfitRatio": 0.4486828087,
        "researchAndDevelopmentExpenses": 0,
        "generalAndAdministrativeExpenses": 377536000,
        "sellingAndMarketingExpenses": 0,
        "sellingGeneralAndAdministrativeExpenses": 377536000,
        "otherExpenses": 178453000,
        "operatingExpenses": 555989000,
        "costAndExpenses": 1221973000,
        "interestIncome": 0,
        "interestExpense": 387053000,
        "depreciationAndAmortization": 175559000,
        "ebitda": 154205000,
        "ebitdaratio": 0.1276545195,
        "operatingIncome": -13986000,
        "operatingIncomeRatio": -0.0115779392,
        "totalOtherIncomeExpensesNet": -394421000,
        "incomeBeforeTax": -408407000,
        "incomeBeforeTaxRatio": -0.3380889033,
        "incomeTaxExpense": 19592000,
        "netIncome": -418217000,
        "netIncomeRatio": -0.3462098516,
        "eps": -5.15,
        "epsdiluted": -5.15,
        "weightedAverageShsOut": 81242000,
        "weightedAverageShsOutDil": 81242000,
        "link": "https://www.sec.gov/Archives/edgar/data/1400891/000095013409010282/0000950134-09-010282-index.htm",
        "finalLink": "https://www.sec.gov/Archives/edgar/data/1400891/000095013409010282/d67646e10vq.htm"
    },
    {
        "date": "2008-12-31",
        "symbol": "IHRT",
        "reportedCurrency": "USD",
        "cik": "0001400891",
        "fillingDate": "2009-03-02",
        "acceptedDate": "2009-03-02 16:41:58",
        "calendarYear": "2008",
        "period": "Q4",
        "revenue": 1608805000,
        "costOfRevenue": 952552000,
        "grossProfit": 656253000,
        "grossProfitRatio": 0.407913327,
        "researchAndDevelopmentExpenses": 0,
        "generalAndAdministrativeExpenses": 64787000,
        "sellingAndMarketingExpenses": -441813000,
        "sellingGeneralAndAdministrativeExpenses": 335250000,
        "otherExpenses": 252264000,
        "operatingExpenses": 608518000,
        "costAndExpenses": 1561070000,
        "interestIncome": 0,
        "interestExpense": 434289000,
        "depreciationAndAmortization": 239901000,
        "ebitda": -4995007000,
        "ebitdaratio": -3.1047933093,
        "operatingIncome": -5264482000,
        "operatingIncomeRatio": -3.2722934103,
        "totalOtherIncomeExpensesNet": -404715000,
        "incomeBeforeTax": -5669197000,
        "incomeBeforeTaxRatio": -3.5238559055,
        "incomeTaxExpense": -663414000,
        "netIncome": -4997266000,
        "netIncomeRatio": -3.1061974571,
        "eps": -22.79,
        "epsdiluted": -22.79,
        "weightedAverageShsOut": 219316000,
        "weightedAverageShsOutDil": 219316000,
        "link": "https://www.sec.gov/Archives/edgar/data/1400891/000095013409004243/0000950134-09-004243-index.htm",
        "finalLink": "https://www.sec.gov/Archives/edgar/data/1400891/000095013409004243/d66539e10vk.htm"
    },
    {
        "date": "2008-09-30",
        "symbol": "IHRT",
        "reportedCurrency": "USD",
        "cik": "0001400891",
        "fillingDate": "2008-11-10",
        "acceptedDate": "2008-11-10 17:22:39",
        "calendarYear": "2008",
        "period": "Q3",
        "revenue": 1684593000,
        "costOfRevenue": 730405000,
        "grossProfit": 954188000,
        "grossProfitRatio": 0.5664204944,
        "researchAndDevelopmentExpenses": 0,
        "generalAndAdministrativeExpenses": 64787000,
        "sellingAndMarketingExpenses": 377026000,
        "sellingGeneralAndAdministrativeExpenses": 441813000,
        "otherExpenses": 158681000,
        "operatingExpenses": 665281000,
        "costAndExpenses": 1395686000,
        "interestIncome": 0,
        "interestExpense": 312511000,
        "depreciationAndAmortization": 162463000,
        "ebitda": 346517000,
        "ebitdaratio": 0.2056977561,
        "operatingIncome": 201504000,
        "operatingIncomeRatio": 0.119615836,
        "totalOtherIncomeExpensesNet": -329961000,
        "incomeBeforeTax": -128457000,
        "incomeBeforeTaxRatio": -0.0762540269,
        "incomeTaxExpense": -52344000,
        "netIncome": -90187000,
        "netIncomeRatio": -0.0535363735,
        "eps": -0.41,
        "epsdiluted": -0.41,
        "weightedAverageShsOut": 219316000,
        "weightedAverageShsOutDil": 219316000,
        "link": "https://www.sec.gov/Archives/edgar/data/1400891/000095013408020092/0000950134-08-020092-index.htm",
        "finalLink": "https://www.sec.gov/Archives/edgar/data/1400891/000095013408020092/d65115e10vq.htm"
    },
    {
        "date": "2008-06-30",
        "symbol": "IHRT",
        "reportedCurrency": "USD",
        "cik": "0001400891",
        "fillingDate": "2008-08-11",
        "acceptedDate": "2008-08-11 16:23:16",
        "calendarYear": "2008",
        "period": "Q2",
        "revenue": 1831078000,
        "costOfRevenue": 743485000,
        "grossProfit": 1087593000,
        "grossProfitRatio": 0.5939632282,
        "researchAndDevelopmentExpenses": 0,
        "generalAndAdministrativeExpenses": 0,
        "sellingAndMarketingExpenses": 0,
        "sellingGeneralAndAdministrativeExpenses": 445734000,
        "otherExpenses": 159542000,
        "operatingExpenses": 653250000,
        "costAndExpenses": 1396735000,
        "interestIncome": 0,
        "interestExpense": 82175000,
        "depreciationAndAmortization": 142188000,
        "ebitda": 634423000,
        "ebitdaratio": 0.3464751365,
        "operatingIncome": 461595000,
        "operatingIncomeRatio": 0.2520892065,
        "totalOtherIncomeExpensesNet": -51535000,
        "incomeBeforeTax": 410060000,
        "incomeBeforeTaxRatio": 0.2239445835,
        "incomeTaxExpense": 125137000,
        "netIncome": 282327000,
        "netIncomeRatio": 0.1541862225,
        "eps": 0.57,
        "epsdiluted": 0.57,
        "weightedAverageShsOut": 495201000,
        "weightedAverageShsOutDil": 496887000,
        "link": "https://www.sec.gov/Archives/edgar/data/1400891/000095013408014919/0000950134-08-014919-index.htm",
        "finalLink": "https://www.sec.gov/Archives/edgar/data/1400891/000095013408014919/d59469e10vq.htm"
    },
    {
        "date": "2008-03-31",
        "symbol": "IHRT",
        "reportedCurrency": "USD",
        "cik": "0001400891",
        "fillingDate": "2008-03-31",
        "acceptedDate": "2008-03-31 00:00:00",
        "calendarYear": "2008",
        "period": "Q1",
        "revenue": 1564207000,
        "costOfRevenue": 752250000,
        "grossProfit": 811957000,
        "grossProfitRatio": 0.5190853896,
        "researchAndDevelopmentExpenses": 0,
        "generalAndAdministrativeExpenses": 0,
        "sellingAndMarketingExpenses": 0,
        "sellingGeneralAndAdministrativeExpenses": 426381000,
        "otherExpenses": 150181000,
        "operatingExpenses": 576562000,
        "costAndExpenses": 1328812000,
        "interestIncome": 0,
        "interestExpense": 100003000,
        "depreciationAndAmortization": 152278000,
        "ebitda": 488642000,
        "ebitdaratio": 0.3123896006,
        "operatingIncome": 235006000,
        "operatingIncomeRatio": 0.1502397061,
        "totalOtherIncomeExpensesNet": 1355000,
        "incomeBeforeTax": 236361000,
        "incomeBeforeTaxRatio": 0.1511059598,
        "incomeTaxExpense": 66581000,
        "netIncome": 799653000,
        "netIncomeRatio": 0.511219423,
        "eps": 1.61,
        "epsdiluted": 1.61,
        "weightedAverageShsOut": 494749000,
        "weightedAverageShsOutDil": 496388000,
        "link": null,
        "finalLink": null
    },
    {
        "date": "2007-06-30",
        "symbol": "IHRT",
        "reportedCurrency": "USD",
        "cik": "0001400891",
        "fillingDate": "2007-06-30",
        "acceptedDate": "2007-06-30 00:00:00",
        "calendarYear": "2007",
        "period": "Q2",
        "revenue": 1802192000,
        "costOfRevenue": 676255000,
        "grossProfit": 1125937000,
        "grossProfitRatio": 0.624759737,
        "researchAndDevelopmentExpenses": 0,
        "generalAndAdministrativeExpenses": 43044000,
        "sellingAndMarketingExpenses": 447190000,
        "sellingGeneralAndAdministrativeExpenses": 490234000,
        "otherExpenses": 145305000,
        "operatingExpenses": 635539000,
        "costAndExpenses": 1311794000,
        "interestIncome": 0,
        "interestExpense": 116422000,
        "depreciationAndAmortization": 141309000,
        "ebitda": 648380000,
        "ebitdaratio": 0.3597729876,
        "operatingIncome": 495706000,
        "operatingIncomeRatio": 0.2750572636,
        "totalOtherIncomeExpensesNet": -105057000,
        "incomeBeforeTax": 390649000,
        "incomeBeforeTaxRatio": 0.2167632527,
        "incomeTaxExpense": 159786000,
        "netIncome": 235990000,
        "netIncomeRatio": 0.1309460923,
        "eps": 0.48,
        "epsdiluted": 0.48,
        "weightedAverageShsOut": 494364000,
        "weightedAverageShsOutDil": 495688000,
        "link": null,
        "finalLink": null
    }
]