[
    {
        "date": "2025-06-30",
        "symbol": "INGR",
        "reportedCurrency": "USD",
        "cik": "0001046257",
        "fillingDate": "2025-08-11",
        "acceptedDate": "2025-08-11 15:38:24",
        "calendarYear": "2025",
        "period": "Q2",
        "revenue": 1833000000,
        "costOfRevenue": 1356000000,
        "grossProfit": 477000000,
        "grossProfitRatio": 0.2602291326,
        "researchAndDevelopmentExpenses": 0,
        "generalAndAdministrativeExpenses": 0,
        "sellingAndMarketingExpenses": 0,
        "sellingGeneralAndAdministrativeExpenses": 0,
        "otherExpenses": 206000000,
        "operatingExpenses": 206000000,
        "costAndExpenses": 1562000000,
        "interestIncome": 0,
        "interestExpense": 12000000,
        "depreciationAndAmortization": 53000000,
        "ebitda": 324000000,
        "ebitdaratio": 0.1767594108,
        "operatingIncome": 271000000,
        "operatingIncomeRatio": 0.1478450627,
        "totalOtherIncomeExpensesNet": -12000000,
        "incomeBeforeTax": 259000000,
        "incomeBeforeTaxRatio": 0.1412984179,
        "incomeTaxExpense": 61000000,
        "netIncome": 196000000,
        "netIncomeRatio": 0.1069285325,
        "eps": 3.04,
        "epsdiluted": 2.99,
        "weightedAverageShsOut": 64500000,
        "weightedAverageShsOutDil": 65600000,
        "link": "https://www.sec.gov/Archives/edgar/data/1046257/000104625725000066/0001046257-25-000066-index.htm",
        "finalLink": "https://www.sec.gov/Archives/edgar/data/1046257/000104625725000066/ingr-20250630.htm"
    },
    {
        "date": "2025-03-31",
        "symbol": "INGR",
        "reportedCurrency": "USD",
        "cik": "0001046257",
        "fillingDate": "2025-05-09",
        "acceptedDate": "2025-05-09 15:32:21",
        "calendarYear": "2025",
        "period": "Q1",
        "revenue": 1813000000,
        "costOfRevenue": 1347000000,
        "grossProfit": 466000000,
        "grossProfitRatio": 0.2570325427,
        "researchAndDevelopmentExpenses": 0,
        "generalAndAdministrativeExpenses": 0,
        "sellingAndMarketingExpenses": 0,
        "sellingGeneralAndAdministrativeExpenses": 0,
        "otherExpenses": 190000000,
        "operatingExpenses": 190000000,
        "costAndExpenses": 1537000000,
        "interestIncome": 0,
        "interestExpense": 9000000,
        "depreciationAndAmortization": 55000000,
        "ebitda": 331000000,
        "ebitdaratio": 0.1825703254,
        "operatingIncome": 276000000,
        "operatingIncomeRatio": 0.1522338665,
        "totalOtherIncomeExpensesNet": -9000000,
        "incomeBeforeTax": 267000000,
        "incomeBeforeTaxRatio": 0.1472697187,
        "incomeTaxExpense": 68000000,
        "netIncome": 197000000,
        "netIncomeRatio": 0.1086596801,
        "eps": 3.05,
        "epsdiluted": 3,
        "weightedAverageShsOut": 64500000,
        "weightedAverageShsOutDil": 65600000,
        "link": "https://www.sec.gov/Archives/edgar/data/1046257/000104625725000037/0001046257-25-000037-index.htm",
        "finalLink": "https://www.sec.gov/Archives/edgar/data/1046257/000104625725000037/ingr-20250331.htm"
    },
    {
        "date": "2024-12-31",
        "symbol": "INGR",
        "reportedCurrency": "USD",
        "cik": "0001046257",
        "fillingDate": "2025-02-20",
        "acceptedDate": "2025-02-20 16:16:30",
        "calendarYear": "2024",
        "period": "Q4",
        "revenue": 1800000000,
        "costOfRevenue": 1351000000,
        "grossProfit": 449000000,
        "grossProfitRatio": 0.2494444444,
        "researchAndDevelopmentExpenses": 0,
        "generalAndAdministrativeExpenses": 0,
        "sellingAndMarketingExpenses": 0,
        "sellingGeneralAndAdministrativeExpenses": 0,
        "otherExpenses": 287000000,
        "operatingExpenses": 287000000,
        "costAndExpenses": 1638000000,
        "interestIncome": 0,
        "interestExpense": 9000000,
        "depreciationAndAmortization": 54000000,
        "ebitda": 215000000,
        "ebitdaratio": 0.1194444444,
        "operatingIncome": 162000000,
        "operatingIncomeRatio": 0.09,
        "totalOtherIncomeExpensesNet": -10000000,
        "incomeBeforeTax": 152000000,
        "incomeBeforeTaxRatio": 0.0844444444,
        "incomeTaxExpense": 55000000,
        "netIncome": 95000000,
        "netIncomeRatio": 0.0527777778,
        "eps": 1.46,
        "epsdiluted": 1.43,
        "weightedAverageShsOut": 65200000,
        "weightedAverageShsOutDil": 66500000,
        "link": "https://www.sec.gov/Archives/edgar/data/1046257/000104625725000018/0001046257-25-000018-index.htm",
        "finalLink": "https://www.sec.gov/Archives/edgar/data/1046257/000104625725000018/ingr-20241231.htm"
    },
    {
        "date": "2024-09-30",
        "symbol": "INGR",
        "reportedCurrency": "USD",
        "cik": "0001046257",
        "fillingDate": "2024-11-08",
        "acceptedDate": "2024-11-08 13:46:07",
        "calendarYear": "2024",
        "period": "Q3",
        "revenue": 1870000000,
        "costOfRevenue": 1391000000,
        "grossProfit": 479000000,
        "grossProfitRatio": 0.2561497326,
        "researchAndDevelopmentExpenses": 0,
        "generalAndAdministrativeExpenses": 0,
        "sellingAndMarketingExpenses": 0,
        "sellingGeneralAndAdministrativeExpenses": 0,
        "otherExpenses": 211000000,
        "operatingExpenses": 211000000,
        "costAndExpenses": 1602000000,
        "interestIncome": 0,
        "interestExpense": 1000000,
        "depreciationAndAmortization": 53000000,
        "ebitda": 327000000,
        "ebitdaratio": 0.1748663102,
        "operatingIncome": 268000000,
        "operatingIncomeRatio": 0.143315508,
        "totalOtherIncomeExpensesNet": 5000000,
        "incomeBeforeTax": 273000000,
        "incomeBeforeTaxRatio": 0.1459893048,
        "incomeTaxExpense": 84000000,
        "netIncome": 188000000,
        "netIncomeRatio": 0.1005347594,
        "eps": 2.88,
        "epsdiluted": 2.83,
        "weightedAverageShsOut": 65300000,
        "weightedAverageShsOutDil": 66500000,
        "link": "https://www.sec.gov/Archives/edgar/data/1046257/000104625724000056/0001046257-24-000056-index.htm",
        "finalLink": "https://www.sec.gov/Archives/edgar/data/1046257/000104625724000056/ingr-20240930.htm"
    },
    {
        "date": "2024-06-30",
        "symbol": "INGR",
        "reportedCurrency": "USD",
        "cik": "0001046257",
        "fillingDate": "2024-08-08",
        "acceptedDate": "2024-08-08 11:03:12",
        "calendarYear": "2024",
        "period": "Q2",
        "revenue": 1878000000,
        "costOfRevenue": 1432000000,
        "grossProfit": 446000000,
        "grossProfitRatio": 0.237486688,
        "researchAndDevelopmentExpenses": 0,
        "generalAndAdministrativeExpenses": 0,
        "sellingAndMarketingExpenses": 0,
        "sellingGeneralAndAdministrativeExpenses": 0,
        "otherExpenses": 206000000,
        "operatingExpenses": 206000000,
        "costAndExpenses": 1638000000,
        "interestIncome": 0,
        "interestExpense": 10000000,
        "depreciationAndAmortization": 54000000,
        "ebitda": 294000000,
        "ebitdaratio": 0.1565495208,
        "operatingIncome": 240000000,
        "operatingIncomeRatio": 0.1277955272,
        "totalOtherIncomeExpensesNet": -10000000,
        "incomeBeforeTax": 230000000,
        "incomeBeforeTaxRatio": 0.1224707135,
        "incomeTaxExpense": 80000000,
        "netIncome": 148000000,
        "netIncomeRatio": 0.0788072417,
        "eps": 2.25,
        "epsdiluted": 2.22,
        "weightedAverageShsOut": 65700000,
        "weightedAverageShsOutDil": 66800000,
        "link": "https://www.sec.gov/Archives/edgar/data/1046257/000104625724000046/0001046257-24-000046-index.htm",
        "finalLink": "https://www.sec.gov/Archives/edgar/data/1046257/000104625724000046/ingr-20240630.htm"
    },
    {
        "date": "2024-03-31",
        "symbol": "INGR",
        "reportedCurrency": "USD",
        "cik": "0001046257",
        "fillingDate": "2024-05-09",
        "acceptedDate": "2024-05-09 13:53:51",
        "calendarYear": "2024",
        "period": "Q1",
        "revenue": 1882000000,
        "costOfRevenue": 1465000000,
        "grossProfit": 417000000,
        "grossProfitRatio": 0.2215727949,
        "researchAndDevelopmentExpenses": 0,
        "generalAndAdministrativeExpenses": 0,
        "sellingAndMarketingExpenses": 0,
        "sellingGeneralAndAdministrativeExpenses": 0,
        "otherExpenses": 204000000,
        "operatingExpenses": 204000000,
        "costAndExpenses": 1669000000,
        "interestIncome": 0,
        "interestExpense": 19000000,
        "depreciationAndAmortization": 53000000,
        "ebitda": 348000000,
        "ebitdaratio": 0.1849096706,
        "operatingIncome": 213000000,
        "operatingIncomeRatio": 0.1131774708,
        "totalOtherIncomeExpensesNet": 63000000,
        "incomeBeforeTax": 276000000,
        "incomeBeforeTaxRatio": 0.1466524973,
        "incomeTaxExpense": 58000000,
        "netIncome": 216000000,
        "netIncomeRatio": 0.1147715197,
        "eps": 3.29,
        "epsdiluted": 3.23,
        "weightedAverageShsOut": 65700000,
        "weightedAverageShsOutDil": 66800000,
        "link": "https://www.sec.gov/Archives/edgar/data/1046257/000104625724000018/0001046257-24-000018-index.htm",
        "finalLink": "https://www.sec.gov/Archives/edgar/data/1046257/000104625724000018/ingr-20240331.htm"
    },
    {
        "date": "2023-12-31",
        "symbol": "INGR",
        "reportedCurrency": "USD",
        "cik": "0001046257",
        "fillingDate": "2024-02-21",
        "acceptedDate": "2024-02-21 10:11:32",
        "calendarYear": "2023",
        "period": "Q4",
        "revenue": 1921000000,
        "costOfRevenue": 1521000000,
        "grossProfit": 400000000,
        "grossProfitRatio": 0.2082248829,
        "researchAndDevelopmentExpenses": 0,
        "generalAndAdministrativeExpenses": 0,
        "sellingAndMarketingExpenses": 0,
        "sellingGeneralAndAdministrativeExpenses": 0,
        "otherExpenses": 198000000,
        "operatingExpenses": 198000000,
        "costAndExpenses": 1719000000,
        "interestIncome": 0,
        "interestExpense": 26000000,
        "depreciationAndAmortization": 54000000,
        "ebitda": 256000000,
        "ebitdaratio": 0.133263925,
        "operatingIncome": 202000000,
        "operatingIncomeRatio": 0.1051535659,
        "totalOtherIncomeExpensesNet": -26000000,
        "incomeBeforeTax": 176000000,
        "incomeBeforeTaxRatio": 0.0916189485,
        "incomeTaxExpense": 43000000,
        "netIncome": 131000000,
        "netIncomeRatio": 0.0681936491,
        "eps": 2,
        "epsdiluted": 1.97,
        "weightedAverageShsOut": 65400000,
        "weightedAverageShsOutDil": 66400000,
        "link": "https://www.sec.gov/Archives/edgar/data/1046257/000104625724000005/0001046257-24-000005-index.htm",
        "finalLink": "https://www.sec.gov/Archives/edgar/data/1046257/000104625724000005/ingr-20231231.htm"
    },
    {
        "date": "2023-09-30",
        "symbol": "INGR",
        "reportedCurrency": "USD",
        "cik": "0001046257",
        "fillingDate": "2023-11-07",
        "acceptedDate": "2023-11-07 14:39:06",
        "calendarYear": "2023",
        "period": "Q3",
        "revenue": 2033000000,
        "costOfRevenue": 1612000000,
        "grossProfit": 421000000,
        "grossProfitRatio": 0.2070831284,
        "researchAndDevelopmentExpenses": 0,
        "generalAndAdministrativeExpenses": 0,
        "sellingAndMarketingExpenses": 0,
        "sellingGeneralAndAdministrativeExpenses": 0,
        "otherExpenses": 208000000,
        "operatingExpenses": 208000000,
        "costAndExpenses": 1820000000,
        "interestIncome": 0,
        "interestExpense": 26000000,
        "depreciationAndAmortization": 56000000,
        "ebitda": 267000000,
        "ebitdaratio": 0.1313330054,
        "operatingIncome": 213000000,
        "operatingIncomeRatio": 0.104771274,
        "totalOtherIncomeExpensesNet": -28000000,
        "incomeBeforeTax": 185000000,
        "incomeBeforeTaxRatio": 0.0909985243,
        "incomeTaxExpense": 25000000,
        "netIncome": 158000000,
        "netIncomeRatio": 0.0777176586,
        "eps": 2.39,
        "epsdiluted": 2.36,
        "weightedAverageShsOut": 66000000,
        "weightedAverageShsOutDil": 67000000,
        "link": "https://www.sec.gov/Archives/edgar/data/1046257/000104625723000070/0001046257-23-000070-index.htm",
        "finalLink": "https://www.sec.gov/Archives/edgar/data/1046257/000104625723000070/ingr-20230930.htm"
    },
    {
        "date": "2023-06-30",
        "symbol": "INGR",
        "reportedCurrency": "USD",
        "cik": "0001046257",
        "fillingDate": "2023-08-08",
        "acceptedDate": "2023-08-08 14:19:34",
        "calendarYear": "2023",
        "period": "Q2",
        "revenue": 2069000000,
        "costOfRevenue": 1628000000,
        "grossProfit": 441000000,
        "grossProfitRatio": 0.2131464476,
        "researchAndDevelopmentExpenses": 0,
        "generalAndAdministrativeExpenses": 0,
        "sellingAndMarketingExpenses": 0,
        "sellingGeneralAndAdministrativeExpenses": 0,
        "otherExpenses": 190000000,
        "operatingExpenses": 190000000,
        "costAndExpenses": 1818000000,
        "interestIncome": 0,
        "interestExpense": 30000000,
        "depreciationAndAmortization": 55000000,
        "ebitda": 304000000,
        "ebitdaratio": 0.1469308845,
        "operatingIncome": 251000000,
        "operatingIncomeRatio": 0.1213146448,
        "totalOtherIncomeExpensesNet": -32000000,
        "incomeBeforeTax": 219000000,
        "incomeBeforeTaxRatio": 0.1058482359,
        "incomeTaxExpense": 55000000,
        "netIncome": 163000000,
        "netIncomeRatio": 0.0787820203,
        "eps": 2.46,
        "epsdiluted": 2.42,
        "weightedAverageShsOut": 66300000,
        "weightedAverageShsOutDil": 67300000,
        "link": "https://www.sec.gov/Archives/edgar/data/1046257/000104625723000059/0001046257-23-000059-index.htm",
        "finalLink": "https://www.sec.gov/Archives/edgar/data/1046257/000104625723000059/ingr-20230630.htm"
    },
    {
        "date": "2023-03-31",
        "symbol": "INGR",
        "reportedCurrency": "USD",
        "cik": "0001046257",
        "fillingDate": "2023-05-08",
        "acceptedDate": "2023-05-08 15:02:50",
        "calendarYear": "2023",
        "period": "Q1",
        "revenue": 2137000000,
        "costOfRevenue": 1650000000,
        "grossProfit": 487000000,
        "grossProfitRatio": 0.2278895648,
        "researchAndDevelopmentExpenses": 0,
        "generalAndAdministrativeExpenses": 0,
        "sellingAndMarketingExpenses": 0,
        "sellingGeneralAndAdministrativeExpenses": 0,
        "otherExpenses": 196000000,
        "operatingExpenses": 196000000,
        "costAndExpenses": 1846000000,
        "interestIncome": 0,
        "interestExpense": 32000000,
        "depreciationAndAmortization": 54000000,
        "ebitda": 345000000,
        "ebitdaratio": 0.1614412728,
        "operatingIncome": 291000000,
        "operatingIncomeRatio": 0.136172204,
        "totalOtherIncomeExpensesNet": -32000000,
        "incomeBeforeTax": 259000000,
        "incomeBeforeTaxRatio": 0.121197941,
        "incomeTaxExpense": 65000000,
        "netIncome": 191000000,
        "netIncomeRatio": 0.0893776322,
        "eps": 2.89,
        "epsdiluted": 2.85,
        "weightedAverageShsOut": 66100000,
        "weightedAverageShsOutDil": 67099999,
        "link": "https://www.sec.gov/Archives/edgar/data/1046257/000104625723000017/0001046257-23-000017-index.htm",
        "finalLink": "https://www.sec.gov/Archives/edgar/data/1046257/000104625723000017/ingr-20230331.htm"
    },
    {
        "date": "2022-12-31",
        "symbol": "INGR",
        "reportedCurrency": "USD",
        "cik": "0001046257",
        "fillingDate": "2023-02-21",
        "acceptedDate": "2023-02-21 15:57:12",
        "calendarYear": "2022",
        "period": "Q4",
        "revenue": 1987000000,
        "costOfRevenue": 1636000000,
        "grossProfit": 351000000,
        "grossProfitRatio": 0.1766482134,
        "researchAndDevelopmentExpenses": 0,
        "generalAndAdministrativeExpenses": 0,
        "sellingAndMarketingExpenses": 0,
        "sellingGeneralAndAdministrativeExpenses": 0,
        "otherExpenses": 194000000,
        "operatingExpenses": 194000000,
        "costAndExpenses": 1830000000,
        "interestIncome": 0,
        "interestExpense": 34000000,
        "depreciationAndAmortization": 55000000,
        "ebitda": 213000000,
        "ebitdaratio": 0.1071967791,
        "operatingIncome": 157000000,
        "operatingIncomeRatio": 0.0790135883,
        "totalOtherIncomeExpensesNet": -33000000,
        "incomeBeforeTax": 124000000,
        "incomeBeforeTaxRatio": 0.0624056366,
        "incomeTaxExpense": 9000000,
        "netIncome": 114000000,
        "netIncomeRatio": 0.057372924,
        "eps": 1.73,
        "epsdiluted": 1.71,
        "weightedAverageShsOut": 65800000,
        "weightedAverageShsOutDil": 66700000,
        "link": "https://www.sec.gov/Archives/edgar/data/1046257/000104625723000006/0001046257-23-000006-index.htm",
        "finalLink": "https://www.sec.gov/Archives/edgar/data/1046257/000104625723000006/ingr-20221231.htm"
    },
    {
        "date": "2022-09-30",
        "symbol": "INGR",
        "reportedCurrency": "USD",
        "cik": "0001046257",
        "fillingDate": "2022-11-07",
        "acceptedDate": "2022-11-07 16:04:14",
        "calendarYear": "2022",
        "period": "Q3",
        "revenue": 2023000000,
        "costOfRevenue": 1649000000,
        "grossProfit": 374000000,
        "grossProfitRatio": 0.1848739496,
        "researchAndDevelopmentExpenses": 0,
        "generalAndAdministrativeExpenses": 0,
        "sellingAndMarketingExpenses": 0,
        "sellingGeneralAndAdministrativeExpenses": 0,
        "otherExpenses": 192000000,
        "operatingExpenses": 192000000,
        "costAndExpenses": 1841000000,
        "interestIncome": 0,
        "interestExpense": 24000000,
        "depreciationAndAmortization": 53000000,
        "ebitda": 238000000,
        "ebitdaratio": 0.1176470588,
        "operatingIncome": 182000000,
        "operatingIncomeRatio": 0.0899653979,
        "totalOtherIncomeExpensesNet": -21000000,
        "incomeBeforeTax": 161000000,
        "incomeBeforeTaxRatio": 0.0795847751,
        "incomeTaxExpense": 52000000,
        "netIncome": 106000000,
        "netIncomeRatio": 0.0523974296,
        "eps": 1.61,
        "epsdiluted": 1.59,
        "weightedAverageShsOut": 65800000,
        "weightedAverageShsOutDil": 66600000,
        "link": "https://www.sec.gov/Archives/edgar/data/1046257/000155837022016605/0001558370-22-016605-index.htm",
        "finalLink": "https://www.sec.gov/Archives/edgar/data/1046257/000155837022016605/ingr-20220930x10q.htm"
    },
    {
        "date": "2022-06-30",
        "symbol": "INGR",
        "reportedCurrency": "USD",
        "cik": "0001046257",
        "fillingDate": "2022-08-09",
        "acceptedDate": "2022-08-09 14:05:49",
        "calendarYear": "2022",
        "period": "Q2",
        "revenue": 2044000000,
        "costOfRevenue": 1654000000,
        "grossProfit": 390000000,
        "grossProfitRatio": 0.1908023483,
        "researchAndDevelopmentExpenses": 0,
        "generalAndAdministrativeExpenses": 0,
        "sellingAndMarketingExpenses": 0,
        "sellingGeneralAndAdministrativeExpenses": 0,
        "otherExpenses": 177000000,
        "operatingExpenses": 177000000,
        "costAndExpenses": 1831000000,
        "interestIncome": 0,
        "interestExpense": 17000000,
        "depreciationAndAmortization": 54000000,
        "ebitda": 267000000,
        "ebitdaratio": 0.1306262231,
        "operatingIncome": 213000000,
        "operatingIncomeRatio": 0.1042074364,
        "totalOtherIncomeExpensesNet": -17000000,
        "incomeBeforeTax": 196000000,
        "incomeBeforeTaxRatio": 0.095890411,
        "incomeTaxExpense": 51000000,
        "netIncome": 142000000,
        "netIncomeRatio": 0.0694716243,
        "eps": 2.14,
        "epsdiluted": 2.12,
        "weightedAverageShsOut": 66400000,
        "weightedAverageShsOutDil": 67100000,
        "link": "https://www.sec.gov/Archives/edgar/data/1046257/000155837022012821/0001558370-22-012821-index.htm",
        "finalLink": "https://www.sec.gov/Archives/edgar/data/1046257/000155837022012821/ingr-20220630x10q.htm"
    },
    {
        "date": "2022-03-31",
        "symbol": "INGR",
        "reportedCurrency": "USD",
        "cik": "0001046257",
        "fillingDate": "2022-05-06",
        "acceptedDate": "2022-05-06 13:43:14",
        "calendarYear": "2022",
        "period": "Q1",
        "revenue": 1892000000,
        "costOfRevenue": 1513000000,
        "grossProfit": 379000000,
        "grossProfitRatio": 0.2003171247,
        "researchAndDevelopmentExpenses": 0,
        "generalAndAdministrativeExpenses": 0,
        "sellingAndMarketingExpenses": 0,
        "sellingGeneralAndAdministrativeExpenses": 0,
        "otherExpenses": 169000000,
        "operatingExpenses": 169000000,
        "costAndExpenses": 1682000000,
        "interestIncome": 0,
        "interestExpense": 24000000,
        "depreciationAndAmortization": 53000000,
        "ebitda": 264000000,
        "ebitdaratio": 0.1395348837,
        "operatingIncome": 210000000,
        "operatingIncomeRatio": 0.1109936575,
        "totalOtherIncomeExpensesNet": -23000000,
        "incomeBeforeTax": 187000000,
        "incomeBeforeTaxRatio": 0.0988372093,
        "incomeTaxExpense": 54000000,
        "netIncome": 130000000,
        "netIncomeRatio": 0.0687103594,
        "eps": 1.94,
        "epsdiluted": 1.92,
        "weightedAverageShsOut": 66900000,
        "weightedAverageShsOutDil": 67600000,
        "link": "https://www.sec.gov/Archives/edgar/data/1046257/000155837022007571/0001558370-22-007571-index.htm",
        "finalLink": "https://www.sec.gov/Archives/edgar/data/1046257/000155837022007571/ingr-20220331x10q.htm"
    },
    {
        "date": "2021-12-31",
        "symbol": "INGR",
        "reportedCurrency": "USD",
        "cik": "0001046257",
        "fillingDate": "2022-02-22",
        "acceptedDate": "2022-02-22 13:15:58",
        "calendarYear": "2021",
        "period": "Q4",
        "revenue": 1755000000,
        "costOfRevenue": 1465000000,
        "grossProfit": 290000000,
        "grossProfitRatio": 0.1652421652,
        "researchAndDevelopmentExpenses": 0,
        "generalAndAdministrativeExpenses": 0,
        "sellingAndMarketingExpenses": 0,
        "sellingGeneralAndAdministrativeExpenses": 0,
        "otherExpenses": 204000000,
        "operatingExpenses": 204000000,
        "costAndExpenses": 1669000000,
        "interestIncome": 0,
        "interestExpense": 16000000,
        "depreciationAndAmortization": 65000000,
        "ebitda": 159000000,
        "ebitdaratio": 0.0905982906,
        "operatingIncome": 86000000,
        "operatingIncomeRatio": 0.049002849,
        "totalOtherIncomeExpensesNet": -8000000,
        "incomeBeforeTax": 78000000,
        "incomeBeforeTaxRatio": 0.0444444444,
        "incomeTaxExpense": 10000000,
        "netIncome": 67000000,
        "netIncomeRatio": 0.0381766382,
        "eps": 1,
        "epsdiluted": 0.99,
        "weightedAverageShsOut": 66800000,
        "weightedAverageShsOutDil": 67600000,
        "link": "https://www.sec.gov/Archives/edgar/data/1046257/000155837022001549/0001558370-22-001549-index.htm",
        "finalLink": "https://www.sec.gov/Archives/edgar/data/1046257/000155837022001549/ingr-20211231x10k.htm"
    },
    {
        "date": "2021-09-30",
        "symbol": "INGR",
        "reportedCurrency": "USD",
        "cik": "0001046257",
        "fillingDate": "2021-11-05",
        "acceptedDate": "2021-11-05 15:50:01",
        "calendarYear": "2021",
        "period": "Q3",
        "revenue": 1763000000,
        "costOfRevenue": 1440000000,
        "grossProfit": 323000000,
        "grossProfitRatio": 0.1832104368,
        "researchAndDevelopmentExpenses": 0,
        "generalAndAdministrativeExpenses": 0,
        "sellingAndMarketingExpenses": 0,
        "sellingGeneralAndAdministrativeExpenses": 0,
        "otherExpenses": 151000000,
        "operatingExpenses": 151000000,
        "costAndExpenses": 1591000000,
        "interestIncome": 0,
        "interestExpense": 20000000,
        "depreciationAndAmortization": 52000000,
        "ebitda": 225000000,
        "ebitdaratio": 0.1276233693,
        "operatingIncome": 172000000,
        "operatingIncomeRatio": 0.0975609756,
        "totalOtherIncomeExpensesNet": -19000000,
        "incomeBeforeTax": 153000000,
        "incomeBeforeTaxRatio": 0.0867838911,
        "incomeTaxExpense": 34000000,
        "netIncome": 118000000,
        "netIncomeRatio": 0.066931367,
        "eps": 1.76,
        "epsdiluted": 1.75,
        "weightedAverageShsOut": 67000000,
        "weightedAverageShsOutDil": 67600000,
        "link": "https://www.sec.gov/Archives/edgar/data/1046257/000155837021014825/0001558370-21-014825-index.htm",
        "finalLink": "https://www.sec.gov/Archives/edgar/data/1046257/000155837021014825/ingr-20210930x10q.htm"
    },
    {
        "date": "2021-06-30",
        "symbol": "INGR",
        "reportedCurrency": "USD",
        "cik": "0001046257",
        "fillingDate": "2021-08-06",
        "acceptedDate": "2021-08-06 14:26:39",
        "calendarYear": "2021",
        "period": "Q2",
        "revenue": 1762000000,
        "costOfRevenue": 1395000000,
        "grossProfit": 367000000,
        "grossProfitRatio": 0.2082860386,
        "researchAndDevelopmentExpenses": 0,
        "generalAndAdministrativeExpenses": 0,
        "sellingAndMarketingExpenses": 0,
        "sellingGeneralAndAdministrativeExpenses": 0,
        "otherExpenses": 145000000,
        "operatingExpenses": 145000000,
        "costAndExpenses": 1540000000,
        "interestIncome": 0,
        "interestExpense": 19000000,
        "depreciationAndAmortization": 51000000,
        "ebitda": 275000000,
        "ebitdaratio": 0.1560726447,
        "operatingIncome": 222000000,
        "operatingIncomeRatio": 0.1259931896,
        "totalOtherIncomeExpensesNet": -17000000,
        "incomeBeforeTax": 205000000,
        "incomeBeforeTaxRatio": 0.1163450624,
        "incomeTaxExpense": 24000000,
        "netIncome": 178000000,
        "netIncomeRatio": 0.1010215664,
        "eps": 2.65,
        "epsdiluted": 2.62,
        "weightedAverageShsOut": 67200000,
        "weightedAverageShsOutDil": 67900000,
        "link": "https://www.sec.gov/Archives/edgar/data/1046257/000155837021010788/0001558370-21-010788-index.htm",
        "finalLink": "https://www.sec.gov/Archives/edgar/data/1046257/000155837021010788/ingr-20210630x10q.htm"
    },
    {
        "date": "2021-03-31",
        "symbol": "INGR",
        "reportedCurrency": "USD",
        "cik": "0001046257",
        "fillingDate": "2021-05-07",
        "acceptedDate": "2021-05-07 15:45:17",
        "calendarYear": "2021",
        "period": "Q1",
        "revenue": 1614000000,
        "costOfRevenue": 1263000000,
        "grossProfit": 351000000,
        "grossProfitRatio": 0.217472119,
        "researchAndDevelopmentExpenses": 0,
        "generalAndAdministrativeExpenses": 0,
        "sellingAndMarketingExpenses": 0,
        "sellingGeneralAndAdministrativeExpenses": 0,
        "otherExpenses": 521000000,
        "operatingExpenses": 521000000,
        "costAndExpenses": 1784000000,
        "interestIncome": 0,
        "interestExpense": 19000000,
        "depreciationAndAmortization": 52000000,
        "ebitda": -117000000,
        "ebitdaratio": -0.0724907063,
        "operatingIncome": -170000000,
        "operatingIncomeRatio": -0.1053283767,
        "totalOtherIncomeExpensesNet": -18000000,
        "incomeBeforeTax": -188000000,
        "incomeBeforeTaxRatio": -0.1164807931,
        "incomeTaxExpense": 55000000,
        "netIncome": -246000000,
        "netIncomeRatio": -0.1524163569,
        "eps": -3.66,
        "epsdiluted": -3.66,
        "weightedAverageShsOut": 67213114,
        "weightedAverageShsOutDil": 67300000,
        "link": "https://www.sec.gov/Archives/edgar/data/1046257/000155837021006479/0001558370-21-006479-index.htm",
        "finalLink": "https://www.sec.gov/Archives/edgar/data/1046257/000155837021006479/ingr-20210331x10q.htm"
    },
    {
        "date": "2020-12-31",
        "symbol": "INGR",
        "reportedCurrency": "USD",
        "cik": "0001046257",
        "fillingDate": "2021-02-24",
        "acceptedDate": "2021-02-24 17:11:05",
        "calendarYear": "2020",
        "period": "Q4",
        "revenue": 1593000000,
        "costOfRevenue": 1241000000,
        "grossProfit": 352000000,
        "grossProfitRatio": 0.2209667294,
        "researchAndDevelopmentExpenses": 0,
        "generalAndAdministrativeExpenses": 0,
        "sellingAndMarketingExpenses": 0,
        "sellingGeneralAndAdministrativeExpenses": 0,
        "otherExpenses": 189000000,
        "operatingExpenses": 189000000,
        "costAndExpenses": 1430000000,
        "interestIncome": 0,
        "interestExpense": 3000000,
        "depreciationAndAmortization": 55000000,
        "ebitda": 207000000,
        "ebitdaratio": 0.1299435028,
        "operatingIncome": 163000000,
        "operatingIncomeRatio": 0.1023226616,
        "totalOtherIncomeExpensesNet": -20000000,
        "incomeBeforeTax": 143000000,
        "incomeBeforeTaxRatio": 0.0897677338,
        "incomeTaxExpense": 27000000,
        "netIncome": 115000000,
        "netIncomeRatio": 0.0721908349,
        "eps": 1.71,
        "epsdiluted": 1.7,
        "weightedAverageShsOut": 67200000,
        "weightedAverageShsOutDil": 67600000,
        "link": "https://www.sec.gov/Archives/edgar/data/1046257/000155837021001632/0001558370-21-001632-index.htm",
        "finalLink": "https://www.sec.gov/Archives/edgar/data/1046257/000155837021001632/ingr-20201231x10k.htm"
    },
    {
        "date": "2020-09-30",
        "symbol": "INGR",
        "reportedCurrency": "USD",
        "cik": "0001046257",
        "fillingDate": "2020-11-06",
        "acceptedDate": "2020-11-06 16:26:37",
        "calendarYear": "2020",
        "period": "Q3",
        "revenue": 1502000000,
        "costOfRevenue": 1176000000,
        "grossProfit": 326000000,
        "grossProfitRatio": 0.2170439414,
        "researchAndDevelopmentExpenses": 0,
        "generalAndAdministrativeExpenses": 0,
        "sellingAndMarketingExpenses": 0,
        "sellingGeneralAndAdministrativeExpenses": 0,
        "otherExpenses": 173000000,
        "operatingExpenses": 173000000,
        "costAndExpenses": 1349000000,
        "interestIncome": 0,
        "interestExpense": 22000000,
        "depreciationAndAmortization": 52000000,
        "ebitda": 207000000,
        "ebitdaratio": 0.137816245,
        "operatingIncome": 153000000,
        "operatingIncomeRatio": 0.1018641811,
        "totalOtherIncomeExpensesNet": -20000000,
        "incomeBeforeTax": 133000000,
        "incomeBeforeTaxRatio": 0.0885486019,
        "incomeTaxExpense": 40000000,
        "netIncome": 92000000,
        "netIncomeRatio": 0.0612516644,
        "eps": 1.37,
        "epsdiluted": 1.36,
        "weightedAverageShsOut": 67200000,
        "weightedAverageShsOutDil": 67600000,
        "link": "https://www.sec.gov/Archives/edgar/data/1046257/000155837020013169/0001558370-20-013169-index.htm",
        "finalLink": "https://www.sec.gov/Archives/edgar/data/1046257/000155837020013169/ingr-20200930x10q.htm"
    },
    {
        "date": "2020-06-30",
        "symbol": "INGR",
        "reportedCurrency": "USD",
        "cik": "0001046257",
        "fillingDate": "2020-08-05",
        "acceptedDate": "2020-08-05 15:19:36",
        "calendarYear": "2020",
        "period": "Q2",
        "revenue": 1349000000,
        "costOfRevenue": 1078000000,
        "grossProfit": 271000000,
        "grossProfitRatio": 0.2008895478,
        "researchAndDevelopmentExpenses": 0,
        "generalAndAdministrativeExpenses": 0,
        "sellingAndMarketingExpenses": 0,
        "sellingGeneralAndAdministrativeExpenses": 0,
        "otherExpenses": 158000000,
        "operatingExpenses": 158000000,
        "costAndExpenses": 1236000000,
        "interestIncome": 0,
        "interestExpense": 19000000,
        "depreciationAndAmortization": 52000000,
        "ebitda": 165000000,
        "ebitdaratio": 0.1223128243,
        "operatingIncome": 113000000,
        "operatingIncomeRatio": 0.0837657524,
        "totalOtherIncomeExpensesNet": -19000000,
        "incomeBeforeTax": 94000000,
        "incomeBeforeTaxRatio": 0.0696812454,
        "incomeTaxExpense": 27000000,
        "netIncome": 66000000,
        "netIncomeRatio": 0.0489251297,
        "eps": 0.98,
        "epsdiluted": 0.98,
        "weightedAverageShsOut": 67200000,
        "weightedAverageShsOutDil": 67600000,
        "link": "https://www.sec.gov/Archives/edgar/data/1046257/000155837020009367/0001558370-20-009367-index.htm",
        "finalLink": "https://www.sec.gov/Archives/edgar/data/1046257/000155837020009367/ingr-20200630x10q.htm"
    },
    {
        "date": "2020-03-31",
        "symbol": "INGR",
        "reportedCurrency": "USD",
        "cik": "0001046257",
        "fillingDate": "2020-05-06",
        "acceptedDate": "2020-05-06 17:03:49",
        "calendarYear": "2020",
        "period": "Q1",
        "revenue": 1543000000,
        "costOfRevenue": 1220000000,
        "grossProfit": 323000000,
        "grossProfitRatio": 0.2093324692,
        "researchAndDevelopmentExpenses": 0,
        "generalAndAdministrativeExpenses": 0,
        "sellingAndMarketingExpenses": 0,
        "sellingGeneralAndAdministrativeExpenses": 0,
        "otherExpenses": 170000000,
        "operatingExpenses": 170000000,
        "costAndExpenses": 1390000000,
        "interestIncome": 0,
        "interestExpense": 18000000,
        "depreciationAndAmortization": 54000000,
        "ebitda": 208000000,
        "ebitdaratio": 0.1348023331,
        "operatingIncome": 153000000,
        "operatingIncomeRatio": 0.0991574854,
        "totalOtherIncomeExpensesNet": -17000000,
        "incomeBeforeTax": 136000000,
        "incomeBeforeTaxRatio": 0.088139987,
        "incomeTaxExpense": 58000000,
        "netIncome": 75000000,
        "netIncomeRatio": 0.0486066105,
        "eps": 1.12,
        "epsdiluted": 1.11,
        "weightedAverageShsOut": 67100000,
        "weightedAverageShsOutDil": 67800000,
        "link": "https://www.sec.gov/Archives/edgar/data/1046257/000155837020005442/0001558370-20-005442-index.htm",
        "finalLink": "https://www.sec.gov/Archives/edgar/data/1046257/000155837020005442/ingr-20200506x10q.htm"
    },
    {
        "date": "2019-12-31",
        "symbol": "INGR",
        "reportedCurrency": "USD",
        "cik": "0001046257",
        "fillingDate": "2020-02-19",
        "acceptedDate": "2020-02-19 15:42:27",
        "calendarYear": "2019",
        "period": "Q4",
        "revenue": 1549000000,
        "costOfRevenue": 1226000000,
        "grossProfit": 323000000,
        "grossProfitRatio": 0.2085216269,
        "researchAndDevelopmentExpenses": 0,
        "generalAndAdministrativeExpenses": 0,
        "sellingAndMarketingExpenses": 0,
        "sellingGeneralAndAdministrativeExpenses": 0,
        "otherExpenses": 153000000,
        "operatingExpenses": 153000000,
        "costAndExpenses": 1379000000,
        "interestIncome": 4000000,
        "interestExpense": 19000000,
        "depreciationAndAmortization": 62000000,
        "ebitda": 235000000,
        "ebitdaratio": 0.1517107811,
        "operatingIncome": 170000000,
        "operatingIncomeRatio": 0.1097482247,
        "totalOtherIncomeExpensesNet": -19000000,
        "incomeBeforeTax": 151000000,
        "incomeBeforeTaxRatio": 0.0974822466,
        "incomeTaxExpense": 38000000,
        "netIncome": 109000000,
        "netIncomeRatio": 0.0703679793,
        "eps": 1.63,
        "epsdiluted": 1.61,
        "weightedAverageShsOut": 67000000,
        "weightedAverageShsOutDil": 67500000,
        "link": "https://www.sec.gov/Archives/edgar/data/1046257/000155837020000978/0001558370-20-000978-index.htm",
        "finalLink": "https://www.sec.gov/Archives/edgar/data/1046257/000155837020000978/ingr-20191231x10k60356d.htm"
    },
    {
        "date": "2019-09-30",
        "symbol": "INGR",
        "reportedCurrency": "USD",
        "cik": "0001046257",
        "fillingDate": "2019-11-06",
        "acceptedDate": "2019-11-06 12:01:29",
        "calendarYear": "2019",
        "period": "Q3",
        "revenue": 1574000000,
        "costOfRevenue": 1230000000,
        "grossProfit": 344000000,
        "grossProfitRatio": 0.2185514612,
        "researchAndDevelopmentExpenses": 0,
        "generalAndAdministrativeExpenses": 0,
        "sellingAndMarketingExpenses": 0,
        "sellingGeneralAndAdministrativeExpenses": 0,
        "otherExpenses": 179000000,
        "operatingExpenses": 179000000,
        "costAndExpenses": 1409000000,
        "interestIncome": 0,
        "interestExpense": 24000000,
        "depreciationAndAmortization": 55000000,
        "ebitda": 219000000,
        "ebitdaratio": 0.1391359593,
        "operatingIncome": 165000000,
        "operatingIncomeRatio": 0.1048284625,
        "totalOtherIncomeExpensesNet": -25000000,
        "incomeBeforeTax": 140000000,
        "incomeBeforeTaxRatio": 0.0889453621,
        "incomeTaxExpense": 38000000,
        "netIncome": 99000000,
        "netIncomeRatio": 0.0628970775,
        "eps": 1.48,
        "epsdiluted": 1.47,
        "weightedAverageShsOut": 66900000,
        "weightedAverageShsOutDil": 67400000,
        "link": "https://www.sec.gov/Archives/edgar/data/1046257/000155837019010101/0001558370-19-010101-index.htm",
        "finalLink": "https://www.sec.gov/Archives/edgar/data/1046257/000155837019010101/ingr-20190930x10qa93556.htm"
    },
    {
        "date": "2019-06-30",
        "symbol": "INGR",
        "reportedCurrency": "USD",
        "cik": "0001046257",
        "fillingDate": "2019-08-02",
        "acceptedDate": "2019-08-02 13:53:36",
        "calendarYear": "2019",
        "period": "Q2",
        "revenue": 1550000000,
        "costOfRevenue": 1221000000,
        "grossProfit": 329000000,
        "grossProfitRatio": 0.2122580645,
        "researchAndDevelopmentExpenses": 0,
        "generalAndAdministrativeExpenses": 0,
        "sellingAndMarketingExpenses": 0,
        "sellingGeneralAndAdministrativeExpenses": 0,
        "otherExpenses": 161000000,
        "operatingExpenses": 161000000,
        "costAndExpenses": 1382000000,
        "interestIncome": 0,
        "interestExpense": 16000000,
        "depreciationAndAmortization": 52000000,
        "ebitda": 220000000,
        "ebitdaratio": 0.1419354839,
        "operatingIncome": 168000000,
        "operatingIncomeRatio": 0.1083870968,
        "totalOtherIncomeExpensesNet": -16000000,
        "incomeBeforeTax": 152000000,
        "incomeBeforeTaxRatio": 0.0980645161,
        "incomeTaxExpense": 45000000,
        "netIncome": 105000000,
        "netIncomeRatio": 0.0677419355,
        "eps": 1.57,
        "epsdiluted": 1.56,
        "weightedAverageShsOut": 66900000,
        "weightedAverageShsOutDil": 67400000,
        "link": "https://www.sec.gov/Archives/edgar/data/1046257/000155837019006930/0001558370-19-006930-index.htm",
        "finalLink": "https://www.sec.gov/Archives/edgar/data/1046257/000155837019006930/ingr-20190630x10q.htm"
    },
    {
        "date": "2019-03-31",
        "symbol": "INGR",
        "reportedCurrency": "USD",
        "cik": "0001046257",
        "fillingDate": "2019-05-03",
        "acceptedDate": "2019-05-03 14:34:00",
        "calendarYear": "2019",
        "period": "Q1",
        "revenue": 1536000000,
        "costOfRevenue": 1220000000,
        "grossProfit": 316000000,
        "grossProfitRatio": 0.2057291667,
        "researchAndDevelopmentExpenses": 0,
        "generalAndAdministrativeExpenses": 0,
        "sellingAndMarketingExpenses": 0,
        "sellingGeneralAndAdministrativeExpenses": 0,
        "otherExpenses": 155000000,
        "operatingExpenses": 155000000,
        "costAndExpenses": 1375000000,
        "interestIncome": 0,
        "interestExpense": 22000000,
        "depreciationAndAmortization": 51000000,
        "ebitda": 212000000,
        "ebitdaratio": 0.1380208333,
        "operatingIncome": 161000000,
        "operatingIncomeRatio": 0.1048177083,
        "totalOtherIncomeExpensesNet": -22000000,
        "incomeBeforeTax": 139000000,
        "incomeBeforeTaxRatio": 0.0904947917,
        "incomeTaxExpense": 37000000,
        "netIncome": 100000000,
        "netIncomeRatio": 0.0651041667,
        "eps": 1.5,
        "epsdiluted": 1.48,
        "weightedAverageShsOut": 66800000,
        "weightedAverageShsOutDil": 67400000,
        "link": "https://www.sec.gov/Archives/edgar/data/1046257/000155837019003951/0001558370-19-003951-index.htm",
        "finalLink": "https://www.sec.gov/Archives/edgar/data/1046257/000155837019003951/ingr-20190331x10q.htm"
    },
    {
        "date": "2018-12-31",
        "symbol": "INGR",
        "reportedCurrency": "USD",
        "cik": "0001046257",
        "fillingDate": "2019-02-25",
        "acceptedDate": "2019-02-25 16:41:09",
        "calendarYear": "2018",
        "period": "Q4",
        "revenue": 1537000000,
        "costOfRevenue": 1217000000,
        "grossProfit": 320000000,
        "grossProfitRatio": 0.2081977879,
        "researchAndDevelopmentExpenses": 0,
        "generalAndAdministrativeExpenses": 0,
        "sellingAndMarketingExpenses": 0,
        "sellingGeneralAndAdministrativeExpenses": 0,
        "otherExpenses": 162000000,
        "operatingExpenses": 162000000,
        "costAndExpenses": 1379000000,
        "interestIncome": 0,
        "interestExpense": 21000000,
        "depreciationAndAmortization": 59000000,
        "ebitda": 213000000,
        "ebitdaratio": 0.1385816526,
        "operatingIncome": 158000000,
        "operatingIncomeRatio": 0.1027976578,
        "totalOtherIncomeExpensesNet": -20000000,
        "incomeBeforeTax": 138000000,
        "incomeBeforeTaxRatio": 0.089785296,
        "incomeTaxExpense": 41000000,
        "netIncome": 94000000,
        "netIncomeRatio": 0.0611581002,
        "eps": 1.38,
        "epsdiluted": 1.36,
        "weightedAverageShsOut": 68300000,
        "weightedAverageShsOutDil": 69100000,
        "link": "https://www.sec.gov/Archives/edgar/data/1046257/000155837019000999/0001558370-19-000999-index.htm",
        "finalLink": "https://www.sec.gov/Archives/edgar/data/1046257/000155837019000999/ingr-20181231x10k.htm"
    },
    {
        "date": "2018-09-30",
        "symbol": "INGR",
        "reportedCurrency": "USD",
        "cik": "0001046257",
        "fillingDate": "2018-11-02",
        "acceptedDate": "2018-11-02 14:59:34",
        "calendarYear": "2018",
        "period": "Q3",
        "revenue": 1563000000,
        "costOfRevenue": 1229000000,
        "grossProfit": 334000000,
        "grossProfitRatio": 0.2136916187,
        "researchAndDevelopmentExpenses": 0,
        "generalAndAdministrativeExpenses": 0,
        "sellingAndMarketingExpenses": 0,
        "sellingGeneralAndAdministrativeExpenses": 0,
        "otherExpenses": 179000000,
        "operatingExpenses": 179000000,
        "costAndExpenses": 1408000000,
        "interestIncome": 0,
        "interestExpense": 24000000,
        "depreciationAndAmortization": 81000000,
        "ebitda": 237000000,
        "ebitdaratio": 0.1516314779,
        "operatingIncome": 155000000,
        "operatingIncomeRatio": 0.0991682662,
        "totalOtherIncomeExpensesNet": -23000000,
        "incomeBeforeTax": 132000000,
        "incomeBeforeTaxRatio": 0.084452975,
        "incomeTaxExpense": 34000000,
        "netIncome": 95000000,
        "netIncomeRatio": 0.0607805502,
        "eps": 1.33,
        "epsdiluted": 1.32,
        "weightedAverageShsOut": 71200000,
        "weightedAverageShsOutDil": 71900000,
        "link": "https://www.sec.gov/Archives/edgar/data/1046257/000155837018008360/0001558370-18-008360-index.htm",
        "finalLink": "https://www.sec.gov/Archives/edgar/data/1046257/000155837018008360/ingr-20180930x10q.htm"
    },
    {
        "date": "2018-06-30",
        "symbol": "INGR",
        "reportedCurrency": "USD",
        "cik": "0001046257",
        "fillingDate": "2018-08-03",
        "acceptedDate": "2018-08-03 11:47:13",
        "calendarYear": "2018",
        "period": "Q2",
        "revenue": 1608000000,
        "costOfRevenue": 1248000000,
        "grossProfit": 360000000,
        "grossProfitRatio": 0.223880597,
        "researchAndDevelopmentExpenses": 0,
        "generalAndAdministrativeExpenses": 0,
        "sellingAndMarketingExpenses": 0,
        "sellingGeneralAndAdministrativeExpenses": 0,
        "otherExpenses": 167000000,
        "operatingExpenses": 167000000,
        "costAndExpenses": 1415000000,
        "interestIncome": 0,
        "interestExpense": 25000000,
        "depreciationAndAmortization": 53000000,
        "ebitda": 247000000,
        "ebitdaratio": 0.1536069652,
        "operatingIncome": 193000000,
        "operatingIncomeRatio": 0.1200248756,
        "totalOtherIncomeExpensesNet": -24000000,
        "incomeBeforeTax": 169000000,
        "incomeBeforeTaxRatio": 0.1050995025,
        "incomeTaxExpense": 53000000,
        "netIncome": 114000000,
        "netIncomeRatio": 0.0708955224,
        "eps": 1.59,
        "epsdiluted": 1.57,
        "weightedAverageShsOut": 71900000,
        "weightedAverageShsOutDil": 72800000,
        "link": "https://www.sec.gov/Archives/edgar/data/1046257/000155837018006330/0001558370-18-006330-index.htm",
        "finalLink": "https://www.sec.gov/Archives/edgar/data/1046257/000155837018006330/ingr-20180630x10q.htm"
    },
    {
        "date": "2018-03-31",
        "symbol": "INGR",
        "reportedCurrency": "USD",
        "cik": "0001046257",
        "fillingDate": "2018-05-04",
        "acceptedDate": "2018-05-04 15:43:19",
        "calendarYear": "2018",
        "period": "Q1",
        "revenue": 1581000000,
        "costOfRevenue": 1227000000,
        "grossProfit": 354000000,
        "grossProfitRatio": 0.2239089184,
        "researchAndDevelopmentExpenses": 0,
        "generalAndAdministrativeExpenses": 0,
        "sellingAndMarketingExpenses": 0,
        "sellingGeneralAndAdministrativeExpenses": 0,
        "otherExpenses": 157000000,
        "operatingExpenses": 157000000,
        "costAndExpenses": 1384000000,
        "interestIncome": 0,
        "interestExpense": 16000000,
        "depreciationAndAmortization": 54000000,
        "ebitda": 252000000,
        "ebitdaratio": 0.1593927894,
        "operatingIncome": 197000000,
        "operatingIncomeRatio": 0.1246046806,
        "totalOtherIncomeExpensesNet": -15000000,
        "incomeBeforeTax": 182000000,
        "incomeBeforeTaxRatio": 0.1151170145,
        "incomeTaxExpense": 39000000,
        "netIncome": 140000000,
        "netIncomeRatio": 0.0885515497,
        "eps": 1.94,
        "epsdiluted": 1.9,
        "weightedAverageShsOut": 72300000,
        "weightedAverageShsOutDil": 73600000,
        "link": "https://www.sec.gov/Archives/edgar/data/1046257/000155837018004017/0001558370-18-004017-index.htm",
        "finalLink": "https://www.sec.gov/Archives/edgar/data/1046257/000155837018004017/ingr-20180331x10q.htm"
    },
    {
        "date": "2017-12-31",
        "symbol": "INGR",
        "reportedCurrency": "USD",
        "cik": "0001046257",
        "fillingDate": "2018-02-21",
        "acceptedDate": "2018-02-21 16:54:20",
        "calendarYear": "2017",
        "period": "Q4",
        "revenue": 1527000000,
        "costOfRevenue": 1167000000,
        "grossProfit": 360000000,
        "grossProfitRatio": 0.2357563851,
        "researchAndDevelopmentExpenses": 0,
        "generalAndAdministrativeExpenses": 458000000,
        "sellingAndMarketingExpenses": 0,
        "sellingGeneralAndAdministrativeExpenses": 0,
        "otherExpenses": 157000000,
        "operatingExpenses": 157000000,
        "costAndExpenses": 1324000000,
        "interestIncome": 5000000,
        "interestExpense": 16000000,
        "depreciationAndAmortization": 53000000,
        "ebitda": 262000000,
        "ebitdaratio": 0.171578258,
        "operatingIncome": 203000000,
        "operatingIncomeRatio": 0.132940406,
        "totalOtherIncomeExpensesNet": -16000000,
        "incomeBeforeTax": 187000000,
        "incomeBeforeTaxRatio": 0.1224623445,
        "incomeTaxExpense": 84000000,
        "netIncome": 99000000,
        "netIncomeRatio": 0.0648330059,
        "eps": 1.37,
        "epsdiluted": 1.35,
        "weightedAverageShsOut": 72100000,
        "weightedAverageShsOutDil": 73600000,
        "link": "https://www.sec.gov/Archives/edgar/data/1046257/000155837018000857/0001558370-18-000857-index.htm",
        "finalLink": "https://www.sec.gov/Archives/edgar/data/1046257/000155837018000857/ingr-20171231x10k.htm"
    },
    {
        "date": "2017-09-30",
        "symbol": "INGR",
        "reportedCurrency": "USD",
        "cik": "0001046257",
        "fillingDate": "2017-11-03",
        "acceptedDate": "2017-11-03 13:39:42",
        "calendarYear": "2017",
        "period": "Q3",
        "revenue": 1574000000,
        "costOfRevenue": 1203000000,
        "grossProfit": 388000000,
        "grossProfitRatio": 0.2465057179,
        "researchAndDevelopmentExpenses": 0,
        "generalAndAdministrativeExpenses": 152000000,
        "sellingAndMarketingExpenses": 0,
        "sellingGeneralAndAdministrativeExpenses": 152000000,
        "otherExpenses": 5000000,
        "operatingExpenses": 157000000,
        "costAndExpenses": 1360000000,
        "interestIncome": 0,
        "interestExpense": 16000000,
        "depreciationAndAmortization": 53000000,
        "ebitda": 286000000,
        "ebitdaratio": 0.1817026684,
        "operatingIncome": 231000000,
        "operatingIncomeRatio": 0.1467598475,
        "totalOtherIncomeExpensesNet": -14000000,
        "incomeBeforeTax": 217000000,
        "incomeBeforeTaxRatio": 0.1378653113,
        "incomeTaxExpense": 48000000,
        "netIncome": 166000000,
        "netIncomeRatio": 0.1054637865,
        "eps": 2.31,
        "epsdiluted": 2.26,
        "weightedAverageShsOut": 71900000,
        "weightedAverageShsOutDil": 73300000,
        "link": "https://www.sec.gov/Archives/edgar/data/1046257/000155837017008096/0001558370-17-008096-index.htm",
        "finalLink": "https://www.sec.gov/Archives/edgar/data/1046257/000155837017008096/ingr-20170930x10q.htm"
    },
    {
        "date": "2017-06-30",
        "symbol": "INGR",
        "reportedCurrency": "USD",
        "cik": "0001046257",
        "fillingDate": "2017-08-02",
        "acceptedDate": "2017-08-02 15:38:07",
        "calendarYear": "2017",
        "period": "Q2",
        "revenue": 1542000000,
        "costOfRevenue": 1185000000,
        "grossProfit": 373000000,
        "grossProfitRatio": 0.2418936446,
        "researchAndDevelopmentExpenses": 0,
        "generalAndAdministrativeExpenses": 157000000,
        "sellingAndMarketingExpenses": 0,
        "sellingGeneralAndAdministrativeExpenses": 157000000,
        "otherExpenses": 6000000,
        "operatingExpenses": 163000000,
        "costAndExpenses": 1348000000,
        "interestIncome": 0,
        "interestExpense": 20000000,
        "depreciationAndAmortization": 52000000,
        "ebitda": 263000000,
        "ebitdaratio": 0.1705577173,
        "operatingIncome": 210000000,
        "operatingIncomeRatio": 0.1361867704,
        "totalOtherIncomeExpensesNet": -19000000,
        "incomeBeforeTax": 191000000,
        "incomeBeforeTaxRatio": 0.1238651102,
        "incomeTaxExpense": 58000000,
        "netIncome": 130000000,
        "netIncomeRatio": 0.084306096,
        "eps": 1.81,
        "epsdiluted": 1.78,
        "weightedAverageShsOut": 71800000,
        "weightedAverageShsOutDil": 73200000,
        "link": "https://www.sec.gov/Archives/edgar/data/1046257/000155837017005698/0001558370-17-005698-index.htm",
        "finalLink": "https://www.sec.gov/Archives/edgar/data/1046257/000155837017005698/ingr-20170630x10q.htm"
    },
    {
        "date": "2017-03-31",
        "symbol": "INGR",
        "reportedCurrency": "USD",
        "cik": "0001046257",
        "fillingDate": "2017-05-05",
        "acceptedDate": "2017-05-05 12:58:28",
        "calendarYear": "2017",
        "period": "Q1",
        "revenue": 1537000000,
        "costOfRevenue": 1201000000,
        "grossProfit": 351000000,
        "grossProfitRatio": 0.2283669486,
        "researchAndDevelopmentExpenses": 0,
        "generalAndAdministrativeExpenses": 149000000,
        "sellingAndMarketingExpenses": 0,
        "sellingGeneralAndAdministrativeExpenses": 149000000,
        "otherExpenses": 9000000,
        "operatingExpenses": 158000000,
        "costAndExpenses": 1359000000,
        "interestIncome": 0,
        "interestExpense": 21000000,
        "depreciationAndAmortization": 51000000,
        "ebitda": 246000000,
        "ebitdaratio": 0.1600520494,
        "operatingIncome": 193000000,
        "operatingIncomeRatio": 0.1255692908,
        "totalOtherIncomeExpensesNet": -19000000,
        "incomeBeforeTax": 174000000,
        "incomeBeforeTaxRatio": 0.1132075472,
        "incomeTaxExpense": 47000000,
        "netIncome": 124000000,
        "netIncomeRatio": 0.0806766428,
        "eps": 1.72,
        "epsdiluted": 1.68,
        "weightedAverageShsOut": 72200000,
        "weightedAverageShsOutDil": 73700000,
        "link": "https://www.sec.gov/Archives/edgar/data/1046257/000155837017003628/0001558370-17-003628-index.htm",
        "finalLink": "https://www.sec.gov/Archives/edgar/data/1046257/000155837017003628/ingr-20170331x10q.htm"
    },
    {
        "date": "2016-12-31",
        "symbol": "INGR",
        "reportedCurrency": "USD",
        "cik": "0001046257",
        "fillingDate": "2017-02-22",
        "acceptedDate": "2017-02-22 13:56:23",
        "calendarYear": "2016",
        "period": "Q4",
        "revenue": 1484200000,
        "costOfRevenue": 1146000000,
        "grossProfit": 339000000,
        "grossProfitRatio": 0.2284058752,
        "researchAndDevelopmentExpenses": 0,
        "generalAndAdministrativeExpenses": 148000000,
        "sellingAndMarketingExpenses": -100000,
        "sellingGeneralAndAdministrativeExpenses": 148000000,
        "otherExpenses": 2000000,
        "operatingExpenses": 150000000,
        "costAndExpenses": 1296000000,
        "interestIncome": 3200000,
        "interestExpense": 18200000,
        "depreciationAndAmortization": 50000000,
        "ebitda": 246000000,
        "ebitdaratio": 0.1657458564,
        "operatingIncome": 189000000,
        "operatingIncomeRatio": 0.1273413287,
        "totalOtherIncomeExpensesNet": -18000000,
        "incomeBeforeTax": 170600000,
        "incomeBeforeTaxRatio": 0.1149440776,
        "incomeTaxExpense": 74000000,
        "netIncome": 94000000,
        "netIncomeRatio": 0.0633337825,
        "eps": 1.29,
        "epsdiluted": 1.26,
        "weightedAverageShsOut": 72600000,
        "weightedAverageShsOutDil": 74300000,
        "link": "https://www.sec.gov/Archives/edgar/data/1046257/000155837017000769/0001558370-17-000769-index.htm",
        "finalLink": "https://www.sec.gov/Archives/edgar/data/1046257/000155837017000769/ingr-20161231x10k.htm"
    },
    {
        "date": "2016-09-30",
        "symbol": "INGR",
        "reportedCurrency": "USD",
        "cik": "0001046257",
        "fillingDate": "2016-11-03",
        "acceptedDate": "2016-11-03 16:26:14",
        "calendarYear": "2016",
        "period": "Q3",
        "revenue": 1568800000,
        "costOfRevenue": 1200000000,
        "grossProfit": 369000000,
        "grossProfitRatio": 0.2352116267,
        "researchAndDevelopmentExpenses": 0,
        "generalAndAdministrativeExpenses": 149000000,
        "sellingAndMarketingExpenses": -600000,
        "sellingGeneralAndAdministrativeExpenses": 149000000,
        "otherExpenses": -1000000,
        "operatingExpenses": 148000000,
        "costAndExpenses": 1348000000,
        "interestIncome": 0,
        "interestExpense": 15000000,
        "depreciationAndAmortization": 50000000,
        "ebitda": 271000000,
        "ebitdaratio": 0.1727434982,
        "operatingIncome": 221000000,
        "operatingIncomeRatio": 0.1408720041,
        "totalOtherIncomeExpensesNet": -15000000,
        "incomeBeforeTax": 206100000,
        "incomeBeforeTaxRatio": 0.1313742988,
        "incomeTaxExpense": 60200000,
        "netIncome": 143000000,
        "netIncomeRatio": 0.0911524732,
        "eps": 1.98,
        "epsdiluted": 1.93,
        "weightedAverageShsOut": 72500000,
        "weightedAverageShsOutDil": 74300000,
        "link": "https://www.sec.gov/Archives/edgar/data/1046257/000155837016009228/0001558370-16-009228-index.htm",
        "finalLink": "https://www.sec.gov/Archives/edgar/data/1046257/000155837016009228/ingr-20160930x10q.htm"
    },
    {
        "date": "2016-06-30",
        "symbol": "INGR",
        "reportedCurrency": "USD",
        "cik": "0001046257",
        "fillingDate": "2016-07-29",
        "acceptedDate": "2016-07-29 14:10:48",
        "calendarYear": "2016",
        "period": "Q2",
        "revenue": 1532700000,
        "costOfRevenue": 1178000000,
        "grossProfit": 355000000,
        "grossProfitRatio": 0.2316174072,
        "researchAndDevelopmentExpenses": 0,
        "generalAndAdministrativeExpenses": 144000000,
        "sellingAndMarketingExpenses": -200000,
        "sellingGeneralAndAdministrativeExpenses": 144000000,
        "otherExpenses": 13000000,
        "operatingExpenses": 157000000,
        "costAndExpenses": 1335000000,
        "interestIncome": 0,
        "interestExpense": 18700000,
        "depreciationAndAmortization": 49000000,
        "ebitda": 247000000,
        "ebitdaratio": 0.1611535199,
        "operatingIncome": 198000000,
        "operatingIncomeRatio": 0.1291837933,
        "totalOtherIncomeExpensesNet": -19000000,
        "incomeBeforeTax": 179000000,
        "incomeBeforeTaxRatio": 0.1167873687,
        "incomeTaxExpense": 58800000,
        "netIncome": 117000000,
        "netIncomeRatio": 0.0763358779,
        "eps": 1.62,
        "epsdiluted": 1.58,
        "weightedAverageShsOut": 72200000,
        "weightedAverageShsOutDil": 74000000,
        "link": "https://www.sec.gov/Archives/edgar/data/1046257/000155837016006960/0001558370-16-006960-index.htm",
        "finalLink": "https://www.sec.gov/Archives/edgar/data/1046257/000155837016006960/ingr-20160630x10q.htm"
    },
    {
        "date": "2016-03-31",
        "symbol": "INGR",
        "reportedCurrency": "USD",
        "cik": "0001046257",
        "fillingDate": "2016-04-29",
        "acceptedDate": "2016-04-29 12:09:15",
        "calendarYear": "2016",
        "period": "Q1",
        "revenue": 1433500000,
        "costOfRevenue": 1095000000,
        "grossProfit": 339000000,
        "grossProfitRatio": 0.2364841298,
        "researchAndDevelopmentExpenses": 0,
        "generalAndAdministrativeExpenses": 138000000,
        "sellingAndMarketingExpenses": 400000,
        "sellingGeneralAndAdministrativeExpenses": 138000000,
        "otherExpenses": 1000000,
        "operatingExpenses": 139000000,
        "costAndExpenses": 1234000000,
        "interestIncome": 0,
        "interestExpense": 14200000,
        "depreciationAndAmortization": 47000000,
        "ebitda": 247000000,
        "ebitdaratio": 0.1723055459,
        "operatingIncome": 200000000,
        "operatingIncomeRatio": 0.1395186606,
        "totalOtherIncomeExpensesNet": -14000000,
        "incomeBeforeTax": 186100000,
        "incomeBeforeTaxRatio": 0.1298221137,
        "incomeTaxExpense": 56100000,
        "netIncome": 130000000,
        "netIncomeRatio": 0.0906871294,
        "eps": 1.81,
        "epsdiluted": 1.77,
        "weightedAverageShsOut": 72000000,
        "weightedAverageShsOutDil": 73600000,
        "link": "https://www.sec.gov/Archives/edgar/data/1046257/000155837016005014/0001558370-16-005014-index.htm",
        "finalLink": "https://www.sec.gov/Archives/edgar/data/1046257/000155837016005014/ingr-20160331x10q.htm"
    },
    {
        "date": "2015-12-31",
        "symbol": "INGR",
        "reportedCurrency": "USD",
        "cik": "0001046257",
        "fillingDate": "2016-02-19",
        "acceptedDate": "2016-02-19 14:34:38",
        "calendarYear": "2015",
        "period": "Q4",
        "revenue": 1488600000,
        "costOfRevenue": 1175600000,
        "grossProfit": 312800000,
        "grossProfitRatio": 0.2101303238,
        "researchAndDevelopmentExpenses": 0,
        "generalAndAdministrativeExpenses": 139500000,
        "sellingAndMarketingExpenses": -700000,
        "sellingGeneralAndAdministrativeExpenses": 139500000,
        "otherExpenses": 300000,
        "operatingExpenses": 139800000,
        "costAndExpenses": 1315400000,
        "interestIncome": 6700000,
        "interestExpense": 17500000,
        "depreciationAndAmortization": 49000000,
        "ebitda": 230000000,
        "ebitdaratio": 0.154507591,
        "operatingIncome": 173000000,
        "operatingIncomeRatio": 0.1162165793,
        "totalOtherIncomeExpensesNet": -16800000,
        "incomeBeforeTax": 155800000,
        "incomeBeforeTaxRatio": 0.1046620986,
        "incomeTaxExpense": 48600000,
        "netIncome": 103800000,
        "netIncomeRatio": 0.0697299476,
        "eps": 1.45,
        "epsdiluted": 1.42,
        "weightedAverageShsOut": 71700000,
        "weightedAverageShsOutDil": 73100000,
        "link": "https://www.sec.gov/Archives/edgar/data/1046257/000110465916098429/0001104659-16-098429-index.htm",
        "finalLink": "https://www.sec.gov/Archives/edgar/data/1046257/000110465916098429/a15-23372_110k.htm"
    },
    {
        "date": "2015-09-30",
        "symbol": "INGR",
        "reportedCurrency": "USD",
        "cik": "0001046257",
        "fillingDate": "2015-10-30",
        "acceptedDate": "2015-10-30 13:05:27",
        "calendarYear": "2015",
        "period": "Q3",
        "revenue": 1524000000,
        "costOfRevenue": 1194000000,
        "grossProfit": 330000000,
        "grossProfitRatio": 0.2165354331,
        "researchAndDevelopmentExpenses": 0,
        "generalAndAdministrativeExpenses": 139200000,
        "sellingAndMarketingExpenses": 0,
        "sellingGeneralAndAdministrativeExpenses": 139000000,
        "otherExpenses": 16000000,
        "operatingExpenses": 155000000,
        "costAndExpenses": 1349000000,
        "interestIncome": 0,
        "interestExpense": 13800000,
        "depreciationAndAmortization": 49000000,
        "ebitda": 224000000,
        "ebitdaratio": 0.1469816273,
        "operatingIncome": 175000000,
        "operatingIncomeRatio": 0.1148293963,
        "totalOtherIncomeExpensesNet": -14000000,
        "incomeBeforeTax": 161200000,
        "incomeBeforeTaxRatio": 0.1057742782,
        "incomeTaxExpense": 51200000,
        "netIncome": 108000000,
        "netIncomeRatio": 0.0708661417,
        "eps": 1.51,
        "epsdiluted": 1.48,
        "weightedAverageShsOut": 71600000,
        "weightedAverageShsOutDil": 72900000,
        "link": "https://www.sec.gov/Archives/edgar/data/1046257/000110465915074445/0001104659-15-074445-index.htm",
        "finalLink": "https://www.sec.gov/Archives/edgar/data/1046257/000110465915074445/a15-17814_110q.htm"
    },
    {
        "date": "2015-06-30",
        "symbol": "INGR",
        "reportedCurrency": "USD",
        "cik": "0001046257",
        "fillingDate": "2015-07-31",
        "acceptedDate": "2015-07-31 12:23:15",
        "calendarYear": "2015",
        "period": "Q2",
        "revenue": 1535600000,
        "costOfRevenue": 1217000000,
        "grossProfit": 319000000,
        "grossProfitRatio": 0.2077363897,
        "researchAndDevelopmentExpenses": 0,
        "generalAndAdministrativeExpenses": 144300000,
        "sellingAndMarketingExpenses": 0,
        "sellingGeneralAndAdministrativeExpenses": 144000000,
        "otherExpenses": 2000000,
        "operatingExpenses": 146000000,
        "costAndExpenses": 1363000000,
        "interestIncome": 0,
        "interestExpense": 16300000,
        "depreciationAndAmortization": 49000000,
        "ebitda": 222000000,
        "ebitdaratio": 0.1445688982,
        "operatingIncome": 173000000,
        "operatingIncomeRatio": 0.1126595468,
        "totalOtherIncomeExpensesNet": -17000000,
        "incomeBeforeTax": 156200000,
        "incomeBeforeTaxRatio": 0.1017191977,
        "incomeTaxExpense": 47300000,
        "netIncome": 107000000,
        "netIncomeRatio": 0.0696796041,
        "eps": 1.49,
        "epsdiluted": 1.47,
        "weightedAverageShsOut": 71600000,
        "weightedAverageShsOutDil": 72700000,
        "link": "https://www.sec.gov/Archives/edgar/data/1046257/000110465915055120/0001104659-15-055120-index.htm",
        "finalLink": "https://www.sec.gov/Archives/edgar/data/1046257/000110465915055120/a15-11879_110q.htm"
    },
    {
        "date": "2015-03-31",
        "symbol": "INGR",
        "reportedCurrency": "USD",
        "cik": "0001046257",
        "fillingDate": "2015-05-06",
        "acceptedDate": "2015-05-06 13:05:27",
        "calendarYear": "2015",
        "period": "Q1",
        "revenue": 1410000000,
        "costOfRevenue": 1129000000,
        "grossProfit": 281000000,
        "grossProfitRatio": 0.1992907801,
        "researchAndDevelopmentExpenses": 0,
        "generalAndAdministrativeExpenses": 132000000,
        "sellingAndMarketingExpenses": 0,
        "sellingGeneralAndAdministrativeExpenses": 132000000,
        "otherExpenses": 9000000,
        "operatingExpenses": 141000000,
        "costAndExpenses": 1270000000,
        "interestIncome": 0,
        "interestExpense": 14000000,
        "depreciationAndAmortization": 47000000,
        "ebitda": 187000000,
        "ebitdaratio": 0.1326241135,
        "operatingIncome": 140000000,
        "operatingIncomeRatio": 0.0992907801,
        "totalOtherIncomeExpensesNet": -14000000,
        "incomeBeforeTax": 125500000,
        "incomeBeforeTaxRatio": 0.0890070922,
        "incomeTaxExpense": 39800000,
        "netIncome": 84000000,
        "netIncomeRatio": 0.0595744681,
        "eps": 1.17,
        "epsdiluted": 1.15,
        "weightedAverageShsOut": 71600000,
        "weightedAverageShsOutDil": 72700000,
        "link": "https://www.sec.gov/Archives/edgar/data/1046257/000110465915034723/0001104659-15-034723-index.htm",
        "finalLink": "https://www.sec.gov/Archives/edgar/data/1046257/000110465915034723/a15-6836_110q.htm"
    },
    {
        "date": "2014-12-31",
        "symbol": "INGR",
        "reportedCurrency": "USD",
        "cik": "0001046257",
        "fillingDate": "2015-02-20",
        "acceptedDate": "2015-02-20 17:05:11",
        "calendarYear": "2014",
        "period": "Q4",
        "revenue": 1450300000,
        "costOfRevenue": 1178500000,
        "grossProfit": 271700000,
        "grossProfitRatio": 0.1873405502,
        "researchAndDevelopmentExpenses": 0,
        "generalAndAdministrativeExpenses": 126400000,
        "sellingAndMarketingExpenses": -400000,
        "sellingGeneralAndAdministrativeExpenses": 126400000,
        "otherExpenses": 27400000,
        "operatingExpenses": 153800000,
        "costAndExpenses": 1332300000,
        "interestIncome": 1200000,
        "interestExpense": 12200000,
        "depreciationAndAmortization": 48000000,
        "ebitda": 177900000,
        "ebitdaratio": 0.1226642764,
        "operatingIncome": 117900000,
        "operatingIncomeRatio": 0.0812935255,
        "totalOtherIncomeExpensesNet": -12000000,
        "incomeBeforeTax": 106100000,
        "incomeBeforeTaxRatio": 0.0731572778,
        "incomeTaxExpense": 43000000,
        "netIncome": 61200000,
        "netIncomeRatio": 0.0421981659,
        "eps": 0.85,
        "epsdiluted": 0.83,
        "weightedAverageShsOut": 72000000,
        "weightedAverageShsOutDil": 73400000,
        "link": "https://www.sec.gov/Archives/edgar/data/1046257/000110465915012662/0001104659-15-012662-index.htm",
        "finalLink": "https://www.sec.gov/Archives/edgar/data/1046257/000110465915012662/a14-24691_110k.htm"
    },
    {
        "date": "2014-09-30",
        "symbol": "INGR",
        "reportedCurrency": "USD",
        "cik": "0001046257",
        "fillingDate": "2014-11-03",
        "acceptedDate": "2014-11-03 12:35:22",
        "calendarYear": "2014",
        "period": "Q3",
        "revenue": 1544800000,
        "costOfRevenue": 1247200000,
        "grossProfit": 297600000,
        "grossProfitRatio": 0.1926462973,
        "researchAndDevelopmentExpenses": 0,
        "generalAndAdministrativeExpenses": 129100000,
        "sellingAndMarketingExpenses": 0,
        "sellingGeneralAndAdministrativeExpenses": 129100000,
        "otherExpenses": -9600000,
        "operatingExpenses": 119500000,
        "costAndExpenses": 1366700000,
        "interestIncome": 0,
        "interestExpense": 15100000,
        "depreciationAndAmortization": 49000000,
        "ebitda": 227100000,
        "ebitdaratio": 0.1470093216,
        "operatingIncome": 178100000,
        "operatingIncomeRatio": 0.1152900052,
        "totalOtherIncomeExpensesNet": -15100000,
        "incomeBeforeTax": 163000000,
        "incomeBeforeTaxRatio": 0.1055152771,
        "incomeTaxExpense": 42600000,
        "netIncome": 118600000,
        "netIncomeRatio": 0.0767736924,
        "eps": 1.62,
        "epsdiluted": 1.6,
        "weightedAverageShsOut": 73000000,
        "weightedAverageShsOutDil": 74300000,
        "link": "https://www.sec.gov/Archives/edgar/data/1046257/000110465914075876/0001104659-14-075876-index.htm",
        "finalLink": "https://www.sec.gov/Archives/edgar/data/1046257/000110465914075876/a14-19596_110q.htm"
    },
    {
        "date": "2014-06-30",
        "symbol": "INGR",
        "reportedCurrency": "USD",
        "cik": "0001046257",
        "fillingDate": "2014-08-01",
        "acceptedDate": "2014-08-01 12:19:59",
        "calendarYear": "2014",
        "period": "Q2",
        "revenue": 1568200000,
        "costOfRevenue": 1272300000,
        "grossProfit": 295900000,
        "grossProfitRatio": 0.1886876674,
        "researchAndDevelopmentExpenses": 0,
        "generalAndAdministrativeExpenses": 137200000,
        "sellingAndMarketingExpenses": 0,
        "sellingGeneralAndAdministrativeExpenses": 137200000,
        "otherExpenses": -3900000,
        "operatingExpenses": 133300000,
        "costAndExpenses": 1405600000,
        "interestIncome": 0,
        "interestExpense": 17200000,
        "depreciationAndAmortization": 50000000,
        "ebitda": 212600000,
        "ebitdaratio": 0.1355694427,
        "operatingIncome": 162600000,
        "operatingIncomeRatio": 0.1036857544,
        "totalOtherIncomeExpensesNet": -17200000,
        "incomeBeforeTax": 145400000,
        "incomeBeforeTaxRatio": 0.0927177656,
        "incomeTaxExpense": 40800000,
        "netIncome": 102600000,
        "netIncomeRatio": 0.0654253284,
        "eps": 1.37,
        "epsdiluted": 1.35,
        "weightedAverageShsOut": 74900000,
        "weightedAverageShsOutDil": 76000000,
        "link": "https://www.sec.gov/Archives/edgar/data/1046257/000110465914055823/0001104659-14-055823-index.htm",
        "finalLink": "https://www.sec.gov/Archives/edgar/data/1046257/000110465914055823/a14-13117_110q.htm"
    },
    {
        "date": "2014-03-31",
        "symbol": "INGR",
        "reportedCurrency": "USD",
        "cik": "0001046257",
        "fillingDate": "2014-05-02",
        "acceptedDate": "2014-05-02 13:54:29",
        "calendarYear": "2014",
        "period": "Q1",
        "revenue": 1435000000,
        "costOfRevenue": 1185200000,
        "grossProfit": 249800000,
        "grossProfitRatio": 0.1740766551,
        "researchAndDevelopmentExpenses": 0,
        "generalAndAdministrativeExpenses": 132400000,
        "sellingAndMarketingExpenses": 0,
        "sellingGeneralAndAdministrativeExpenses": 132400000,
        "otherExpenses": -4900000,
        "operatingExpenses": 127500000,
        "costAndExpenses": 1312700000,
        "interestIncome": 0,
        "interestExpense": 16600000,
        "depreciationAndAmortization": 48000000,
        "ebitda": 170300000,
        "ebitdaratio": 0.1186759582,
        "operatingIncome": 122300000,
        "operatingIncomeRatio": 0.0852264808,
        "totalOtherIncomeExpensesNet": -16600000,
        "incomeBeforeTax": 105700000,
        "incomeBeforeTaxRatio": 0.0736585366,
        "incomeTaxExpense": 30500000,
        "netIncome": 72600000,
        "netIncomeRatio": 0.0505923345,
        "eps": 0.97,
        "epsdiluted": 0.96,
        "weightedAverageShsOut": 74600000,
        "weightedAverageShsOutDil": 75800000,
        "link": "https://www.sec.gov/Archives/edgar/data/1046257/000110465914034015/0001104659-14-034015-index.htm",
        "finalLink": "https://www.sec.gov/Archives/edgar/data/1046257/000110465914034015/a14-8344_110q.htm"
    },
    {
        "date": "2013-12-31",
        "symbol": "INGR",
        "reportedCurrency": "USD",
        "cik": "0001046257",
        "fillingDate": "2014-02-24",
        "acceptedDate": "2014-02-24 15:58:49",
        "calendarYear": "2013",
        "period": "Q4",
        "revenue": 1579400000,
        "costOfRevenue": 1288800000,
        "grossProfit": 290500000,
        "grossProfitRatio": 0.1839306066,
        "researchAndDevelopmentExpenses": 0,
        "generalAndAdministrativeExpenses": 134900000,
        "sellingAndMarketingExpenses": 100000,
        "sellingGeneralAndAdministrativeExpenses": 134900000,
        "otherExpenses": -5300000,
        "operatingExpenses": 129600000,
        "costAndExpenses": 1418400000,
        "interestIncome": 3000000,
        "interestExpense": 15100000,
        "depreciationAndAmortization": 49000000,
        "ebitda": 217900000,
        "ebitdaratio": 0.1379637837,
        "operatingIncome": 160900000,
        "operatingIncomeRatio": 0.1018741294,
        "totalOtherIncomeExpensesNet": -15100000,
        "incomeBeforeTax": 145600000,
        "incomeBeforeTaxRatio": 0.0921869064,
        "incomeTaxExpense": 39900000,
        "netIncome": 103800000,
        "netIncomeRatio": 0.0657211599,
        "eps": 1.37,
        "epsdiluted": 1.35,
        "weightedAverageShsOut": 75600000,
        "weightedAverageShsOutDil": 76900000,
        "link": "https://www.sec.gov/Archives/edgar/data/1046257/000110465914012704/0001104659-14-012704-index.htm",
        "finalLink": "https://www.sec.gov/Archives/edgar/data/1046257/000110465914012704/a13-24815_110k.htm"
    },
    {
        "date": "2013-09-30",
        "symbol": "INGR",
        "reportedCurrency": "USD",
        "cik": "0001046257",
        "fillingDate": "2013-11-01",
        "acceptedDate": "2013-11-01 11:17:29",
        "calendarYear": "2013",
        "period": "Q3",
        "revenue": 1695800000,
        "costOfRevenue": 1437000000,
        "grossProfit": 258800000,
        "grossProfitRatio": 0.1526123364,
        "researchAndDevelopmentExpenses": 0,
        "generalAndAdministrativeExpenses": 125000000,
        "sellingAndMarketingExpenses": 0,
        "sellingGeneralAndAdministrativeExpenses": 125000000,
        "otherExpenses": -3100000,
        "operatingExpenses": 121900000,
        "costAndExpenses": 1558900000,
        "interestIncome": 0,
        "interestExpense": 17900000,
        "depreciationAndAmortization": 47000000,
        "ebitda": 183900000,
        "ebitdaratio": 0.108444392,
        "operatingIncome": 136900000,
        "operatingIncomeRatio": 0.0807288595,
        "totalOtherIncomeExpensesNet": -17900000,
        "incomeBeforeTax": 119000000,
        "incomeBeforeTaxRatio": 0.0701733695,
        "incomeTaxExpense": 30700000,
        "netIncome": 86300000,
        "netIncomeRatio": 0.0508904352,
        "eps": 1.12,
        "epsdiluted": 1.1,
        "weightedAverageShsOut": 77300000,
        "weightedAverageShsOutDil": 78600000,
        "link": "https://www.sec.gov/Archives/edgar/data/1046257/000110465913079932/0001104659-13-079932-index.htm",
        "finalLink": "https://www.sec.gov/Archives/edgar/data/1046257/000110465913079932/a13-19556_110q.htm"
    },
    {
        "date": "2013-06-30",
        "symbol": "INGR",
        "reportedCurrency": "USD",
        "cik": "0001046257",
        "fillingDate": "2013-08-02",
        "acceptedDate": "2013-08-02 11:48:57",
        "calendarYear": "2013",
        "period": "Q2",
        "revenue": 1715400000,
        "costOfRevenue": 1439400000,
        "grossProfit": 276000000,
        "grossProfitRatio": 0.160895418,
        "researchAndDevelopmentExpenses": 0,
        "generalAndAdministrativeExpenses": 138500000,
        "sellingAndMarketingExpenses": 0,
        "sellingGeneralAndAdministrativeExpenses": 138500000,
        "otherExpenses": -2600000,
        "operatingExpenses": 135900000,
        "costAndExpenses": 1575300000,
        "interestIncome": 0,
        "interestExpense": 16300000,
        "depreciationAndAmortization": 49000000,
        "ebitda": 189100000,
        "ebitdaratio": 0.1102366795,
        "operatingIncome": 140100000,
        "operatingIncomeRatio": 0.0816719133,
        "totalOtherIncomeExpensesNet": -16300000,
        "incomeBeforeTax": 123800000,
        "incomeBeforeTaxRatio": 0.0721697563,
        "incomeTaxExpense": 27100000,
        "netIncome": 95100000,
        "netIncomeRatio": 0.0554389647,
        "eps": 1.22,
        "epsdiluted": 1.2,
        "weightedAverageShsOut": 77600000,
        "weightedAverageShsOutDil": 78900000,
        "link": "https://www.sec.gov/Archives/edgar/data/1046257/000110465913059273/0001104659-13-059273-index.htm",
        "finalLink": "https://www.sec.gov/Archives/edgar/data/1046257/000110465913059273/a13-13648_110q.htm"
    },
    {
        "date": "2013-03-31",
        "symbol": "INGR",
        "reportedCurrency": "USD",
        "cik": "0001046257",
        "fillingDate": "2013-05-06",
        "acceptedDate": "2013-05-06 13:26:47",
        "calendarYear": "2013",
        "period": "Q1",
        "revenue": 1662400000,
        "costOfRevenue": 1356800000,
        "grossProfit": 305600000,
        "grossProfitRatio": 0.1838306064,
        "researchAndDevelopmentExpenses": 0,
        "generalAndAdministrativeExpenses": 135500000,
        "sellingAndMarketingExpenses": 0,
        "sellingGeneralAndAdministrativeExpenses": 135500000,
        "otherExpenses": -5000000,
        "operatingExpenses": 130500000,
        "costAndExpenses": 1487300000,
        "interestIncome": 0,
        "interestExpense": 16800000,
        "depreciationAndAmortization": 49000000,
        "ebitda": 224100000,
        "ebitdaratio": 0.1348051011,
        "operatingIncome": 175100000,
        "operatingIncomeRatio": 0.1053296439,
        "totalOtherIncomeExpensesNet": -16800000,
        "incomeBeforeTax": 158300000,
        "incomeBeforeTaxRatio": 0.0952237729,
        "incomeTaxExpense": 46300000,
        "netIncome": 110800000,
        "netIncomeRatio": 0.0666506256,
        "eps": 1.43,
        "epsdiluted": 1.41,
        "weightedAverageShsOut": 77400000,
        "weightedAverageShsOutDil": 78800000,
        "link": "https://www.sec.gov/Archives/edgar/data/1046257/000110465913037522/0001104659-13-037522-index.htm",
        "finalLink": "https://www.sec.gov/Archives/edgar/data/1046257/000110465913037522/a13-8184_110q.htm"
    },
    {
        "date": "2012-12-31",
        "symbol": "INGR",
        "reportedCurrency": "USD",
        "cik": "0001046257",
        "fillingDate": "2013-02-28",
        "acceptedDate": "2013-02-27 18:16:28",
        "calendarYear": "2012",
        "period": "Q4",
        "revenue": 1726100000,
        "costOfRevenue": 1646100000,
        "grossProfit": 333700000,
        "grossProfitRatio": 0.193325995,
        "researchAndDevelopmentExpenses": 0,
        "generalAndAdministrativeExpenses": 151100000,
        "sellingAndMarketingExpenses": -400000,
        "sellingGeneralAndAdministrativeExpenses": 151100000,
        "otherExpenses": -2800000,
        "operatingExpenses": 148300000,
        "costAndExpenses": 1794400000,
        "interestIncome": 400000,
        "interestExpense": 14800000,
        "depreciationAndAmortization": 50000000,
        "ebitda": 245400000,
        "ebitdaratio": 0.1421702103,
        "operatingIncome": 185400000,
        "operatingIncomeRatio": 0.1074097677,
        "totalOtherIncomeExpensesNet": -14400000,
        "incomeBeforeTax": 170600000,
        "incomeBeforeTaxRatio": 0.0988355252,
        "incomeTaxExpense": 57500000,
        "netIncome": 112000000,
        "netIncomeRatio": 0.0648861596,
        "eps": 1.45,
        "epsdiluted": 1.42,
        "weightedAverageShsOut": 76900000,
        "weightedAverageShsOutDil": 78500000,
        "link": "https://www.sec.gov/Archives/edgar/data/1046257/000110465913015305/0001104659-13-015305-index.htm",
        "finalLink": "https://www.sec.gov/Archives/edgar/data/1046257/000110465913015305/a12-29131_110k.htm"
    },
    {
        "date": "2012-09-30",
        "symbol": "INGR",
        "reportedCurrency": "USD",
        "cik": "0001046257",
        "fillingDate": "2012-11-02",
        "acceptedDate": "2012-11-02 15:45:25",
        "calendarYear": "2012",
        "period": "Q3",
        "revenue": 1679000000,
        "costOfRevenue": 1451100000,
        "grossProfit": 313200000,
        "grossProfitRatio": 0.1865396069,
        "researchAndDevelopmentExpenses": 0,
        "generalAndAdministrativeExpenses": 137100000,
        "sellingAndMarketingExpenses": 0,
        "sellingGeneralAndAdministrativeExpenses": 137100000,
        "otherExpenses": 7300000,
        "operatingExpenses": 144400000,
        "costAndExpenses": 1595500000,
        "interestIncome": 0,
        "interestExpense": 16000000,
        "depreciationAndAmortization": 54000000,
        "ebitda": 222800000,
        "ebitdaratio": 0.1326980345,
        "operatingIncome": 168800000,
        "operatingIncomeRatio": 0.1005360334,
        "totalOtherIncomeExpensesNet": -16000000,
        "incomeBeforeTax": 152800000,
        "incomeBeforeTaxRatio": 0.0910065515,
        "incomeTaxExpense": 38900000,
        "netIncome": 112700000,
        "netIncomeRatio": 0.0671232877,
        "eps": 1.47,
        "epsdiluted": 1.45,
        "weightedAverageShsOut": 76500000,
        "weightedAverageShsOutDil": 77800000,
        "link": "https://www.sec.gov/Archives/edgar/data/1046257/000110465912073662/0001104659-12-073662-index.htm",
        "finalLink": "https://www.sec.gov/Archives/edgar/data/1046257/000110465912073662/a12-19949_110q.htm"
    },
    {
        "date": "2012-06-30",
        "symbol": "INGR",
        "reportedCurrency": "USD",
        "cik": "0001046257",
        "fillingDate": "2012-08-08",
        "acceptedDate": "2012-08-08 13:29:12",
        "calendarYear": "2012",
        "period": "Q2",
        "revenue": 1635000000,
        "costOfRevenue": 1424500000,
        "grossProfit": 295200000,
        "grossProfitRatio": 0.1805504587,
        "researchAndDevelopmentExpenses": 0,
        "generalAndAdministrativeExpenses": 131500000,
        "sellingAndMarketingExpenses": 0,
        "sellingGeneralAndAdministrativeExpenses": 131500000,
        "otherExpenses": 10800000,
        "operatingExpenses": 142300000,
        "costAndExpenses": 1566800000,
        "interestIncome": 0,
        "interestExpense": 18800000,
        "depreciationAndAmortization": 53000000,
        "ebitda": 205900000,
        "ebitdaratio": 0.1259327217,
        "operatingIncome": 152900000,
        "operatingIncomeRatio": 0.0935168196,
        "totalOtherIncomeExpensesNet": -17200000,
        "incomeBeforeTax": 135700000,
        "incomeBeforeTaxRatio": 0.0829969419,
        "incomeTaxExpense": 25000000,
        "netIncome": 109100000,
        "netIncomeRatio": 0.0667278287,
        "eps": 1.42,
        "epsdiluted": 1.4,
        "weightedAverageShsOut": 76600000,
        "weightedAverageShsOutDil": 77900000,
        "link": "https://www.sec.gov/Archives/edgar/data/1046257/000110465912055760/0001104659-12-055760-index.htm",
        "finalLink": "https://www.sec.gov/Archives/edgar/data/1046257/000110465912055760/a12-13779_110q.htm"
    },
    {
        "date": "2012-03-31",
        "symbol": "INGR",
        "reportedCurrency": "USD",
        "cik": "0001046257",
        "fillingDate": "2012-05-08",
        "acceptedDate": "2012-05-08 14:09:06",
        "calendarYear": "2012",
        "period": "Q1",
        "revenue": 1658000000,
        "costOfRevenue": 1362100000,
        "grossProfit": 295900000,
        "grossProfitRatio": 0.1784680338,
        "researchAndDevelopmentExpenses": 0,
        "generalAndAdministrativeExpenses": 136200000,
        "sellingAndMarketingExpenses": 0,
        "sellingGeneralAndAdministrativeExpenses": 136200000,
        "otherExpenses": -1300000,
        "operatingExpenses": 134900000,
        "costAndExpenses": 1497000000,
        "interestIncome": 0,
        "interestExpense": 19500000,
        "depreciationAndAmortization": 54000000,
        "ebitda": 215000000,
        "ebitdaratio": 0.1296743064,
        "operatingIncome": 161000000,
        "operatingIncomeRatio": 0.0971049457,
        "totalOtherIncomeExpensesNet": -19500000,
        "incomeBeforeTax": 141500000,
        "incomeBeforeTaxRatio": 0.0853437877,
        "incomeTaxExpense": 45800000,
        "netIncome": 94200000,
        "netIncomeRatio": 0.0568154403,
        "eps": 1.23,
        "epsdiluted": 1.21,
        "weightedAverageShsOut": 76400000,
        "weightedAverageShsOutDil": 78000000,
        "link": "https://www.sec.gov/Archives/edgar/data/1046257/000110465912034386/0001104659-12-034386-index.htm",
        "finalLink": "https://www.sec.gov/Archives/edgar/data/1046257/000110465912034386/a12-8491_110q.htm"
    },
    {
        "date": "2011-12-31",
        "symbol": "INGR",
        "reportedCurrency": "USD",
        "cik": "0001046257",
        "fillingDate": "2012-02-27",
        "acceptedDate": "2012-02-27 15:04:07",
        "calendarYear": "2011",
        "period": "Q4",
        "revenue": 1547200000,
        "costOfRevenue": 1267200000,
        "grossProfit": 280000000,
        "grossProfitRatio": 0.1809720786,
        "researchAndDevelopmentExpenses": 0,
        "generalAndAdministrativeExpenses": 143300000,
        "sellingAndMarketingExpenses": 0,
        "sellingGeneralAndAdministrativeExpenses": 143300000,
        "otherExpenses": -29600000,
        "operatingExpenses": 113700000,
        "costAndExpenses": 1380900000,
        "interestIncome": 5000000,
        "interestExpense": 22700000,
        "depreciationAndAmortization": 55000000,
        "ebitda": 224300000,
        "ebitdaratio": 0.1449715615,
        "operatingIncome": 166300000,
        "operatingIncomeRatio": 0.1074844881,
        "totalOtherIncomeExpensesNet": -19700000,
        "incomeBeforeTax": 146600000,
        "incomeBeforeTaxRatio": 0.0947518097,
        "incomeTaxExpense": 49600000,
        "netIncome": 95300000,
        "netIncomeRatio": 0.0615951396,
        "eps": 1.25,
        "epsdiluted": 1.25,
        "weightedAverageShsOut": 76100000,
        "weightedAverageShsOutDil": 76400000,
        "link": "https://www.sec.gov/Archives/edgar/data/1046257/000110465912013085/0001104659-12-013085-index.htm",
        "finalLink": "https://www.sec.gov/Archives/edgar/data/1046257/000110465912013085/a12-1337_110k.htm"
    },
    {
        "date": "2011-09-30",
        "symbol": "INGR",
        "reportedCurrency": "USD",
        "cik": "0001046257",
        "fillingDate": "2011-11-04",
        "acceptedDate": "2011-11-04 17:09:24",
        "calendarYear": "2011",
        "period": "Q3",
        "revenue": 1627700000,
        "costOfRevenue": 1351800000,
        "grossProfit": 275900000,
        "grossProfitRatio": 0.1695029797,
        "researchAndDevelopmentExpenses": 0,
        "generalAndAdministrativeExpenses": 131200000,
        "sellingAndMarketingExpenses": 0,
        "sellingGeneralAndAdministrativeExpenses": 131200000,
        "otherExpenses": 2300000,
        "operatingExpenses": 133500000,
        "costAndExpenses": 1485300000,
        "interestIncome": 0,
        "interestExpense": 12700000,
        "depreciationAndAmortization": 53000000,
        "ebitda": 195400000,
        "ebitdaratio": 0.1200466917,
        "operatingIncome": 142400000,
        "operatingIncomeRatio": 0.0874854089,
        "totalOtherIncomeExpensesNet": -12700000,
        "incomeBeforeTax": 129700000,
        "incomeBeforeTaxRatio": 0.0796829883,
        "incomeTaxExpense": 40200000,
        "netIncome": 87700000,
        "netIncomeRatio": 0.0538797076,
        "eps": 1.15,
        "epsdiluted": 1.12,
        "weightedAverageShsOut": 76500000,
        "weightedAverageShsOutDil": 78100000,
        "link": "https://www.sec.gov/Archives/edgar/data/1046257/000110465911061190/0001104659-11-061190-index.htm",
        "finalLink": "https://www.sec.gov/Archives/edgar/data/1046257/000110465911061190/a11-25659_110q.htm"
    },
    {
        "date": "2011-06-30",
        "symbol": "INGR",
        "reportedCurrency": "USD",
        "cik": "0001046257",
        "fillingDate": "2011-08-05",
        "acceptedDate": "2011-08-05 16:18:54",
        "calendarYear": "2011",
        "period": "Q2",
        "revenue": 1667300000,
        "costOfRevenue": 1312800000,
        "grossProfit": 271800000,
        "grossProfitRatio": 0.1630180531,
        "researchAndDevelopmentExpenses": 0,
        "generalAndAdministrativeExpenses": 137300000,
        "sellingAndMarketingExpenses": 0,
        "sellingGeneralAndAdministrativeExpenses": 137300000,
        "otherExpenses": -400000,
        "operatingExpenses": 136900000,
        "costAndExpenses": 1449700000,
        "interestIncome": 0,
        "interestExpense": 19000000,
        "depreciationAndAmortization": 54000000,
        "ebitda": 191400000,
        "ebitdaratio": 0.1147963774,
        "operatingIncome": 134900000,
        "operatingIncomeRatio": 0.0809092545,
        "totalOtherIncomeExpensesNet": -19000000,
        "incomeBeforeTax": 115900000,
        "incomeBeforeTaxRatio": 0.0695135848,
        "incomeTaxExpense": 34900000,
        "netIncome": 79300000,
        "netIncomeRatio": 0.0475619265,
        "eps": 1.03,
        "epsdiluted": 1.01,
        "weightedAverageShsOut": 76800000,
        "weightedAverageShsOutDil": 78600000,
        "link": "https://www.sec.gov/Archives/edgar/data/1046257/000110465911044290/0001104659-11-044290-index.htm",
        "finalLink": "https://www.sec.gov/Archives/edgar/data/1046257/000110465911044290/a11-13856_110q.htm"
    },
    {
        "date": "2011-03-31",
        "symbol": "INGR",
        "reportedCurrency": "USD",
        "cik": "0001046257",
        "fillingDate": "2011-05-06",
        "acceptedDate": "2011-05-06 15:23:26",
        "calendarYear": "2011",
        "period": "Q1",
        "revenue": 1459500000,
        "costOfRevenue": 1237400000,
        "grossProfit": 298200000,
        "grossProfitRatio": 0.2043165468,
        "researchAndDevelopmentExpenses": 0,
        "generalAndAdministrativeExpenses": 131000000,
        "sellingAndMarketingExpenses": 0,
        "sellingGeneralAndAdministrativeExpenses": 131000000,
        "otherExpenses": -60200000,
        "operatingExpenses": 70800000,
        "costAndExpenses": 1308200000,
        "interestIncome": 0,
        "interestExpense": 26600000,
        "depreciationAndAmortization": 49000000,
        "ebitda": 276400000,
        "ebitdaratio": 0.1893799246,
        "operatingIncome": 227400000,
        "operatingIncomeRatio": 0.1558067831,
        "totalOtherIncomeExpensesNet": -26600000,
        "incomeBeforeTax": 200800000,
        "incomeBeforeTaxRatio": 0.1375813635,
        "incomeTaxExpense": 45300000,
        "netIncome": 153600000,
        "netIncomeRatio": 0.1052415211,
        "eps": 2.01,
        "epsdiluted": 1.97,
        "weightedAverageShsOut": 76400000,
        "weightedAverageShsOutDil": 78100000,
        "link": "https://www.sec.gov/Archives/edgar/data/1046257/000110465911026815/0001104659-11-026815-index.htm",
        "finalLink": "https://www.sec.gov/Archives/edgar/data/1046257/000110465911026815/a11-8919_110q.htm"
    },
    {
        "date": "2010-12-31",
        "symbol": "INGR",
        "reportedCurrency": "USD",
        "cik": "0001046257",
        "fillingDate": "2011-02-28",
        "acceptedDate": "2011-02-28 15:03:16",
        "calendarYear": "2010",
        "period": "Q4",
        "revenue": 1407200000,
        "costOfRevenue": 1161400000,
        "grossProfit": 245800000,
        "grossProfitRatio": 0.1746731097,
        "researchAndDevelopmentExpenses": 0,
        "generalAndAdministrativeExpenses": 152700000,
        "sellingAndMarketingExpenses": 0,
        "sellingGeneralAndAdministrativeExpenses": 152700000,
        "otherExpenses": -9000000,
        "operatingExpenses": 143700000,
        "costAndExpenses": 1305100000,
        "interestIncome": 6000000,
        "interestExpense": 26300000,
        "depreciationAndAmortization": 50000000,
        "ebitda": 156100000,
        "ebitdaratio": 0.1109295054,
        "operatingIncome": 102100000,
        "operatingIncomeRatio": 0.0725554292,
        "totalOtherIncomeExpensesNet": -22300000,
        "incomeBeforeTax": 79800000,
        "incomeBeforeTaxRatio": 0.056708357,
        "incomeTaxExpense": 26400000,
        "netIncome": 51800000,
        "netIncomeRatio": 0.0368106879,
        "eps": 0.68,
        "epsdiluted": 0.68,
        "weightedAverageShsOut": 75900000,
        "weightedAverageShsOutDil": 76400000,
        "link": "https://www.sec.gov/Archives/edgar/data/1046257/000110465911010836/0001104659-11-010836-index.htm",
        "finalLink": "https://www.sec.gov/Archives/edgar/data/1046257/000110465911010836/a11-2437_110k.htm"
    },
    {
        "date": "2010-09-30",
        "symbol": "INGR",
        "reportedCurrency": "USD",
        "cik": "0001046257",
        "fillingDate": "2010-11-05",
        "acceptedDate": "2010-11-05 16:17:48",
        "calendarYear": "2010",
        "period": "Q3",
        "revenue": 1019500000,
        "costOfRevenue": 847900000,
        "grossProfit": 171600000,
        "grossProfitRatio": 0.1683178028,
        "researchAndDevelopmentExpenses": 0,
        "generalAndAdministrativeExpenses": 79800000,
        "sellingAndMarketingExpenses": 0,
        "sellingGeneralAndAdministrativeExpenses": 81600000,
        "otherExpenses": 1400000,
        "operatingExpenses": 83000000,
        "costAndExpenses": 930900000,
        "interestIncome": 0,
        "interestExpense": 30200000,
        "depreciationAndAmortization": 35000000,
        "ebitda": 123600000,
        "ebitdaratio": 0.1212359,
        "operatingIncome": 88600000,
        "operatingIncomeRatio": 0.0869053458,
        "totalOtherIncomeExpensesNet": -30200000,
        "incomeBeforeTax": 58400000,
        "incomeBeforeTaxRatio": 0.0572829819,
        "incomeTaxExpense": 19600000,
        "netIncome": 36900000,
        "netIncomeRatio": 0.0361942128,
        "eps": 0.49,
        "epsdiluted": 0.48,
        "weightedAverageShsOut": 75600000,
        "weightedAverageShsOutDil": 76700000,
        "link": "https://www.sec.gov/Archives/edgar/data/1046257/000110465910056553/0001104659-10-056553-index.htm",
        "finalLink": "https://www.sec.gov/Archives/edgar/data/1046257/000110465910056553/a10-17563_110q.htm"
    },
    {
        "date": "2010-06-30",
        "symbol": "INGR",
        "reportedCurrency": "USD",
        "cik": "0001046257",
        "fillingDate": "2010-08-06",
        "acceptedDate": "2010-08-06 13:08:46",
        "calendarYear": "2010",
        "period": "Q2",
        "revenue": 1003000000,
        "costOfRevenue": 839200000,
        "grossProfit": 163800000,
        "grossProfitRatio": 0.1633100698,
        "researchAndDevelopmentExpenses": 0,
        "generalAndAdministrativeExpenses": 69200000,
        "sellingAndMarketingExpenses": 0,
        "sellingGeneralAndAdministrativeExpenses": 73200000,
        "otherExpenses": 14100000,
        "operatingExpenses": 87300000,
        "costAndExpenses": 926500000,
        "interestIncome": 0,
        "interestExpense": 6800000,
        "depreciationAndAmortization": 35000000,
        "ebitda": 129600000,
        "ebitdaratio": 0.1292123629,
        "operatingIncome": 76500000,
        "operatingIncomeRatio": 0.0762711864,
        "totalOtherIncomeExpensesNet": -6800000,
        "incomeBeforeTax": 69700000,
        "incomeBeforeTaxRatio": 0.0694915254,
        "incomeTaxExpense": 30900000,
        "netIncome": 36800000,
        "netIncomeRatio": 0.0366899302,
        "eps": 0.49,
        "epsdiluted": 0.48,
        "weightedAverageShsOut": 75500000,
        "weightedAverageShsOutDil": 76600000,
        "link": "https://www.sec.gov/Archives/edgar/data/1046257/000110465910042668/0001104659-10-042668-index.htm",
        "finalLink": "https://www.sec.gov/Archives/edgar/data/1046257/000110465910042668/a10-12923_110q.htm"
    },
    {
        "date": "2010-03-31",
        "symbol": "INGR",
        "reportedCurrency": "USD",
        "cik": "0001046257",
        "fillingDate": "2010-05-05",
        "acceptedDate": "2010-05-05 12:50:57",
        "calendarYear": "2010",
        "period": "Q1",
        "revenue": 937200000,
        "costOfRevenue": 794400000,
        "grossProfit": 142800000,
        "grossProfitRatio": 0.152368758,
        "researchAndDevelopmentExpenses": 0,
        "generalAndAdministrativeExpenses": 0,
        "sellingAndMarketingExpenses": 0,
        "sellingGeneralAndAdministrativeExpenses": 69700000,
        "otherExpenses": 1300000,
        "operatingExpenses": 71000000,
        "costAndExpenses": 865400000,
        "interestIncome": 0,
        "interestExpense": 4700000,
        "depreciationAndAmortization": 35000000,
        "ebitda": 106800000,
        "ebitdaratio": 0.1139564661,
        "operatingIncome": 71800000,
        "operatingIncomeRatio": 0.0766111822,
        "totalOtherIncomeExpensesNet": -4700000,
        "incomeBeforeTax": 67100000,
        "incomeBeforeTaxRatio": 0.0715962441,
        "incomeTaxExpense": 22200000,
        "netIncome": 43400000,
        "netIncomeRatio": 0.0463081519,
        "eps": 0.58,
        "epsdiluted": 0.57,
        "weightedAverageShsOut": 75300000,
        "weightedAverageShsOutDil": 76400000,
        "link": "https://www.sec.gov/Archives/edgar/data/1046257/000110465910025684/0001104659-10-025684-index.htm",
        "finalLink": "https://www.sec.gov/Archives/edgar/data/1046257/000110465910025684/a10-6127_110q.htm"
    },
    {
        "date": "2009-12-31",
        "symbol": "INGR",
        "reportedCurrency": "USD",
        "cik": "0001046257",
        "fillingDate": "2010-02-26",
        "acceptedDate": "2010-02-26 16:59:59",
        "calendarYear": "2009",
        "period": "Q4",
        "revenue": 958600000,
        "costOfRevenue": 796400000,
        "grossProfit": 162200000,
        "grossProfitRatio": 0.1692050908,
        "researchAndDevelopmentExpenses": 0,
        "generalAndAdministrativeExpenses": 65400000,
        "sellingAndMarketingExpenses": 0,
        "sellingGeneralAndAdministrativeExpenses": 65400000,
        "otherExpenses": -2500000,
        "operatingExpenses": 62900000,
        "costAndExpenses": 859300000,
        "interestIncome": 0,
        "interestExpense": 1600000,
        "depreciationAndAmortization": 35000000,
        "ebitda": 129300000,
        "ebitdaratio": 0.1348842061,
        "operatingIncome": 99300000,
        "operatingIncomeRatio": 0.1035885667,
        "totalOtherIncomeExpensesNet": -6600000,
        "incomeBeforeTax": 92700000,
        "incomeBeforeTaxRatio": 0.096703526,
        "incomeTaxExpense": 35000000,
        "netIncome": 56200000,
        "netIncomeRatio": 0.0586271646,
        "eps": 0.75,
        "epsdiluted": 0.75,
        "weightedAverageShsOut": 74900000,
        "weightedAverageShsOutDil": 75300000,
        "link": "https://www.sec.gov/Archives/edgar/data/1046257/000110465910010324/0001104659-10-010324-index.htm",
        "finalLink": "https://www.sec.gov/Archives/edgar/data/1046257/000110465910010324/a10-4312_110k.htm"
    },
    {
        "date": "2009-09-30",
        "symbol": "INGR",
        "reportedCurrency": "USD",
        "cik": "0001046257",
        "fillingDate": "2009-11-04",
        "acceptedDate": "2009-11-04 13:30:41",
        "calendarYear": "2009",
        "period": "Q3",
        "revenue": 970600000,
        "costOfRevenue": 817300000,
        "grossProfit": 153300000,
        "grossProfitRatio": 0.1579435401,
        "researchAndDevelopmentExpenses": 0,
        "generalAndAdministrativeExpenses": 65900000,
        "sellingAndMarketingExpenses": 0,
        "sellingGeneralAndAdministrativeExpenses": -65500000,
        "otherExpenses": 131000000,
        "operatingExpenses": 65500000,
        "costAndExpenses": 882800000,
        "interestIncome": 0,
        "interestExpense": 9300000,
        "depreciationAndAmortization": 33000000,
        "ebitda": 120800000,
        "ebitdaratio": 0.1244590975,
        "operatingIncome": 87800000,
        "operatingIncomeRatio": 0.0904595096,
        "totalOtherIncomeExpensesNet": -9300000,
        "incomeBeforeTax": 78500000,
        "incomeBeforeTaxRatio": 0.0808778075,
        "incomeTaxExpense": 24500000,
        "netIncome": 52800000,
        "netIncomeRatio": 0.0543993406,
        "eps": 0.7,
        "epsdiluted": 0.7,
        "weightedAverageShsOut": 74900000,
        "weightedAverageShsOutDil": 75700000,
        "link": "https://www.sec.gov/Archives/edgar/data/1046257/000110465909062444/0001104659-09-062444-index.htm",
        "finalLink": "https://www.sec.gov/Archives/edgar/data/1046257/000110465909062444/a09-31202_110q.htm"
    },
    {
        "date": "2009-06-30",
        "symbol": "INGR",
        "reportedCurrency": "USD",
        "cik": "0001046257",
        "fillingDate": "2009-08-06",
        "acceptedDate": "2009-08-06 11:51:31",
        "calendarYear": "2009",
        "period": "Q2",
        "revenue": 911600000,
        "costOfRevenue": 800100000,
        "grossProfit": 111500000,
        "grossProfitRatio": 0.1223124177,
        "researchAndDevelopmentExpenses": 0,
        "generalAndAdministrativeExpenses": 59700000,
        "sellingAndMarketingExpenses": 0,
        "sellingGeneralAndAdministrativeExpenses": 59700000,
        "otherExpenses": 125000000,
        "operatingExpenses": 184700000,
        "costAndExpenses": 984800000,
        "interestIncome": 0,
        "interestExpense": 10800000,
        "depreciationAndAmortization": 32000000,
        "ebitda": -41200000,
        "ebitdaratio": -0.0451952611,
        "operatingIncome": -73200000,
        "operatingIncomeRatio": -0.0802983765,
        "totalOtherIncomeExpensesNet": -10800000,
        "incomeBeforeTax": -84000000,
        "incomeBeforeTaxRatio": -0.0921456779,
        "incomeTaxExpense": -900000,
        "netIncome": -84800000,
        "netIncomeRatio": -0.0930232558,
        "eps": -1.13,
        "epsdiluted": -1.13,
        "weightedAverageShsOut": 74800000,
        "weightedAverageShsOutDil": 74800000,
        "link": "https://www.sec.gov/Archives/edgar/data/1046257/000110465909047660/0001104659-09-047660-index.htm",
        "finalLink": "https://www.sec.gov/Archives/edgar/data/1046257/000110465909047660/a09-18882_110q.htm"
    },
    {
        "date": "2009-03-31",
        "symbol": "INGR",
        "reportedCurrency": "USD",
        "cik": "0001046257",
        "fillingDate": "2009-05-01",
        "acceptedDate": "2009-05-01 12:40:17",
        "calendarYear": "2009",
        "period": "Q1",
        "revenue": 831100000,
        "costOfRevenue": 738100000,
        "grossProfit": 93000000,
        "grossProfitRatio": 0.1118998917,
        "researchAndDevelopmentExpenses": 0,
        "generalAndAdministrativeExpenses": 54700000,
        "sellingAndMarketingExpenses": 0,
        "sellingGeneralAndAdministrativeExpenses": 54700000,
        "otherExpenses": -800000,
        "operatingExpenses": 53900000,
        "costAndExpenses": 792000000,
        "interestIncome": 0,
        "interestExpense": 11300000,
        "depreciationAndAmortization": 30000000,
        "ebitda": 69100000,
        "ebitdaratio": 0.0831428228,
        "operatingIncome": 39100000,
        "operatingIncomeRatio": 0.0470460835,
        "totalOtherIncomeExpensesNet": -11300000,
        "incomeBeforeTax": 27800000,
        "incomeBeforeTaxRatio": 0.033449645,
        "incomeTaxExpense": 9400000,
        "netIncome": 16800000,
        "netIncomeRatio": 0.020214174,
        "eps": 0.22,
        "epsdiluted": 0.22,
        "weightedAverageShsOut": 74800000,
        "weightedAverageShsOutDil": 75400000,
        "link": "https://www.sec.gov/Archives/edgar/data/1046257/000110465909028410/0001104659-09-028410-index.htm",
        "finalLink": "https://www.sec.gov/Archives/edgar/data/1046257/000110465909028410/a09-11769_110q.htm"
    },
    {
        "date": "2008-12-31",
        "symbol": "INGR",
        "reportedCurrency": "USD",
        "cik": "0001046257",
        "fillingDate": "2009-02-27",
        "acceptedDate": "2009-02-27 16:57:52",
        "calendarYear": "2008",
        "period": "Q4",
        "revenue": 900400000,
        "costOfRevenue": 759100000,
        "grossProfit": 141300000,
        "grossProfitRatio": 0.1569302532,
        "researchAndDevelopmentExpenses": 0,
        "generalAndAdministrativeExpenses": 67200000,
        "sellingAndMarketingExpenses": 0,
        "sellingGeneralAndAdministrativeExpenses": 67200000,
        "otherExpenses": 10400000,
        "operatingExpenses": 77600000,
        "costAndExpenses": 836700000,
        "interestIncome": 0,
        "interestExpense": 7000000,
        "depreciationAndAmortization": 30000000,
        "ebitda": 107700000,
        "ebitdaratio": 0.1196135051,
        "operatingIncome": 63700000,
        "operatingIncomeRatio": 0.070746335,
        "totalOtherIncomeExpensesNet": -5100000,
        "incomeBeforeTax": 58600000,
        "incomeBeforeTaxRatio": 0.0650821857,
        "incomeTaxExpense": 10500000,
        "netIncome": 46200000,
        "netIncomeRatio": 0.0513105287,
        "eps": 0.62,
        "epsdiluted": 0.62,
        "weightedAverageShsOut": 74800000,
        "weightedAverageShsOutDil": 74800000,
        "link": "https://www.sec.gov/Archives/edgar/data/1046257/000095013709001371/0000950137-09-001371-index.htm",
        "finalLink": "https://www.sec.gov/Archives/edgar/data/1046257/000095013709001371/c48759e10vk.htm"
    },
    {
        "date": "2008-09-30",
        "symbol": "INGR",
        "reportedCurrency": "USD",
        "cik": "0001046257",
        "fillingDate": "2008-11-10",
        "acceptedDate": "2008-11-10 16:21:30",
        "calendarYear": "2008",
        "period": "Q3",
        "revenue": 1084200000,
        "costOfRevenue": 880400000,
        "grossProfit": 203800000,
        "grossProfitRatio": 0.1879726988,
        "researchAndDevelopmentExpenses": 0,
        "generalAndAdministrativeExpenses": 66800000,
        "sellingAndMarketingExpenses": 0,
        "sellingGeneralAndAdministrativeExpenses": 66800000,
        "otherExpenses": -10800000,
        "operatingExpenses": 56000000,
        "costAndExpenses": 936400000,
        "interestIncome": 0,
        "interestExpense": 11500000,
        "depreciationAndAmortization": 33000000,
        "ebitda": 180800000,
        "ebitdaratio": 0.1667589006,
        "operatingIncome": 147800000,
        "operatingIncomeRatio": 0.1363217119,
        "totalOtherIncomeExpensesNet": -9600000,
        "incomeBeforeTax": 138200000,
        "incomeBeforeTaxRatio": 0.127467257,
        "incomeTaxExpense": 48200000,
        "netIncome": 88100000,
        "netIncomeRatio": 0.0812580705,
        "eps": 1.18,
        "epsdiluted": 1.15,
        "weightedAverageShsOut": 74700000,
        "weightedAverageShsOutDil": 76300000,
        "link": "https://www.sec.gov/Archives/edgar/data/1046257/000095013708013599/0000950137-08-013599-index.htm",
        "finalLink": "https://www.sec.gov/Archives/edgar/data/1046257/000095013708013599/c47451e10vq.htm"
    },
    {
        "date": "2008-06-30",
        "symbol": "INGR",
        "reportedCurrency": "USD",
        "cik": "0001046257",
        "fillingDate": "2008-08-08",
        "acceptedDate": "2008-08-08 13:17:58",
        "calendarYear": "2008",
        "period": "Q2",
        "revenue": 1028500000,
        "costOfRevenue": 841900000,
        "grossProfit": 186600000,
        "grossProfitRatio": 0.1814292659,
        "researchAndDevelopmentExpenses": 0,
        "generalAndAdministrativeExpenses": 73400000,
        "sellingAndMarketingExpenses": 0,
        "sellingGeneralAndAdministrativeExpenses": 70800000,
        "otherExpenses": 0,
        "operatingExpenses": 70800000,
        "costAndExpenses": 912700000,
        "interestIncome": 0,
        "interestExpense": 9400000,
        "depreciationAndAmortization": 33000000,
        "ebitda": 148800000,
        "ebitdaratio": 0.1446767137,
        "operatingIncome": 115800000,
        "operatingIncomeRatio": 0.1125911522,
        "totalOtherIncomeExpensesNet": -6900000,
        "incomeBeforeTax": 108900000,
        "incomeBeforeTaxRatio": 0.1058823529,
        "incomeTaxExpense": 38000000,
        "netIncome": 68400000,
        "netIncomeRatio": 0.0665046184,
        "eps": 0.92,
        "epsdiluted": 0.9,
        "weightedAverageShsOut": 74400000,
        "weightedAverageShsOutDil": 76200000,
        "link": "https://www.sec.gov/Archives/edgar/data/1046257/000095013708010461/0000950137-08-010461-index.htm",
        "finalLink": "https://www.sec.gov/Archives/edgar/data/1046257/000095013708010461/c34178e10vq.htm"
    },
    {
        "date": "2008-03-31",
        "symbol": "INGR",
        "reportedCurrency": "USD",
        "cik": "0001046257",
        "fillingDate": "2008-05-06",
        "acceptedDate": "2008-05-06 16:48:13",
        "calendarYear": "2008",
        "period": "Q1",
        "revenue": 991000000,
        "costOfRevenue": 757700000,
        "grossProfit": 173200000,
        "grossProfitRatio": 0.1747729566,
        "researchAndDevelopmentExpenses": 0,
        "generalAndAdministrativeExpenses": 67500000,
        "sellingAndMarketingExpenses": 0,
        "sellingGeneralAndAdministrativeExpenses": 67500000,
        "otherExpenses": -1000000,
        "operatingExpenses": 66500000,
        "costAndExpenses": 824200000,
        "interestIncome": 0,
        "interestExpense": 9100000,
        "depreciationAndAmortization": 32000000,
        "ebitda": 138700000,
        "ebitdaratio": 0.1399596367,
        "operatingIncome": 106700000,
        "operatingIncomeRatio": 0.1076690212,
        "totalOtherIncomeExpensesNet": -7300000,
        "incomeBeforeTax": 99400000,
        "incomeBeforeTaxRatio": 0.1003027245,
        "incomeTaxExpense": 33300000,
        "netIncome": 64300000,
        "netIncomeRatio": 0.0648839556,
        "eps": 0.87,
        "epsdiluted": 0.85,
        "weightedAverageShsOut": 74100000,
        "weightedAverageShsOutDil": 75600000,
        "link": "https://www.sec.gov/Archives/edgar/data/1046257/000095013708006832/0000950137-08-006832-index.htm",
        "finalLink": "https://www.sec.gov/Archives/edgar/data/1046257/000095013708006832/c26406e10vq.htm"
    },
    {
        "date": "2007-12-31",
        "symbol": "INGR",
        "reportedCurrency": "USD",
        "cik": "0001046257",
        "fillingDate": "2008-02-29",
        "acceptedDate": "2008-02-29 12:23:36",
        "calendarYear": "2007",
        "period": "Q4",
        "revenue": 894700000,
        "costOfRevenue": 752000000,
        "grossProfit": 142700000,
        "grossProfitRatio": 0.1594948027,
        "researchAndDevelopmentExpenses": 0,
        "generalAndAdministrativeExpenses": 64900000,
        "sellingAndMarketingExpenses": 0,
        "sellingGeneralAndAdministrativeExpenses": 64900000,
        "otherExpenses": -2800000,
        "operatingExpenses": 62100000,
        "costAndExpenses": 814100000,
        "interestIncome": 0,
        "interestExpense": 10100000,
        "depreciationAndAmortization": 32000000,
        "ebitda": 112600000,
        "ebitdaratio": 0.125852241,
        "operatingIncome": 80600000,
        "operatingIncomeRatio": 0.0900860624,
        "totalOtherIncomeExpensesNet": -9200000,
        "incomeBeforeTax": 71400000,
        "incomeBeforeTaxRatio": 0.079803286,
        "incomeTaxExpense": 24200000,
        "netIncome": 46300000,
        "netIncomeRatio": 0.0517491897,
        "eps": 0.62,
        "epsdiluted": 0.62,
        "weightedAverageShsOut": 74100000,
        "weightedAverageShsOutDil": 74100000,
        "link": "https://www.sec.gov/Archives/edgar/data/1046257/000095013708003051/0000950137-08-003051-index.htm",
        "finalLink": "https://www.sec.gov/Archives/edgar/data/1046257/000095013708003051/c24006e10vk.htm"
    },
    {
        "date": "2007-09-30",
        "symbol": "INGR",
        "reportedCurrency": "USD",
        "cik": "0001046257",
        "fillingDate": "2007-11-07",
        "acceptedDate": "2007-11-07 10:37:18",
        "calendarYear": "2007",
        "period": "Q3",
        "revenue": 877400000,
        "costOfRevenue": 735700000,
        "grossProfit": 141700000,
        "grossProfitRatio": 0.161499886,
        "researchAndDevelopmentExpenses": 0,
        "generalAndAdministrativeExpenses": 61700000,
        "sellingAndMarketingExpenses": 0,
        "sellingGeneralAndAdministrativeExpenses": 61700000,
        "otherExpenses": -8000000,
        "operatingExpenses": 53700000,
        "costAndExpenses": 789400000,
        "interestIncome": 0,
        "interestExpense": 11100000,
        "depreciationAndAmortization": 31000000,
        "ebitda": 119000000,
        "ebitdaratio": 0.1356279918,
        "operatingIncome": 88000000,
        "operatingIncomeRatio": 0.1002963301,
        "totalOtherIncomeExpensesNet": -10000000,
        "incomeBeforeTax": 78000000,
        "incomeBeforeTaxRatio": 0.0888990198,
        "incomeTaxExpense": 25800000,
        "netIncome": 51100000,
        "netIncomeRatio": 0.0582402553,
        "eps": 0.68,
        "epsdiluted": 0.66,
        "weightedAverageShsOut": 75000000,
        "weightedAverageShsOutDil": 77000000,
        "link": "https://www.sec.gov/Archives/edgar/data/1046257/000095013707016695/0000950137-07-016695-index.htm",
        "finalLink": "https://www.sec.gov/Archives/edgar/data/1046257/000095013707016695/c21248e10vq.htm"
    },
    {
        "date": "2007-06-30",
        "symbol": "INGR",
        "reportedCurrency": "USD",
        "cik": "0001046257",
        "fillingDate": "2007-08-07",
        "acceptedDate": "2007-08-07 10:26:01",
        "calendarYear": "2007",
        "period": "Q2",
        "revenue": 857000000,
        "costOfRevenue": 701500000,
        "grossProfit": 155500000,
        "grossProfitRatio": 0.1814469078,
        "researchAndDevelopmentExpenses": 0,
        "generalAndAdministrativeExpenses": 64900000,
        "sellingAndMarketingExpenses": 0,
        "sellingGeneralAndAdministrativeExpenses": 64900000,
        "otherExpenses": 0,
        "operatingExpenses": 64900000,
        "costAndExpenses": 766400000,
        "interestIncome": 0,
        "interestExpense": 14500000,
        "depreciationAndAmortization": 31000000,
        "ebitda": 121600000,
        "ebitdaratio": 0.1418903151,
        "operatingIncome": 90600000,
        "operatingIncomeRatio": 0.1057176196,
        "totalOtherIncomeExpensesNet": -12900000,
        "incomeBeforeTax": 77700000,
        "incomeBeforeTaxRatio": 0.0906651109,
        "incomeTaxExpense": 25500000,
        "netIncome": 50600000,
        "netIncomeRatio": 0.0590431739,
        "eps": 0.68,
        "epsdiluted": 0.66,
        "weightedAverageShsOut": 74800000,
        "weightedAverageShsOutDil": 76600000,
        "link": "https://www.sec.gov/Archives/edgar/data/1046257/000095013707011495/0000950137-07-011495-index.htm",
        "finalLink": "https://www.sec.gov/Archives/edgar/data/1046257/000095013707011495/c17434e10vq.htm"
    },
    {
        "date": "2007-03-31",
        "symbol": "INGR",
        "reportedCurrency": "USD",
        "cik": "0001046257",
        "fillingDate": "2007-05-08",
        "acceptedDate": "2007-05-08 08:16:39",
        "calendarYear": "2007",
        "period": "Q1",
        "revenue": 761900000,
        "costOfRevenue": 615700000,
        "grossProfit": 146200000,
        "grossProfitRatio": 0.1918886993,
        "researchAndDevelopmentExpenses": 0,
        "generalAndAdministrativeExpenses": 57600000,
        "sellingAndMarketingExpenses": 0,
        "sellingGeneralAndAdministrativeExpenses": 57600000,
        "otherExpenses": 800000,
        "operatingExpenses": 58400000,
        "costAndExpenses": 674100000,
        "interestIncome": 0,
        "interestExpense": 11300000,
        "depreciationAndAmortization": 31000000,
        "ebitda": 118800000,
        "ebitdaratio": 0.1559259745,
        "operatingIncome": 87800000,
        "operatingIncomeRatio": 0.1152382202,
        "totalOtherIncomeExpensesNet": -9900000,
        "incomeBeforeTax": 77900000,
        "incomeBeforeTaxRatio": 0.102244389,
        "incomeTaxExpense": 26500000,
        "netIncome": 50000000,
        "netIncomeRatio": 0.0656254102,
        "eps": 0.67,
        "epsdiluted": 0.66,
        "weightedAverageShsOut": 74500000,
        "weightedAverageShsOutDil": 76200000,
        "link": "https://www.sec.gov/Archives/edgar/data/1046257/000095012407002746/0000950124-07-002746-index.htm",
        "finalLink": "https://www.sec.gov/Archives/edgar/data/1046257/000095012407002746/c14942e10vq.htm"
    },
    {
        "date": "2006-12-31",
        "symbol": "INGR",
        "reportedCurrency": "USD",
        "cik": "0001046257",
        "fillingDate": "2007-02-27",
        "acceptedDate": "2007-02-27 16:59:22",
        "calendarYear": "2006",
        "period": "Q4",
        "revenue": 687000000,
        "costOfRevenue": 580500000,
        "grossProfit": 106500000,
        "grossProfitRatio": 0.1550218341,
        "researchAndDevelopmentExpenses": 0,
        "generalAndAdministrativeExpenses": 54900000,
        "sellingAndMarketingExpenses": 0,
        "sellingGeneralAndAdministrativeExpenses": 54900000,
        "otherExpenses": -4600000,
        "operatingExpenses": 50300000,
        "costAndExpenses": 630800000,
        "interestIncome": 0,
        "interestExpense": 7500000,
        "depreciationAndAmortization": 30000000,
        "ebitda": 86200000,
        "ebitdaratio": 0.1254730713,
        "operatingIncome": 56200000,
        "operatingIncomeRatio": 0.0818049491,
        "totalOtherIncomeExpensesNet": -6300000,
        "incomeBeforeTax": 49900000,
        "incomeBeforeTaxRatio": 0.0726346434,
        "incomeTaxExpense": 15300000,
        "netIncome": 33400000,
        "netIncomeRatio": 0.0486171761,
        "eps": 0.45,
        "epsdiluted": 0.45,
        "weightedAverageShsOut": 74400000,
        "weightedAverageShsOutDil": 74500000,
        "link": "https://www.sec.gov/Archives/edgar/data/1046257/000095013707002867/0000950137-07-002867-index.htm",
        "finalLink": "https://www.sec.gov/Archives/edgar/data/1046257/000095013707002867/c12670e10vk.htm"
    },
    {
        "date": "2006-09-30",
        "symbol": "INGR",
        "reportedCurrency": "USD",
        "cik": "0001046257",
        "fillingDate": "2006-11-06",
        "acceptedDate": "2006-11-06 06:13:19",
        "calendarYear": "2006",
        "period": "Q3",
        "revenue": 674200000,
        "costOfRevenue": 562000000,
        "grossProfit": 112200000,
        "grossProfitRatio": 0.1664194601,
        "researchAndDevelopmentExpenses": 0,
        "generalAndAdministrativeExpenses": 49900000,
        "sellingAndMarketingExpenses": 0,
        "sellingGeneralAndAdministrativeExpenses": 49900000,
        "otherExpenses": -2200000,
        "operatingExpenses": 47700000,
        "costAndExpenses": 609700000,
        "interestIncome": 0,
        "interestExpense": 7500000,
        "depreciationAndAmortization": 29000000,
        "ebitda": 93500000,
        "ebitdaratio": 0.1386828834,
        "operatingIncome": 64500000,
        "operatingIncomeRatio": 0.095668941,
        "totalOtherIncomeExpensesNet": -6600000,
        "incomeBeforeTax": 57900000,
        "incomeBeforeTaxRatio": 0.085879561,
        "incomeTaxExpense": 20000000,
        "netIncome": 37000000,
        "netIncomeRatio": 0.0548798576,
        "eps": 0.5,
        "epsdiluted": 0.49,
        "weightedAverageShsOut": 74000000,
        "weightedAverageShsOutDil": 75500000,
        "link": "https://www.sec.gov/Archives/edgar/data/1046257/000095013406020477/0000950134-06-020477-index.htm",
        "finalLink": "https://www.sec.gov/Archives/edgar/data/1046257/000095013406020477/c09721e10vq.htm"
    },
    {
        "date": "2006-06-30",
        "symbol": "INGR",
        "reportedCurrency": "USD",
        "cik": "0001046257",
        "fillingDate": "2006-08-07",
        "acceptedDate": "2006-08-07 14:48:36",
        "calendarYear": "2006",
        "period": "Q2",
        "revenue": 644900000,
        "costOfRevenue": 540400000,
        "grossProfit": 104500000,
        "grossProfitRatio": 0.1620406265,
        "researchAndDevelopmentExpenses": 0,
        "generalAndAdministrativeExpenses": 49400000,
        "sellingAndMarketingExpenses": 0,
        "sellingGeneralAndAdministrativeExpenses": 49400000,
        "otherExpenses": -2000000,
        "operatingExpenses": 47400000,
        "costAndExpenses": 587800000,
        "interestIncome": 0,
        "interestExpense": 8700000,
        "depreciationAndAmortization": 27000000,
        "ebitda": 84100000,
        "ebitdaratio": 0.1304078152,
        "operatingIncome": 57100000,
        "operatingIncomeRatio": 0.088540859,
        "totalOtherIncomeExpensesNet": -7600000,
        "incomeBeforeTax": 49500000,
        "incomeBeforeTaxRatio": 0.0767560862,
        "incomeTaxExpense": 18300000,
        "netIncome": 30100000,
        "netIncomeRatio": 0.0466739029,
        "eps": 0.41,
        "epsdiluted": 0.4,
        "weightedAverageShsOut": 73900000,
        "weightedAverageShsOutDil": 75300000,
        "link": "https://www.sec.gov/Archives/edgar/data/1046257/000095013706008764/0000950137-06-008764-index.htm",
        "finalLink": "https://www.sec.gov/Archives/edgar/data/1046257/000095013706008764/c07513e10vq.htm"
    },
    {
        "date": "2006-03-31",
        "symbol": "INGR",
        "reportedCurrency": "USD",
        "cik": "0001046257",
        "fillingDate": "2006-05-08",
        "acceptedDate": "2006-05-08 17:22:11",
        "calendarYear": "2006",
        "period": "Q1",
        "revenue": 615000000,
        "costOfRevenue": 522100000,
        "grossProfit": 92700000,
        "grossProfitRatio": 0.1507317073,
        "researchAndDevelopmentExpenses": 0,
        "generalAndAdministrativeExpenses": 48000000,
        "sellingAndMarketingExpenses": 0,
        "sellingGeneralAndAdministrativeExpenses": 47700000,
        "otherExpenses": -1200000,
        "operatingExpenses": 46500000,
        "costAndExpenses": 568600000,
        "interestIncome": 0,
        "interestExpense": 8000000,
        "depreciationAndAmortization": 28000000,
        "ebitda": 74200000,
        "ebitdaratio": 0.1206504065,
        "operatingIncome": 46200000,
        "operatingIncomeRatio": 0.0751219512,
        "totalOtherIncomeExpensesNet": -6600000,
        "incomeBeforeTax": 40000000,
        "incomeBeforeTaxRatio": 0.0650406504,
        "incomeTaxExpense": 15000000,
        "netIncome": 23400000,
        "netIncomeRatio": 0.0380487805,
        "eps": 0.32,
        "epsdiluted": 0.31,
        "weightedAverageShsOut": 74100000,
        "weightedAverageShsOutDil": 75400000,
        "link": "https://www.sec.gov/Archives/edgar/data/1046257/000095013706005550/0000950137-06-005550-index.htm",
        "finalLink": "https://www.sec.gov/Archives/edgar/data/1046257/000095013706005550/c05059e10vq.htm"
    },
    {
        "date": "2005-12-31",
        "symbol": "INGR",
        "reportedCurrency": "USD",
        "cik": "0001046257",
        "fillingDate": "2006-03-09",
        "acceptedDate": "2006-03-09 15:10:46",
        "calendarYear": "2005",
        "period": "Q4",
        "revenue": 585200000,
        "costOfRevenue": 503500000,
        "grossProfit": 81700000,
        "grossProfitRatio": 0.1396103896,
        "researchAndDevelopmentExpenses": 0,
        "generalAndAdministrativeExpenses": 40800000,
        "sellingAndMarketingExpenses": 0,
        "sellingGeneralAndAdministrativeExpenses": 40800000,
        "otherExpenses": -2700000,
        "operatingExpenses": 38100000,
        "costAndExpenses": 541600000,
        "interestIncome": 0,
        "interestExpense": 6600000,
        "depreciationAndAmortization": 27000000,
        "ebitda": 70600000,
        "ebitdaratio": 0.1206425154,
        "operatingIncome": 43600000,
        "operatingIncomeRatio": 0.0745044429,
        "totalOtherIncomeExpensesNet": -7000000,
        "incomeBeforeTax": 36600000,
        "incomeBeforeTaxRatio": 0.0625427204,
        "incomeTaxExpense": 13100000,
        "netIncome": 23900000,
        "netIncomeRatio": 0.0408407382,
        "eps": 0.32,
        "epsdiluted": 0.32,
        "weightedAverageShsOut": 74100000,
        "weightedAverageShsOutDil": 74100000,
        "link": "https://www.sec.gov/Archives/edgar/data/1046257/000095013706002801/0000950137-06-002801-index.htm",
        "finalLink": "https://www.sec.gov/Archives/edgar/data/1046257/000095013706002801/c03166e10vk.htm"
    },
    {
        "date": "2005-09-30",
        "symbol": "INGR",
        "reportedCurrency": "USD",
        "cik": "0001046257",
        "fillingDate": "2005-11-07",
        "acceptedDate": "2005-11-07 15:16:16",
        "calendarYear": "2005",
        "period": "Q3",
        "revenue": 612000000,
        "costOfRevenue": 524400000,
        "grossProfit": 87600000,
        "grossProfitRatio": 0.1431372549,
        "researchAndDevelopmentExpenses": 0,
        "generalAndAdministrativeExpenses": 38300000,
        "sellingAndMarketingExpenses": 0,
        "sellingGeneralAndAdministrativeExpenses": 38300000,
        "otherExpenses": -2900000,
        "operatingExpenses": 35400000,
        "costAndExpenses": 559800000,
        "interestIncome": 0,
        "interestExpense": 9700000,
        "depreciationAndAmortization": 27000000,
        "ebitda": 79200000,
        "ebitdaratio": 0.1294117647,
        "operatingIncome": 52200000,
        "operatingIncomeRatio": 0.0852941176,
        "totalOtherIncomeExpensesNet": -9000000,
        "incomeBeforeTax": 43200000,
        "incomeBeforeTaxRatio": 0.0705882353,
        "incomeTaxExpense": 19400000,
        "netIncome": 23100000,
        "netIncomeRatio": 0.037745098,
        "eps": 0.31,
        "epsdiluted": 0.31,
        "weightedAverageShsOut": 74200000,
        "weightedAverageShsOutDil": 75000000,
        "link": "https://www.sec.gov/Archives/edgar/data/1046257/000095013705013381/0000950137-05-013381-index.htm",
        "finalLink": "https://www.sec.gov/Archives/edgar/data/1046257/000095013705013381/c99759e10vq.htm"
    },
    {
        "date": "2005-06-30",
        "symbol": "INGR",
        "reportedCurrency": "USD",
        "cik": "0001046257",
        "fillingDate": "2005-08-05",
        "acceptedDate": "2005-08-05 10:09:22",
        "calendarYear": "2005",
        "period": "Q2",
        "revenue": 596200000,
        "costOfRevenue": 506000000,
        "grossProfit": 90200000,
        "grossProfitRatio": 0.1512915129,
        "researchAndDevelopmentExpenses": 0,
        "generalAndAdministrativeExpenses": 39600000,
        "sellingAndMarketingExpenses": 0,
        "sellingGeneralAndAdministrativeExpenses": 39600000,
        "otherExpenses": -1200000,
        "operatingExpenses": 38400000,
        "costAndExpenses": 544400000,
        "interestIncome": 0,
        "interestExpense": 9300000,
        "depreciationAndAmortization": 26000000,
        "ebitda": 77800000,
        "ebitdaratio": 0.1304931231,
        "operatingIncome": 51800000,
        "operatingIncomeRatio": 0.0868835961,
        "totalOtherIncomeExpensesNet": -9500000,
        "incomeBeforeTax": 42300000,
        "incomeBeforeTaxRatio": 0.0709493459,
        "incomeTaxExpense": 14800000,
        "netIncome": 26500000,
        "netIncomeRatio": 0.0444481718,
        "eps": 0.35,
        "epsdiluted": 0.35,
        "weightedAverageShsOut": 75200000,
        "weightedAverageShsOutDil": 76000000,
        "link": "https://www.sec.gov/Archives/edgar/data/1046257/000095013705009672/0000950137-05-009672-index.htm",
        "finalLink": "https://www.sec.gov/Archives/edgar/data/1046257/000095013705009672/c97385e10vq.htm"
    },
    {
        "date": "2005-03-31",
        "symbol": "INGR",
        "reportedCurrency": "USD",
        "cik": "0001046257",
        "fillingDate": "2005-05-04",
        "acceptedDate": "2005-05-04 15:52:03",
        "calendarYear": "2005",
        "period": "Q1",
        "revenue": 567000000,
        "costOfRevenue": 494000000,
        "grossProfit": 73000000,
        "grossProfitRatio": 0.1287477954,
        "researchAndDevelopmentExpenses": 0,
        "generalAndAdministrativeExpenses": 39000000,
        "sellingAndMarketingExpenses": 0,
        "sellingGeneralAndAdministrativeExpenses": 39000000,
        "otherExpenses": -1000000,
        "operatingExpenses": 38000000,
        "costAndExpenses": 532000000,
        "interestIncome": 0,
        "interestExpense": 7000000,
        "depreciationAndAmortization": 26000000,
        "ebitda": 61000000,
        "ebitdaratio": 0.1075837743,
        "operatingIncome": 35000000,
        "operatingIncomeRatio": 0.0617283951,
        "totalOtherIncomeExpensesNet": -9000000,
        "incomeBeforeTax": 26000000,
        "incomeBeforeTaxRatio": 0.0458553792,
        "incomeTaxExpense": 9000000,
        "netIncome": 17000000,
        "netIncomeRatio": 0.0299823633,
        "eps": 0.22,
        "epsdiluted": 0.22,
        "weightedAverageShsOut": 75100000,
        "weightedAverageShsOutDil": 76500000,
        "link": "https://www.sec.gov/Archives/edgar/data/1046257/000095013705005353/0000950137-05-005353-index.htm",
        "finalLink": "https://www.sec.gov/Archives/edgar/data/1046257/000095013705005353/c94935e10vq.htm"
    },
    {
        "date": "2004-12-31",
        "symbol": "INGR",
        "reportedCurrency": "USD",
        "cik": "0001046257",
        "fillingDate": "2005-03-11",
        "acceptedDate": "2005-03-11 15:09:13",
        "calendarYear": "2004",
        "period": "Q4",
        "revenue": 573200000,
        "costOfRevenue": 488700000,
        "grossProfit": 84500000,
        "grossProfitRatio": 0.1474180042,
        "researchAndDevelopmentExpenses": 0,
        "generalAndAdministrativeExpenses": 40100000,
        "sellingAndMarketingExpenses": 0,
        "sellingGeneralAndAdministrativeExpenses": 40100000,
        "otherExpenses": 19400000,
        "operatingExpenses": 59500000,
        "costAndExpenses": 548200000,
        "interestIncome": 0,
        "interestExpense": 9500000,
        "depreciationAndAmortization": 26000000,
        "ebitda": 51000000,
        "ebitdaratio": 0.08897418,
        "operatingIncome": 25000000,
        "operatingIncomeRatio": 0.0436147941,
        "totalOtherIncomeExpensesNet": -8200000,
        "incomeBeforeTax": 16800000,
        "incomeBeforeTaxRatio": 0.0293091417,
        "incomeTaxExpense": 700000,
        "netIncome": 14800000,
        "netIncomeRatio": 0.0258199581,
        "eps": 0.2,
        "epsdiluted": 0.2,
        "weightedAverageShsOut": 74300000,
        "weightedAverageShsOutDil": 75100000,
        "link": "https://www.sec.gov/Archives/edgar/data/1046257/000095013705002885/0000950137-05-002885-index.htm",
        "finalLink": "https://www.sec.gov/Archives/edgar/data/1046257/000095013705002885/c92864e10vk.htm"
    },
    {
        "date": "2004-09-30",
        "symbol": "INGR",
        "reportedCurrency": "USD",
        "cik": "0001046257",
        "fillingDate": "2004-11-05",
        "acceptedDate": "2004-11-05 15:35:00",
        "calendarYear": "2004",
        "period": "Q3",
        "revenue": 587400000,
        "costOfRevenue": 504000000,
        "grossProfit": 83400000,
        "grossProfitRatio": 0.1419816139,
        "researchAndDevelopmentExpenses": 0,
        "generalAndAdministrativeExpenses": 37200000,
        "sellingAndMarketingExpenses": 0,
        "sellingGeneralAndAdministrativeExpenses": 37200000,
        "otherExpenses": -200000,
        "operatingExpenses": 37000000,
        "costAndExpenses": 541000000,
        "interestIncome": 0,
        "interestExpense": 9600000,
        "depreciationAndAmortization": 25000000,
        "ebitda": 71400000,
        "ebitdaratio": 0.1215526047,
        "operatingIncome": 46400000,
        "operatingIncomeRatio": 0.0789921689,
        "totalOtherIncomeExpensesNet": -8300000,
        "incomeBeforeTax": 38100000,
        "incomeBeforeTaxRatio": 0.0648621042,
        "incomeTaxExpense": 12600000,
        "netIncome": 24000000,
        "netIncomeRatio": 0.0408580184,
        "eps": 0.33,
        "epsdiluted": 0.32,
        "weightedAverageShsOut": 73800000,
        "weightedAverageShsOutDil": 75000000,
        "link": "https://www.sec.gov/Archives/edgar/data/1046257/000095013704009481/0000950137-04-009481-index.htm",
        "finalLink": "https://www.sec.gov/Archives/edgar/data/1046257/000095013704009481/c89366e10vq.htm"
    },
    {
        "date": "2004-06-30",
        "symbol": "INGR",
        "reportedCurrency": "USD",
        "cik": "0001046257",
        "fillingDate": "2004-08-06",
        "acceptedDate": "2004-08-06 11:27:42",
        "calendarYear": "2004",
        "period": "Q2",
        "revenue": 572000000,
        "costOfRevenue": 480400000,
        "grossProfit": 91600000,
        "grossProfitRatio": 0.1601398601,
        "researchAndDevelopmentExpenses": 0,
        "generalAndAdministrativeExpenses": 40400000,
        "sellingAndMarketingExpenses": 0,
        "sellingGeneralAndAdministrativeExpenses": 40400000,
        "otherExpenses": -2300000,
        "operatingExpenses": 38100000,
        "costAndExpenses": 518500000,
        "interestIncome": 0,
        "interestExpense": 10400000,
        "depreciationAndAmortization": 26000000,
        "ebitda": 79500000,
        "ebitdaratio": 0.138986014,
        "operatingIncome": 53500000,
        "operatingIncomeRatio": 0.0935314685,
        "totalOtherIncomeExpensesNet": -8100000,
        "incomeBeforeTax": 45400000,
        "incomeBeforeTaxRatio": 0.0793706294,
        "incomeTaxExpense": 13600000,
        "netIncome": 29500000,
        "netIncomeRatio": 0.0515734266,
        "eps": 0.41,
        "epsdiluted": 0.4,
        "weightedAverageShsOut": 73000000,
        "weightedAverageShsOutDil": 74400000,
        "link": "https://www.sec.gov/Archives/edgar/data/1046257/000095013704006315/0000950137-04-006315-index.htm",
        "finalLink": "https://www.sec.gov/Archives/edgar/data/1046257/000095013704006315/c87311e10vq.htm"
    },
    {
        "date": "2004-03-31",
        "symbol": "INGR",
        "reportedCurrency": "USD",
        "cik": "0001046257",
        "fillingDate": "2004-05-07",
        "acceptedDate": "2004-05-07 13:09:36",
        "calendarYear": "2004",
        "period": "Q1",
        "revenue": 550400000,
        "costOfRevenue": 455900000,
        "grossProfit": 94500000,
        "grossProfitRatio": 0.171693314,
        "researchAndDevelopmentExpenses": 0,
        "generalAndAdministrativeExpenses": 40300000,
        "sellingAndMarketingExpenses": 0,
        "sellingGeneralAndAdministrativeExpenses": 40300000,
        "otherExpenses": 0,
        "operatingExpenses": 40300000,
        "costAndExpenses": 496200000,
        "interestIncome": 0,
        "interestExpense": 12400000,
        "depreciationAndAmortization": 25000000,
        "ebitda": 79200000,
        "ebitdaratio": 0.1438953488,
        "operatingIncome": 54200000,
        "operatingIncomeRatio": 0.0984738372,
        "totalOtherIncomeExpensesNet": -9500000,
        "incomeBeforeTax": 44700000,
        "incomeBeforeTaxRatio": 0.0812136628,
        "incomeTaxExpense": 16100000,
        "netIncome": 25700000,
        "netIncomeRatio": 0.046693314,
        "eps": 0.36,
        "epsdiluted": 0.35,
        "weightedAverageShsOut": 72400000,
        "weightedAverageShsOutDil": 73400000,
        "link": "https://www.sec.gov/Archives/edgar/data/1046257/000095013704003725/0000950137-04-003725-index.htm",
        "finalLink": "https://www.sec.gov/Archives/edgar/data/1046257/000095013704003725/c85255e10vq.htm"
    },
    {
        "date": "2003-12-31",
        "symbol": "INGR",
        "reportedCurrency": "USD",
        "cik": "0001046257",
        "fillingDate": "2004-03-12",
        "acceptedDate": "2004-03-12 17:20:14",
        "calendarYear": "2003",
        "period": "Q4",
        "revenue": 542500000,
        "costOfRevenue": 450000000,
        "grossProfit": 92500000,
        "grossProfitRatio": 0.1705069124,
        "researchAndDevelopmentExpenses": 0,
        "generalAndAdministrativeExpenses": 40800000,
        "sellingAndMarketingExpenses": 0,
        "sellingGeneralAndAdministrativeExpenses": 40800000,
        "otherExpenses": 500000,
        "operatingExpenses": 41300000,
        "costAndExpenses": 491300000,
        "interestIncome": 0,
        "interestExpense": 12300000,
        "depreciationAndAmortization": 25000000,
        "ebitda": 76200000,
        "ebitdaratio": 0.1404608295,
        "operatingIncome": 51200000,
        "operatingIncomeRatio": 0.0943778802,
        "totalOtherIncomeExpensesNet": -9800000,
        "incomeBeforeTax": 41400000,
        "incomeBeforeTaxRatio": 0.0763133641,
        "incomeTaxExpense": 15300000,
        "netIncome": 24100000,
        "netIncomeRatio": 0.0444239631,
        "eps": 0.33,
        "epsdiluted": 0.33,
        "weightedAverageShsOut": 72400000,
        "weightedAverageShsOutDil": 72400000,
        "link": "https://www.sec.gov/Archives/edgar/data/1046257/000095013704001814/0000950137-04-001814-index.htm",
        "finalLink": "https://www.sec.gov/Archives/edgar/data/1046257/000095013704001814/c83460e10vk.htm"
    },
    {
        "date": "2003-09-30",
        "symbol": "INGR",
        "reportedCurrency": "USD",
        "cik": "0001046257",
        "fillingDate": "2003-11-12",
        "acceptedDate": "2003-11-12 06:05:35",
        "calendarYear": "2003",
        "period": "Q3",
        "revenue": 540700000,
        "costOfRevenue": 457000000,
        "grossProfit": 83700000,
        "grossProfitRatio": 0.1547993342,
        "researchAndDevelopmentExpenses": 0,
        "generalAndAdministrativeExpenses": 37600000,
        "sellingAndMarketingExpenses": 0,
        "sellingGeneralAndAdministrativeExpenses": 37600000,
        "otherExpenses": 1200000,
        "operatingExpenses": 38800000,
        "costAndExpenses": 495800000,
        "interestIncome": 0,
        "interestExpense": 13600000,
        "depreciationAndAmortization": 25000000,
        "ebitda": 69900000,
        "ebitdaratio": 0.1292768633,
        "operatingIncome": 44900000,
        "operatingIncomeRatio": 0.0830405031,
        "totalOtherIncomeExpensesNet": -10100000,
        "incomeBeforeTax": 34800000,
        "incomeBeforeTaxRatio": 0.0643610135,
        "incomeTaxExpense": 12500000,
        "netIncome": 20000000,
        "netIncomeRatio": 0.0369890882,
        "eps": 0.28,
        "epsdiluted": 0.28,
        "weightedAverageShsOut": 72000000,
        "weightedAverageShsOutDil": 72600000,
        "link": "https://www.sec.gov/Archives/edgar/data/1046257/000095013403014829/0000950134-03-014829-index.htm",
        "finalLink": "https://www.sec.gov/Archives/edgar/data/1046257/000095013403014829/c80800e10vq.htm"
    },
    {
        "date": "2003-06-30",
        "symbol": "INGR",
        "reportedCurrency": "USD",
        "cik": "0001046257",
        "fillingDate": "2003-08-12",
        "acceptedDate": "2003-08-12 10:20:22",
        "calendarYear": "2003",
        "period": "Q2",
        "revenue": 539300000,
        "costOfRevenue": 460300000,
        "grossProfit": 79000000,
        "grossProfitRatio": 0.1464861858,
        "researchAndDevelopmentExpenses": 0,
        "generalAndAdministrativeExpenses": 35900000,
        "sellingAndMarketingExpenses": 0,
        "sellingGeneralAndAdministrativeExpenses": 35900000,
        "otherExpenses": 700000,
        "operatingExpenses": 36600000,
        "costAndExpenses": 496900000,
        "interestIncome": 0,
        "interestExpense": 13200000,
        "depreciationAndAmortization": 26000000,
        "ebitda": 68400000,
        "ebitdaratio": 0.1268310773,
        "operatingIncome": 42400000,
        "operatingIncomeRatio": 0.0786204339,
        "totalOtherIncomeExpensesNet": -12500000,
        "incomeBeforeTax": 29900000,
        "incomeBeforeTaxRatio": 0.0554422399,
        "incomeTaxExpense": 11700000,
        "netIncome": 18200000,
        "netIncomeRatio": 0.0337474504,
        "eps": 0.25,
        "epsdiluted": 0.25,
        "weightedAverageShsOut": 72000000,
        "weightedAverageShsOutDil": 72400000,
        "link": "https://www.sec.gov/Archives/edgar/data/1046257/000095013703004224/0000950137-03-004224-index.htm",
        "finalLink": "https://www.sec.gov/Archives/edgar/data/1046257/000095013703004224/c78882e10vq.txt"
    },
    {
        "date": "2003-03-31",
        "symbol": "INGR",
        "reportedCurrency": "USD",
        "cik": "0001046257",
        "fillingDate": "2003-05-13",
        "acceptedDate": "2003-05-13 13:40:34",
        "calendarYear": "2003",
        "period": "Q1",
        "revenue": 479400000,
        "costOfRevenue": 410600000,
        "grossProfit": 68800000,
        "grossProfitRatio": 0.1435127242,
        "researchAndDevelopmentExpenses": 0,
        "generalAndAdministrativeExpenses": 34600000,
        "sellingAndMarketingExpenses": 0,
        "sellingGeneralAndAdministrativeExpenses": 34600000,
        "otherExpenses": -1300000,
        "operatingExpenses": 33300000,
        "costAndExpenses": 443900000,
        "interestIncome": 0,
        "interestExpense": 11100000,
        "depreciationAndAmortization": 25000000,
        "ebitda": 60500000,
        "ebitdaratio": 0.1261994159,
        "operatingIncome": 35500000,
        "operatingIncomeRatio": 0.074050897,
        "totalOtherIncomeExpensesNet": -12400000,
        "incomeBeforeTax": 23100000,
        "incomeBeforeTaxRatio": 0.0481852315,
        "incomeTaxExpense": 9500000,
        "netIncome": 13600000,
        "netIncomeRatio": 0.0283687943,
        "eps": 0.19,
        "epsdiluted": 0.19,
        "weightedAverageShsOut": 71400000,
        "weightedAverageShsOutDil": 71800000,
        "link": "https://www.sec.gov/Archives/edgar/data/1046257/000095013703002869/0000950137-03-002869-index.htm",
        "finalLink": "https://www.sec.gov/Archives/edgar/data/1046257/000095013703002869/c77021e10vq.txt"
    },
    {
        "date": "2002-12-31",
        "symbol": "INGR",
        "reportedCurrency": "USD",
        "cik": "0001046257",
        "fillingDate": "2003-03-21",
        "acceptedDate": "2003-03-21 14:38:20",
        "calendarYear": "2002",
        "period": "Q4",
        "revenue": 472800000,
        "costOfRevenue": 406000000,
        "grossProfit": 66800000,
        "grossProfitRatio": 0.141285956,
        "researchAndDevelopmentExpenses": 0,
        "generalAndAdministrativeExpenses": 31800000,
        "sellingAndMarketingExpenses": 0,
        "sellingGeneralAndAdministrativeExpenses": 31800000,
        "otherExpenses": -6100000,
        "operatingExpenses": 25700000,
        "costAndExpenses": 431700000,
        "interestIncome": 0,
        "interestExpense": 16300000,
        "depreciationAndAmortization": 24000000,
        "ebitda": 65100000,
        "ebitdaratio": 0.1376903553,
        "operatingIncome": 41100000,
        "operatingIncomeRatio": 0.086928934,
        "totalOtherIncomeExpensesNet": -22400000,
        "incomeBeforeTax": 18700000,
        "incomeBeforeTaxRatio": 0.0395516074,
        "incomeTaxExpense": 10900000,
        "netIncome": 16100000,
        "netIncomeRatio": 0.0340524535,
        "eps": 0.11,
        "epsdiluted": 0.11,
        "weightedAverageShsOut": 71200000,
        "weightedAverageShsOutDil": 71400000,
        "link": "https://www.sec.gov/Archives/edgar/data/1046257/000095013703001625/0000950137-03-001625-index.htm",
        "finalLink": "https://www.sec.gov/Archives/edgar/data/1046257/000095013703001625/c75436e10vk.txt"
    },
    {
        "date": "2002-09-30",
        "symbol": "INGR",
        "reportedCurrency": "USD",
        "cik": "0001046257",
        "fillingDate": "2002-11-12",
        "acceptedDate": "2002-11-12 10:11:04",
        "calendarYear": "2002",
        "period": "Q3",
        "revenue": 480100000,
        "costOfRevenue": 410100000,
        "grossProfit": 70000000,
        "grossProfitRatio": 0.1458029577,
        "researchAndDevelopmentExpenses": 0,
        "generalAndAdministrativeExpenses": 32400000,
        "sellingAndMarketingExpenses": 0,
        "sellingGeneralAndAdministrativeExpenses": 32400000,
        "otherExpenses": -2800000,
        "operatingExpenses": 29600000,
        "costAndExpenses": 439700000,
        "interestIncome": 0,
        "interestExpense": 9300000,
        "depreciationAndAmortization": 25000000,
        "ebitda": 65400000,
        "ebitdaratio": 0.1362216205,
        "operatingIncome": 40400000,
        "operatingIncomeRatio": 0.0841491356,
        "totalOtherIncomeExpensesNet": -9300000,
        "incomeBeforeTax": 31100000,
        "incomeBeforeTaxRatio": 0.0647781712,
        "incomeTaxExpense": 11200000,
        "netIncome": 17100000,
        "netIncomeRatio": 0.0356175797,
        "eps": 0.24,
        "epsdiluted": 0.24,
        "weightedAverageShsOut": 71200000,
        "weightedAverageShsOutDil": 71400000,
        "link": "https://www.sec.gov/Archives/edgar/data/1046257/000095013702006114/0000950137-02-006114-index.htm",
        "finalLink": "https://www.sec.gov/Archives/edgar/data/1046257/000095013702006114/c72922e10vq.txt"
    },
    {
        "date": "2002-06-30",
        "symbol": "INGR",
        "reportedCurrency": "USD",
        "cik": "0001046257",
        "fillingDate": "2002-08-12",
        "acceptedDate": "2002-08-12 12:01:44",
        "calendarYear": "2002",
        "period": "Q2",
        "revenue": 486200000,
        "costOfRevenue": 414700000,
        "grossProfit": 71500000,
        "grossProfitRatio": 0.1470588235,
        "researchAndDevelopmentExpenses": 0,
        "generalAndAdministrativeExpenses": 33000000,
        "sellingAndMarketingExpenses": 0,
        "sellingGeneralAndAdministrativeExpenses": 33000000,
        "otherExpenses": -1500000,
        "operatingExpenses": 31500000,
        "costAndExpenses": 446200000,
        "interestIncome": 0,
        "interestExpense": 7900000,
        "depreciationAndAmortization": 28000000,
        "ebitda": 68000000,
        "ebitdaratio": 0.1398601399,
        "operatingIncome": 40000000,
        "operatingIncomeRatio": 0.0822706705,
        "totalOtherIncomeExpensesNet": -9400000,
        "incomeBeforeTax": 30600000,
        "incomeBeforeTaxRatio": 0.0629370629,
        "incomeTaxExpense": 12000000,
        "netIncome": 18600000,
        "netIncomeRatio": 0.0382558618,
        "eps": 0.26,
        "epsdiluted": 0.26,
        "weightedAverageShsOut": 71200000,
        "weightedAverageShsOutDil": 71600000,
        "link": "https://www.sec.gov/Archives/edgar/data/1046257/000095013702004290/0000950137-02-004290-index.htm",
        "finalLink": "https://www.sec.gov/Archives/edgar/data/1046257/000095013702004290/c71055e10vq.txt"
    },
    {
        "date": "2002-03-31",
        "symbol": "INGR",
        "reportedCurrency": "USD",
        "cik": "0001046257",
        "fillingDate": "2002-05-14",
        "acceptedDate": "2002-05-14 17:08:13",
        "calendarYear": "2002",
        "period": "Q1",
        "revenue": 431900000,
        "costOfRevenue": 373100000,
        "grossProfit": 58800000,
        "grossProfitRatio": 0.1361426256,
        "researchAndDevelopmentExpenses": 0,
        "generalAndAdministrativeExpenses": 36900000,
        "sellingAndMarketingExpenses": 0,
        "sellingGeneralAndAdministrativeExpenses": 36900000,
        "otherExpenses": -9600000,
        "operatingExpenses": 27300000,
        "costAndExpenses": 400400000,
        "interestIncome": 0,
        "interestExpense": 70612000,
        "depreciationAndAmortization": 26000000,
        "ebitda": 115712000,
        "ebitdaratio": 0.267913869,
        "operatingIncome": 31500000,
        "operatingIncomeRatio": 0.0729335494,
        "totalOtherIncomeExpensesNet": -9600000,
        "incomeBeforeTax": 21900000,
        "incomeBeforeTaxRatio": 0.050706182,
        "incomeTaxExpense": 7900000,
        "netIncome": 11200000,
        "netIncomeRatio": 0.0259319287,
        "eps": 0.16,
        "epsdiluted": 0.16,
        "weightedAverageShsOut": 71000000,
        "weightedAverageShsOutDil": 71200000,
        "link": "https://www.sec.gov/Archives/edgar/data/1046257/000095013702003014/0000950137-02-003014-index.htm",
        "finalLink": "https://www.sec.gov/Archives/edgar/data/1046257/000095013702003014/c69504e10-q.txt"
    },
    {
        "date": "2001-12-31",
        "symbol": "INGR",
        "reportedCurrency": "USD",
        "cik": "0001046257",
        "fillingDate": "2002-03-26",
        "acceptedDate": "2002-03-26 00:00:00",
        "calendarYear": "2001",
        "period": "Q4",
        "revenue": 475700000,
        "costOfRevenue": 408300000,
        "grossProfit": 67400000,
        "grossProfitRatio": 0.1416859365,
        "researchAndDevelopmentExpenses": 0,
        "generalAndAdministrativeExpenses": 32600000,
        "sellingAndMarketingExpenses": 0,
        "sellingGeneralAndAdministrativeExpenses": 32600000,
        "otherExpenses": -2400000,
        "operatingExpenses": 30200000,
        "costAndExpenses": 438500000,
        "interestIncome": 0,
        "interestExpense": 20800000,
        "depreciationAndAmortization": 29000000,
        "ebitda": 66200000,
        "ebitdaratio": 0.1391633382,
        "operatingIncome": 37200000,
        "operatingIncomeRatio": 0.0782005466,
        "totalOtherIncomeExpensesNet": -18700000,
        "incomeBeforeTax": 18500000,
        "incomeBeforeTaxRatio": 0.0388900568,
        "incomeTaxExpense": 6800000,
        "netIncome": 9600000,
        "netIncomeRatio": 0.0201807862,
        "eps": 0.14,
        "epsdiluted": 0.14,
        "weightedAverageShsOut": 70600000,
        "weightedAverageShsOutDil": 71000000,
        "link": "https://www.sec.gov/Archives/edgar/data/1046257/000095013702001595/0000950137-02-001595-index.htm",
        "finalLink": "https://www.sec.gov/Archives/edgar/data/1046257/000095013702001595/c68303e10-k.txt"
    },
    {
        "date": "2001-09-30",
        "symbol": "INGR",
        "reportedCurrency": "USD",
        "cik": "0001046257",
        "fillingDate": "2001-11-13",
        "acceptedDate": "2001-11-13 00:00:00",
        "calendarYear": "2001",
        "period": "Q3",
        "revenue": 474500000,
        "costOfRevenue": 390400000,
        "grossProfit": 84100000,
        "grossProfitRatio": 0.1772391992,
        "researchAndDevelopmentExpenses": 0,
        "generalAndAdministrativeExpenses": 40800000,
        "sellingAndMarketingExpenses": 0,
        "sellingGeneralAndAdministrativeExpenses": 40800000,
        "otherExpenses": -3700000,
        "operatingExpenses": 37100000,
        "costAndExpenses": 427500000,
        "interestIncome": 0,
        "interestExpense": 12500000,
        "depreciationAndAmortization": 32000000,
        "ebitda": 79000000,
        "ebitdaratio": 0.1664910432,
        "operatingIncome": 47000000,
        "operatingIncomeRatio": 0.0990516333,
        "totalOtherIncomeExpensesNet": -14800000,
        "incomeBeforeTax": 32200000,
        "incomeBeforeTaxRatio": 0.0678609062,
        "incomeTaxExpense": 11300000,
        "netIncome": 19500000,
        "netIncomeRatio": 0.0410958904,
        "eps": 0.28,
        "epsdiluted": 0.28,
        "weightedAverageShsOut": 70600000,
        "weightedAverageShsOutDil": 71000000,
        "link": "https://www.sec.gov/Archives/edgar/data/1046257/000095013701504497/0000950137-01-504497-index.htm",
        "finalLink": "https://www.sec.gov/Archives/edgar/data/1046257/000095013701504497/c65942e10-q.txt"
    },
    {
        "date": "2001-06-30",
        "symbol": "INGR",
        "reportedCurrency": "USD",
        "cik": "0001046257",
        "fillingDate": "2001-08-13",
        "acceptedDate": "2001-08-13 00:00:00",
        "calendarYear": "2001",
        "period": "Q2",
        "revenue": 482200000,
        "costOfRevenue": 409700000,
        "grossProfit": 72500000,
        "grossProfitRatio": 0.1503525508,
        "researchAndDevelopmentExpenses": 0,
        "generalAndAdministrativeExpenses": 35100000,
        "sellingAndMarketingExpenses": 0,
        "sellingGeneralAndAdministrativeExpenses": 35100000,
        "otherExpenses": -4800000,
        "operatingExpenses": 30300000,
        "costAndExpenses": 440000000,
        "interestIncome": 0,
        "interestExpense": 12600000,
        "depreciationAndAmortization": 33000000,
        "ebitda": 75200000,
        "ebitdaratio": 0.1559518872,
        "operatingIncome": 42200000,
        "operatingIncomeRatio": 0.0875155537,
        "totalOtherIncomeExpensesNet": -17400000,
        "incomeBeforeTax": 24800000,
        "incomeBeforeTaxRatio": 0.0514309415,
        "incomeTaxExpense": 9500000,
        "netIncome": 15300000,
        "netIncomeRatio": 0.0317295728,
        "eps": 0.22,
        "epsdiluted": 0.22,
        "weightedAverageShsOut": 70600000,
        "weightedAverageShsOutDil": 70800000,
        "link": "https://www.sec.gov/Archives/edgar/data/1046257/000095013701502951/0000950137-01-502951-index.htm",
        "finalLink": "https://www.sec.gov/Archives/edgar/data/1046257/000095013701502951/c64480e10-q.txt"
    },
    {
        "date": "2001-03-31",
        "symbol": "INGR",
        "reportedCurrency": "USD",
        "cik": "0001046257",
        "fillingDate": "2001-05-11",
        "acceptedDate": "2001-05-11 00:00:00",
        "calendarYear": "2001",
        "period": "Q1",
        "revenue": 454600000,
        "costOfRevenue": 379600000,
        "grossProfit": 75000000,
        "grossProfitRatio": 0.1649802024,
        "researchAndDevelopmentExpenses": 0,
        "generalAndAdministrativeExpenses": 39400000,
        "sellingAndMarketingExpenses": 0,
        "sellingGeneralAndAdministrativeExpenses": 39400000,
        "otherExpenses": -4000000,
        "operatingExpenses": 35400000,
        "costAndExpenses": 415000000,
        "interestIncome": 0,
        "interestExpense": 18500000,
        "depreciationAndAmortization": 33000000,
        "ebitda": 72600000,
        "ebitdaratio": 0.1597008359,
        "operatingIncome": 39600000,
        "operatingIncomeRatio": 0.0871095469,
        "totalOtherIncomeExpensesNet": -18500000,
        "incomeBeforeTax": 21100000,
        "incomeBeforeTaxRatio": 0.0464144303,
        "incomeTaxExpense": 8400000,
        "netIncome": 12700000,
        "netIncomeRatio": 0.0279366476,
        "eps": 0.18,
        "epsdiluted": 0.18,
        "weightedAverageShsOut": 70600000,
        "weightedAverageShsOutDil": 71000000,
        "link": "https://www.sec.gov/Archives/edgar/data/1046257/000095013701501369/0000950137-01-501369-index.htm",
        "finalLink": "https://www.sec.gov/Archives/edgar/data/1046257/000095013701501369/c62297e10-q.txt"
    },
    {
        "date": "2000-12-31",
        "symbol": "INGR",
        "reportedCurrency": "USD",
        "cik": "0001046257",
        "fillingDate": "2001-03-27",
        "acceptedDate": "2001-03-27 00:00:00",
        "calendarYear": "2000",
        "period": "Q4",
        "revenue": 467500000,
        "costOfRevenue": 366600000,
        "grossProfit": 100900000,
        "grossProfitRatio": 0.215828877,
        "researchAndDevelopmentExpenses": 0,
        "generalAndAdministrativeExpenses": 29100000,
        "sellingAndMarketingExpenses": 0,
        "sellingGeneralAndAdministrativeExpenses": 29100000,
        "otherExpenses": 31000000,
        "operatingExpenses": 60100000,
        "costAndExpenses": 426700000,
        "interestIncome": 0,
        "interestExpense": 19300000,
        "depreciationAndAmortization": 31000000,
        "ebitda": 71800000,
        "ebitdaratio": 0.1535828877,
        "operatingIncome": 40800000,
        "operatingIncomeRatio": 0.0872727273,
        "totalOtherIncomeExpensesNet": -19300000,
        "incomeBeforeTax": 21500000,
        "incomeBeforeTaxRatio": 0.0459893048,
        "incomeTaxExpense": 9000000,
        "netIncome": 12500000,
        "netIncomeRatio": 0.0267379679,
        "eps": 0.18,
        "epsdiluted": 0.18,
        "weightedAverageShsOut": 70600000,
        "weightedAverageShsOutDil": 70600000,
        "link": "https://www.sec.gov/Archives/edgar/data/1046257/000095013701000910/0000950137-01-000910-index.htm",
        "finalLink": "https://www.sec.gov/Archives/edgar/data/1046257/000095013701000910/c61002e10-k.txt"
    },
    {
        "date": "2000-09-30",
        "symbol": "INGR",
        "reportedCurrency": "USD",
        "cik": "0001046257",
        "fillingDate": "2000-11-08",
        "acceptedDate": "2000-11-08 00:00:00",
        "calendarYear": "2000",
        "period": "Q3",
        "revenue": 479300000,
        "costOfRevenue": 370900000,
        "grossProfit": 108400000,
        "grossProfitRatio": 0.2261631546,
        "researchAndDevelopmentExpenses": 0,
        "generalAndAdministrativeExpenses": 34800000,
        "sellingAndMarketingExpenses": 0,
        "sellingGeneralAndAdministrativeExpenses": 34800000,
        "otherExpenses": 35000000,
        "operatingExpenses": 69800000,
        "costAndExpenses": 440700000,
        "interestIncome": 0,
        "interestExpense": 16900000,
        "depreciationAndAmortization": 35000000,
        "ebitda": 73600000,
        "ebitdaratio": 0.153557271,
        "operatingIncome": 38600000,
        "operatingIncomeRatio": 0.0805341122,
        "totalOtherIncomeExpensesNet": -16900000,
        "incomeBeforeTax": 21700000,
        "incomeBeforeTaxRatio": 0.0452743584,
        "incomeTaxExpense": 9100000,
        "netIncome": 12600000,
        "netIncomeRatio": 0.0262883372,
        "eps": 0.18,
        "epsdiluted": 0.18,
        "weightedAverageShsOut": 70400000,
        "weightedAverageShsOutDil": 70400000,
        "link": "https://www.sec.gov/Archives/edgar/data/1046257/000095012400006478/0000950124-00-006478-index.htm",
        "finalLink": "https://www.sec.gov/Archives/edgar/data/1046257/000095012400006478/c58154e10-q.txt"
    },
    {
        "date": "2000-06-30",
        "symbol": "INGR",
        "reportedCurrency": "USD",
        "cik": "0001046257",
        "fillingDate": "2000-08-04",
        "acceptedDate": "2000-08-04 00:00:00",
        "calendarYear": "2000",
        "period": "Q2",
        "revenue": 473900000,
        "costOfRevenue": 355200000,
        "grossProfit": 118700000,
        "grossProfitRatio": 0.2504747837,
        "researchAndDevelopmentExpenses": 0,
        "generalAndAdministrativeExpenses": 34500000,
        "sellingAndMarketingExpenses": 0,
        "sellingGeneralAndAdministrativeExpenses": 34500000,
        "otherExpenses": 34000000,
        "operatingExpenses": 68500000,
        "costAndExpenses": 423700000,
        "interestIncome": 0,
        "interestExpense": 17400000,
        "depreciationAndAmortization": 34000000,
        "ebitda": 84200000,
        "ebitdaratio": 0.1776746149,
        "operatingIncome": 50200000,
        "operatingIncomeRatio": 0.105929521,
        "totalOtherIncomeExpensesNet": -17400000,
        "incomeBeforeTax": 32800000,
        "incomeBeforeTaxRatio": 0.0692129141,
        "incomeTaxExpense": 13500000,
        "netIncome": 19300000,
        "netIncomeRatio": 0.0407258915,
        "eps": 0.28,
        "epsdiluted": 0.28,
        "weightedAverageShsOut": 70400000,
        "weightedAverageShsOutDil": 70400000,
        "link": "https://www.sec.gov/Archives/edgar/data/1046257/000095013700003469/0000950137-00-003469-index.htm",
        "finalLink": "https://www.sec.gov/Archives/edgar/data/1046257/000095013700003469/e10-q.txt"
    },
    {
        "date": "2000-03-31",
        "symbol": "INGR",
        "reportedCurrency": "USD",
        "cik": "0001046257",
        "fillingDate": "2000-05-05",
        "acceptedDate": "2000-05-05 00:00:00",
        "calendarYear": "2000",
        "period": "Q1",
        "revenue": 444200000,
        "costOfRevenue": 331300000,
        "grossProfit": 112900000,
        "grossProfitRatio": 0.2541647906,
        "researchAndDevelopmentExpenses": 0,
        "generalAndAdministrativeExpenses": 36500000,
        "sellingAndMarketingExpenses": 0,
        "sellingGeneralAndAdministrativeExpenses": 36500000,
        "otherExpenses": 35000000,
        "operatingExpenses": 71500000,
        "costAndExpenses": 402800000,
        "interestIncome": 0,
        "interestExpense": 33400000,
        "depreciationAndAmortization": 35000000,
        "ebitda": 76400000,
        "ebitdaratio": 0.171994597,
        "operatingIncome": 41400000,
        "operatingIncomeRatio": 0.0932012607,
        "totalOtherIncomeExpensesNet": -33400000,
        "incomeBeforeTax": 8000000,
        "incomeBeforeTaxRatio": 0.0180099054,
        "incomeTaxExpense": 4400000,
        "netIncome": 3600000,
        "netIncomeRatio": 0.0081044575,
        "eps": 0.05,
        "epsdiluted": 0.05,
        "weightedAverageShsOut": 71000000,
        "weightedAverageShsOutDil": 71000000,
        "link": "https://www.sec.gov/Archives/edgar/data/1046257/000095013700002121/0000950137-00-002121-index.html",
        "finalLink": "https://www.sec.gov/Archives/edgar/data/1046257/000095013700002121/"
    },
    {
        "date": "1999-12-31",
        "symbol": "INGR",
        "reportedCurrency": "USD",
        "cik": "0001046257",
        "fillingDate": "2000-03-24",
        "acceptedDate": "2000-03-24 00:00:00",
        "calendarYear": "1999",
        "period": "Q4",
        "revenue": 452500000,
        "costOfRevenue": 344500000,
        "grossProfit": 108000000,
        "grossProfitRatio": 0.2386740331,
        "researchAndDevelopmentExpenses": 0,
        "generalAndAdministrativeExpenses": 36400000,
        "sellingAndMarketingExpenses": 0,
        "sellingGeneralAndAdministrativeExpenses": 36400000,
        "otherExpenses": 36000000,
        "operatingExpenses": 72400000,
        "costAndExpenses": 416900000,
        "interestIncome": 0,
        "interestExpense": 7200000,
        "depreciationAndAmortization": 36000000,
        "ebitda": 71600000,
        "ebitdaratio": 0.1582320442,
        "operatingIncome": 35600000,
        "operatingIncomeRatio": 0.0786740331,
        "totalOtherIncomeExpensesNet": -8800000,
        "incomeBeforeTax": 26800000,
        "incomeBeforeTaxRatio": 0.0592265193,
        "incomeTaxExpense": 10000000,
        "netIncome": 16800000,
        "netIncomeRatio": 0.0371270718,
        "eps": 0.24,
        "epsdiluted": 0.24,
        "weightedAverageShsOut": 71000000,
        "weightedAverageShsOutDil": 71000000,
        "link": "https://www.sec.gov/Archives/edgar/data/1046257/000095013700001233/0000950137-00-001233-index.html",
        "finalLink": "https://www.sec.gov/Archives/edgar/data/1046257/000095013700001233/"
    },
    {
        "date": "1999-09-30",
        "symbol": "INGR",
        "reportedCurrency": "USD",
        "cik": "0001046257",
        "fillingDate": "1999-11-05",
        "acceptedDate": "1999-11-05 00:00:00",
        "calendarYear": "1999",
        "period": "Q3",
        "revenue": 444600000,
        "costOfRevenue": 332300000,
        "grossProfit": 112300000,
        "grossProfitRatio": 0.2525865947,
        "researchAndDevelopmentExpenses": 0,
        "generalAndAdministrativeExpenses": 34000000,
        "sellingAndMarketingExpenses": 0,
        "sellingGeneralAndAdministrativeExpenses": 34000000,
        "otherExpenses": 35000000,
        "operatingExpenses": 69000000,
        "costAndExpenses": 401300000,
        "interestIncome": 0,
        "interestExpense": 8000000,
        "depreciationAndAmortization": 35000000,
        "ebitda": 78300000,
        "ebitdaratio": 0.1761133603,
        "operatingIncome": 43300000,
        "operatingIncomeRatio": 0.0973909132,
        "totalOtherIncomeExpensesNet": -8000000,
        "incomeBeforeTax": 35300000,
        "incomeBeforeTaxRatio": 0.079397211,
        "incomeTaxExpense": 12700000,
        "netIncome": 22600000,
        "netIncomeRatio": 0.0508322087,
        "eps": 0.31,
        "epsdiluted": 0.31,
        "weightedAverageShsOut": 74098361,
        "weightedAverageShsOutDil": 74098361,
        "link": "https://www.sec.gov/Archives/edgar/data/1046257/000095013799003922/0000950137-99-003922-index.html",
        "finalLink": "https://www.sec.gov/Archives/edgar/data/1046257/000095013799003922/"
    },
    {
        "date": "1999-06-30",
        "symbol": "INGR",
        "reportedCurrency": "USD",
        "cik": "0001046257",
        "fillingDate": "1999-08-04",
        "acceptedDate": "1999-08-04 00:00:00",
        "calendarYear": "1999",
        "period": "Q2",
        "revenue": 441300000,
        "costOfRevenue": 338300000,
        "grossProfit": 103000000,
        "grossProfitRatio": 0.2334013143,
        "researchAndDevelopmentExpenses": 0,
        "generalAndAdministrativeExpenses": 32600000,
        "sellingAndMarketingExpenses": 0,
        "sellingGeneralAndAdministrativeExpenses": 32600000,
        "otherExpenses": 26000000,
        "operatingExpenses": 58600000,
        "costAndExpenses": 396900000,
        "interestIncome": 0,
        "interestExpense": 9400000,
        "depreciationAndAmortization": 26000000,
        "ebitda": 70400000,
        "ebitdaratio": 0.1595286653,
        "operatingIncome": 44400000,
        "operatingIncomeRatio": 0.1006118287,
        "totalOtherIncomeExpensesNet": -9900000,
        "incomeBeforeTax": 34500000,
        "incomeBeforeTaxRatio": 0.0781781101,
        "incomeTaxExpense": 12800000,
        "netIncome": 21700000,
        "netIncomeRatio": 0.0491728983,
        "eps": 0.29,
        "epsdiluted": 0.29,
        "weightedAverageShsOut": 74827586,
        "weightedAverageShsOutDil": 74827586,
        "link": "https://www.sec.gov/Archives/edgar/data/1046257/000095013799002782/0000950137-99-002782-index.html",
        "finalLink": "https://www.sec.gov/Archives/edgar/data/1046257/000095013799002782/"
    },
    {
        "date": "1999-03-31",
        "symbol": "INGR",
        "reportedCurrency": "USD",
        "cik": "0001046257",
        "fillingDate": "1999-05-14",
        "acceptedDate": "1999-05-14 00:00:00",
        "calendarYear": "1999",
        "period": "Q1",
        "revenue": 396600000,
        "costOfRevenue": 307900000,
        "grossProfit": 88700000,
        "grossProfitRatio": 0.2236510338,
        "researchAndDevelopmentExpenses": 0,
        "generalAndAdministrativeExpenses": 30300000,
        "sellingAndMarketingExpenses": 0,
        "sellingGeneralAndAdministrativeExpenses": 31000000,
        "otherExpenses": 25000000,
        "operatingExpenses": 56000000,
        "costAndExpenses": 363900000,
        "interestIncome": 0,
        "interestExpense": 7000000,
        "depreciationAndAmortization": 25000000,
        "ebitda": 57700000,
        "ebitdaratio": 0.1454866364,
        "operatingIncome": 32700000,
        "operatingIncomeRatio": 0.0824508321,
        "totalOtherIncomeExpensesNet": -7400000,
        "incomeBeforeTax": 25300000,
        "incomeBeforeTaxRatio": 0.063792234,
        "incomeTaxExpense": 9500000,
        "netIncome": 15800000,
        "netIncomeRatio": 0.0398386283,
        "eps": 0.21,
        "epsdiluted": 0.21,
        "weightedAverageShsOut": 75000000,
        "weightedAverageShsOutDil": 75200000,
        "link": "https://www.sec.gov/Archives/edgar/data/1046257/000095013799001650/0000950137-99-001650-index.html",
        "finalLink": "https://www.sec.gov/Archives/edgar/data/1046257/"
    },
    {
        "date": "1998-12-31",
        "symbol": "INGR",
        "reportedCurrency": "USD",
        "cik": "0001046257",
        "fillingDate": "1999-03-30",
        "acceptedDate": "1999-03-30 00:00:00",
        "calendarYear": "1998",
        "period": "Q4",
        "revenue": 382700000,
        "costOfRevenue": 310800000,
        "grossProfit": 71900000,
        "grossProfitRatio": 0.1878756206,
        "researchAndDevelopmentExpenses": 0,
        "generalAndAdministrativeExpenses": 29400000,
        "sellingAndMarketingExpenses": 0,
        "sellingGeneralAndAdministrativeExpenses": 29400000,
        "otherExpenses": 24000000,
        "operatingExpenses": 53400000,
        "costAndExpenses": 364200000,
        "interestIncome": 0,
        "interestExpense": 0,
        "depreciationAndAmortization": 24000000,
        "ebitda": 42500000,
        "ebitdaratio": 0.1110530442,
        "operatingIncome": 18500000,
        "operatingIncomeRatio": 0.0483407369,
        "totalOtherIncomeExpensesNet": 200000,
        "incomeBeforeTax": 18700000,
        "incomeBeforeTaxRatio": 0.0488633394,
        "incomeTaxExpense": 7000000,
        "netIncome": 11700000,
        "netIncomeRatio": 0.0305722498,
        "eps": 0.16,
        "epsdiluted": 0.16,
        "weightedAverageShsOut": 72137931,
        "weightedAverageShsOutDil": 75238095,
        "link": "https://www.sec.gov/Archives/edgar/data/1046257/000095013799000673/0000950137-99-000673-index.html",
        "finalLink": "https://www.sec.gov/Archives/edgar/data/1046257/"
    },
    {
        "date": "1998-09-30",
        "symbol": "INGR",
        "reportedCurrency": "USD",
        "cik": "0001046257",
        "fillingDate": "1998-11-13",
        "acceptedDate": "1998-11-13 00:00:00",
        "calendarYear": "1998",
        "period": "Q3",
        "revenue": 359500000,
        "costOfRevenue": 291300000,
        "grossProfit": 68200000,
        "grossProfitRatio": 0.1897079277,
        "researchAndDevelopmentExpenses": 0,
        "generalAndAdministrativeExpenses": 24200000,
        "sellingAndMarketingExpenses": 0,
        "sellingGeneralAndAdministrativeExpenses": 24200000,
        "otherExpenses": 24000000,
        "operatingExpenses": 48200000,
        "costAndExpenses": 339500000,
        "interestIncome": 0,
        "interestExpense": 300000,
        "depreciationAndAmortization": 24000000,
        "ebitda": 44000000,
        "ebitdaratio": 0.1223922114,
        "operatingIncome": 20000000,
        "operatingIncomeRatio": 0.0556328234,
        "totalOtherIncomeExpensesNet": -300000,
        "incomeBeforeTax": 19700000,
        "incomeBeforeTaxRatio": 0.054798331,
        "incomeTaxExpense": 7100000,
        "netIncome": 12600000,
        "netIncomeRatio": 0.0350486787,
        "eps": 0.18,
        "epsdiluted": 0.18,
        "weightedAverageShsOut": 72000000,
        "weightedAverageShsOutDil": 72000000,
        "link": "https://www.sec.gov/Archives/edgar/data/1046257/000095012498006582/0000950124-98-006582-index.html",
        "finalLink": "https://www.sec.gov/Archives/edgar/data/1046257/"
    },
    {
        "date": "1998-06-30",
        "symbol": "INGR",
        "reportedCurrency": "USD",
        "cik": "0001046257",
        "fillingDate": "1998-08-14",
        "acceptedDate": "1998-08-14 00:00:00",
        "calendarYear": "1998",
        "period": "Q2",
        "revenue": 366800000,
        "costOfRevenue": 302800000,
        "grossProfit": 64000000,
        "grossProfitRatio": 0.1744820065,
        "researchAndDevelopmentExpenses": 0,
        "generalAndAdministrativeExpenses": 23100000,
        "sellingAndMarketingExpenses": 0,
        "sellingGeneralAndAdministrativeExpenses": 23100000,
        "otherExpenses": 24000000,
        "operatingExpenses": 47100000,
        "costAndExpenses": 349900000,
        "interestIncome": 0,
        "interestExpense": 0,
        "depreciationAndAmortization": 24000000,
        "ebitda": 40900000,
        "ebitdaratio": 0.1115049073,
        "operatingIncome": 16900000,
        "operatingIncomeRatio": 0.0460741549,
        "totalOtherIncomeExpensesNet": 300000,
        "incomeBeforeTax": 17200000,
        "incomeBeforeTaxRatio": 0.0468920393,
        "incomeTaxExpense": 6500000,
        "netIncome": 10700000,
        "netIncomeRatio": 0.0291712105,
        "eps": 0.15,
        "epsdiluted": 0.15,
        "weightedAverageShsOut": 71333333,
        "weightedAverageShsOutDil": 71333333,
        "link": "https://www.sec.gov/Archives/edgar/data/1046257/000095013798003250/0000950137-98-003250-index.html",
        "finalLink": "https://www.sec.gov/Archives/edgar/data/1046257/"
    },
    {
        "date": "1998-03-31",
        "symbol": "INGR",
        "reportedCurrency": "USD",
        "cik": "0001046257",
        "fillingDate": "1998-05-15",
        "acceptedDate": "1998-05-15 00:00:00",
        "calendarYear": "1998",
        "period": "Q1",
        "revenue": 339000000,
        "costOfRevenue": 277100000,
        "grossProfit": 61900000,
        "grossProfitRatio": 0.1825958702,
        "researchAndDevelopmentExpenses": 0,
        "generalAndAdministrativeExpenses": 25300000,
        "sellingAndMarketingExpenses": 0,
        "sellingGeneralAndAdministrativeExpenses": 25300000,
        "otherExpenses": 23000000,
        "operatingExpenses": 48300000,
        "costAndExpenses": 325400000,
        "interestIncome": 0,
        "interestExpense": 1300000,
        "depreciationAndAmortization": 23000000,
        "ebitda": 36600000,
        "ebitdaratio": 0.1079646018,
        "operatingIncome": 13600000,
        "operatingIncomeRatio": 0.0401179941,
        "totalOtherIncomeExpensesNet": -1300000,
        "incomeBeforeTax": 12300000,
        "incomeBeforeTaxRatio": 0.0362831858,
        "incomeTaxExpense": 4300000,
        "netIncome": 8000000,
        "netIncomeRatio": 0.0235988201,
        "eps": 0.11,
        "epsdiluted": 0.11,
        "weightedAverageShsOut": 72727273,
        "weightedAverageShsOutDil": 72727273,
        "link": "https://www.sec.gov/Archives/edgar/data/1046257/000095013798002189/0000950137-98-002189-index.html",
        "finalLink": "https://www.sec.gov/Archives/edgar/data/1046257/"
    },
    {
        "date": "1997-12-31",
        "symbol": "INGR",
        "reportedCurrency": "USD",
        "cik": "0001046257",
        "fillingDate": "1998-03-31",
        "acceptedDate": "1998-03-31 00:00:00",
        "calendarYear": "1997",
        "period": "Q4",
        "revenue": 363000000,
        "costOfRevenue": 321000000,
        "grossProfit": 42000000,
        "grossProfitRatio": 0.1157024793,
        "researchAndDevelopmentExpenses": 0,
        "generalAndAdministrativeExpenses": 24000000,
        "sellingAndMarketingExpenses": -5000000,
        "sellingGeneralAndAdministrativeExpenses": 19000000,
        "otherExpenses": 0,
        "operatingExpenses": 19000000,
        "costAndExpenses": 340000000,
        "interestIncome": 0,
        "interestExpense": -6000000,
        "depreciationAndAmortization": 32000000,
        "ebitda": 40000000,
        "ebitdaratio": 0.1101928375,
        "operatingIncome": 8000000,
        "operatingIncomeRatio": 0.0220385675,
        "totalOtherIncomeExpensesNet": 9000000,
        "incomeBeforeTax": 17000000,
        "incomeBeforeTaxRatio": 0.0468319559,
        "incomeTaxExpense": 6000000,
        "netIncome": 11000000,
        "netIncomeRatio": 0.0303030303,
        "eps": 0.15,
        "epsdiluted": 0.15,
        "weightedAverageShsOut": 71800000,
        "weightedAverageShsOutDil": 71800000,
        "link": "https://www.sec.gov/Archives/edgar/data/1046257/000095013798001383/0000950137-98-001383-index.html",
        "finalLink": "https://www.sec.gov/Archives/edgar/data/1046257/"
    },
    {
        "date": "1997-09-30",
        "symbol": "INGR",
        "reportedCurrency": "USD",
        "cik": "0001046257",
        "fillingDate": "1997-09-30",
        "acceptedDate": "1997-09-29 20:00:00",
        "calendarYear": "1997",
        "period": "Q3",
        "revenue": 360000000,
        "costOfRevenue": 318000000,
        "grossProfit": 42000000,
        "grossProfitRatio": 0.1166666667,
        "researchAndDevelopmentExpenses": 0,
        "generalAndAdministrativeExpenses": 21000000,
        "sellingAndMarketingExpenses": 23000000,
        "sellingGeneralAndAdministrativeExpenses": 44000000,
        "otherExpenses": 0,
        "operatingExpenses": 44000000,
        "costAndExpenses": 362000000,
        "interestIncome": 0,
        "interestExpense": -7000000,
        "depreciationAndAmortization": 24000000,
        "ebitda": 7000000,
        "ebitdaratio": 0.0194444444,
        "operatingIncome": -17000000,
        "operatingIncomeRatio": -0.0472222222,
        "totalOtherIncomeExpensesNet": 8000000,
        "incomeBeforeTax": -9000000,
        "incomeBeforeTaxRatio": -0.025,
        "incomeTaxExpense": 1000000,
        "netIncome": -10000000,
        "netIncomeRatio": -0.0277777778,
        "eps": -0.14,
        "epsdiluted": -0.14,
        "weightedAverageShsOut": 71400000,
        "weightedAverageShsOutDil": 71400000,
        "link": "",
        "finalLink": ""
    }
]