[
    {
        "date": "2025-06-30",
        "symbol": "IPGP",
        "reportedCurrency": "USD",
        "cik": "0001111928",
        "fillingDate": "2025-08-05",
        "acceptedDate": "2025-08-05 16:11:51",
        "calendarYear": "2025",
        "period": "Q2",
        "revenue": 250721000,
        "costOfRevenue": 157148000,
        "grossProfit": 93573000,
        "grossProfitRatio": 0.3732156461,
        "researchAndDevelopmentExpenses": 29937000,
        "generalAndAdministrativeExpenses": 34882000,
        "sellingAndMarketingExpenses": 25552000,
        "sellingGeneralAndAdministrativeExpenses": 60434000,
        "otherExpenses": 3098000,
        "operatingExpenses": 93469000,
        "costAndExpenses": 250617000,
        "interestIncome": 8000999,
        "interestExpense": 0,
        "depreciationAndAmortization": 15826000,
        "ebitda": 24097000,
        "ebitdaratio": 0.0961108164,
        "operatingIncome": 104000,
        "operatingIncomeRatio": 0.0004148037,
        "totalOtherIncomeExpensesNet": 8167000,
        "incomeBeforeTax": 8271000,
        "incomeBeforeTaxRatio": 0.0329888601,
        "incomeTaxExpense": 1666000,
        "netIncome": 6605000,
        "netIncomeRatio": 0.0263440238,
        "eps": 0.16,
        "epsdiluted": 0.16,
        "weightedAverageShsOut": 42543000,
        "weightedAverageShsOutDil": 42720000,
        "link": "https://www.sec.gov/Archives/edgar/data/1111928/000111192825000132/0001111928-25-000132-index.htm",
        "finalLink": "https://www.sec.gov/Archives/edgar/data/1111928/000111192825000132/ipgp-20250630.htm"
    },
    {
        "date": "2025-03-31",
        "symbol": "IPGP",
        "reportedCurrency": "USD",
        "cik": "0001111928",
        "fillingDate": "2025-05-06",
        "acceptedDate": "2025-05-06 16:32:34",
        "calendarYear": "2025",
        "period": "Q1",
        "revenue": 227793000,
        "costOfRevenue": 137981000,
        "grossProfit": 89812000,
        "grossProfitRatio": 0.3942702366,
        "researchAndDevelopmentExpenses": 28336000,
        "generalAndAdministrativeExpenses": 32808000,
        "sellingAndMarketingExpenses": 24430000,
        "sellingGeneralAndAdministrativeExpenses": 57238000,
        "otherExpenses": 2411000,
        "operatingExpenses": 87985000,
        "costAndExpenses": 225966000,
        "interestIncome": 7444000,
        "interestExpense": 0,
        "depreciationAndAmortization": 15341000,
        "ebitda": 19579000,
        "ebitdaratio": 0.0859508413,
        "operatingIncome": 1827000,
        "operatingIncomeRatio": 0.0080204396,
        "totalOtherIncomeExpensesNet": 8788000,
        "incomeBeforeTax": 10615000,
        "incomeBeforeTaxRatio": 0.0465993248,
        "incomeTaxExpense": 6857000,
        "netIncome": 3758000,
        "netIncomeRatio": 0.0164974341,
        "eps": 0.0882,
        "epsdiluted": 0.0877,
        "weightedAverageShsOut": 42604799,
        "weightedAverageShsOutDil": 42831786,
        "link": "https://www.sec.gov/Archives/edgar/data/1111928/000111192825000069/0001111928-25-000069-index.htm",
        "finalLink": "https://www.sec.gov/Archives/edgar/data/1111928/000111192825000069/ipgp-20250331.htm"
    },
    {
        "date": "2024-12-31",
        "symbol": "IPGP",
        "reportedCurrency": "USD",
        "cik": "0001111928",
        "fillingDate": "2025-02-20",
        "acceptedDate": "2025-02-20 16:43:30",
        "calendarYear": "2024",
        "period": "Q4",
        "revenue": 234337000,
        "costOfRevenue": 143993000,
        "grossProfit": 90344000,
        "grossProfitRatio": 0.3855302406,
        "researchAndDevelopmentExpenses": 25738000,
        "generalAndAdministrativeExpenses": 28893000,
        "sellingAndMarketingExpenses": 21864000,
        "sellingGeneralAndAdministrativeExpenses": 50757000,
        "otherExpenses": -103000,
        "operatingExpenses": 76392000,
        "costAndExpenses": 220385000,
        "interestIncome": 7409000,
        "interestExpense": 0,
        "depreciationAndAmortization": 14820000,
        "ebitda": 28669000,
        "ebitdaratio": 0.1223409022,
        "operatingIncome": 13952000,
        "operatingIncomeRatio": 0.0595381865,
        "totalOtherIncomeExpensesNet": 8060000,
        "incomeBeforeTax": 22012000,
        "incomeBeforeTaxRatio": 0.0939330964,
        "incomeTaxExpense": 14197000,
        "netIncome": 7815000,
        "netIncomeRatio": 0.0333494071,
        "eps": 0.18,
        "epsdiluted": 0.18,
        "weightedAverageShsOut": 42652000,
        "weightedAverageShsOutDil": 42781000,
        "link": "https://www.sec.gov/Archives/edgar/data/1111928/000111192825000023/0001111928-25-000023-index.htm",
        "finalLink": "https://www.sec.gov/Archives/edgar/data/1111928/000111192825000023/ipgp-20241231.htm"
    },
    {
        "date": "2024-09-30",
        "symbol": "IPGP",
        "reportedCurrency": "USD",
        "cik": "0001111928",
        "fillingDate": "2024-10-29",
        "acceptedDate": "2024-10-29 16:54:27",
        "calendarYear": "2024",
        "period": "Q3",
        "revenue": 233143000,
        "costOfRevenue": 179054000,
        "grossProfit": 54089000,
        "grossProfitRatio": 0.2319992451,
        "researchAndDevelopmentExpenses": 27177000,
        "generalAndAdministrativeExpenses": 32660000,
        "sellingAndMarketingExpenses": 22233000,
        "sellingGeneralAndAdministrativeExpenses": 54893000,
        "otherExpenses": 225365000,
        "operatingExpenses": 307435000,
        "costAndExpenses": 486489000,
        "interestIncome": 11103000,
        "interestExpense": 0,
        "depreciationAndAmortization": 15117000,
        "ebitda": -12864000,
        "ebitdaratio": -0.0551764368,
        "operatingIncome": -253346000,
        "operatingIncomeRatio": -1.0866549714,
        "totalOtherIncomeExpensesNet": 10832000,
        "incomeBeforeTax": -242514000,
        "incomeBeforeTaxRatio": -1.0401942156,
        "incomeTaxExpense": -8920000,
        "netIncome": -233594000,
        "netIncomeRatio": -1.0019344351,
        "eps": -5.33,
        "epsdiluted": -5.33,
        "weightedAverageShsOut": 43837000,
        "weightedAverageShsOutDil": 43837000,
        "link": "https://www.sec.gov/Archives/edgar/data/1111928/000111192824000135/0001111928-24-000135-index.htm",
        "finalLink": "https://www.sec.gov/Archives/edgar/data/1111928/000111192824000135/ipgp-20240930.htm"
    },
    {
        "date": "2024-06-30",
        "symbol": "IPGP",
        "reportedCurrency": "USD",
        "cik": "0001111928",
        "fillingDate": "2024-07-30",
        "acceptedDate": "2024-07-30 16:32:16",
        "calendarYear": "2024",
        "period": "Q2",
        "revenue": 257645000,
        "costOfRevenue": 147450000,
        "grossProfit": 110195000,
        "grossProfitRatio": 0.4277009063,
        "researchAndDevelopmentExpenses": 27487000,
        "generalAndAdministrativeExpenses": 31602000,
        "sellingAndMarketingExpenses": 22487000,
        "sellingGeneralAndAdministrativeExpenses": 54089000,
        "otherExpenses": 2570000,
        "operatingExpenses": 84146000,
        "costAndExpenses": 243035000,
        "interestIncome": 12778000,
        "interestExpense": 0,
        "depreciationAndAmortization": 15292000,
        "ebitda": 29902000,
        "ebitdaratio": 0.1160589183,
        "operatingIncome": 14610000,
        "operatingIncomeRatio": 0.0567059326,
        "totalOtherIncomeExpensesNet": 12972000,
        "incomeBeforeTax": 25012000,
        "incomeBeforeTaxRatio": 0.0970793146,
        "incomeTaxExpense": 4858000,
        "netIncome": 20154000,
        "netIncomeRatio": 0.0782239127,
        "eps": 0.45,
        "epsdiluted": 0.45,
        "weightedAverageShsOut": 44917696,
        "weightedAverageShsOutDil": 45012474,
        "link": "https://www.sec.gov/Archives/edgar/data/1111928/000111192824000122/0001111928-24-000122-index.htm",
        "finalLink": "https://www.sec.gov/Archives/edgar/data/1111928/000111192824000122/ipgp-20240630.htm"
    },
    {
        "date": "2024-03-31",
        "symbol": "IPGP",
        "reportedCurrency": "USD",
        "cik": "0001111928",
        "fillingDate": "2024-04-30",
        "acceptedDate": "2024-04-30 16:53:02",
        "calendarYear": "2024",
        "period": "Q1",
        "revenue": 252009000,
        "costOfRevenue": 154473000,
        "grossProfit": 97536000,
        "grossProfitRatio": 0.3870337964,
        "researchAndDevelopmentExpenses": 29381000,
        "generalAndAdministrativeExpenses": 31158000,
        "sellingAndMarketingExpenses": 22998000,
        "sellingGeneralAndAdministrativeExpenses": 54156000,
        "otherExpenses": -5101000,
        "operatingExpenses": 78436000,
        "costAndExpenses": 232909000,
        "interestIncome": 14177000,
        "interestExpense": 0,
        "depreciationAndAmortization": 16214000,
        "ebitda": 30213000,
        "ebitdaratio": 0.1198885754,
        "operatingIncome": 19100000,
        "operatingIncomeRatio": 0.075790944,
        "totalOtherIncomeExpensesNet": 14502000,
        "incomeBeforeTax": 33602000,
        "incomeBeforeTaxRatio": 0.1333365078,
        "incomeTaxExpense": 9503000,
        "netIncome": 24099000,
        "netIncomeRatio": 0.0956275371,
        "eps": 0.52,
        "epsdiluted": 0.52,
        "weightedAverageShsOut": 45960000,
        "weightedAverageShsOutDil": 46175000,
        "link": "https://www.sec.gov/Archives/edgar/data/1111928/000111192824000068/0001111928-24-000068-index.htm",
        "finalLink": "https://www.sec.gov/Archives/edgar/data/1111928/000111192824000068/ipgp-20240331.htm"
    },
    {
        "date": "2023-12-31",
        "symbol": "IPGP",
        "reportedCurrency": "USD",
        "cik": "0001111928",
        "fillingDate": "2024-02-21",
        "acceptedDate": "2024-02-21 16:32:36",
        "calendarYear": "2023",
        "period": "Q4",
        "revenue": 298893000,
        "costOfRevenue": 184176000,
        "grossProfit": 114717000,
        "grossProfitRatio": 0.383806245,
        "researchAndDevelopmentExpenses": 27714000,
        "generalAndAdministrativeExpenses": 35003000,
        "sellingAndMarketingExpenses": 22161000,
        "sellingGeneralAndAdministrativeExpenses": 57164000,
        "otherExpenses": 550000,
        "operatingExpenses": 85428000,
        "costAndExpenses": 269604000,
        "interestIncome": 13369000,
        "interestExpense": 0,
        "depreciationAndAmortization": 16943000,
        "ebitda": 46232000,
        "ebitdaratio": 0.1546774264,
        "operatingIncome": 29289000,
        "operatingIncomeRatio": 0.097991589,
        "totalOtherIncomeExpensesNet": 13375000,
        "incomeBeforeTax": 42153000,
        "incomeBeforeTaxRatio": 0.1410304022,
        "incomeTaxExpense": 725000,
        "netIncome": 41428000,
        "netIncomeRatio": 0.138604785,
        "eps": 0.89,
        "epsdiluted": 0.89,
        "weightedAverageShsOut": 46533000,
        "weightedAverageShsOutDil": 46656000,
        "link": "https://www.sec.gov/Archives/edgar/data/1111928/000111192824000019/0001111928-24-000019-index.htm",
        "finalLink": "https://www.sec.gov/Archives/edgar/data/1111928/000111192824000019/ipgp-20231231.htm"
    },
    {
        "date": "2023-09-30",
        "symbol": "IPGP",
        "reportedCurrency": "USD",
        "cik": "0001111928",
        "fillingDate": "2023-10-31",
        "acceptedDate": "2023-10-31 16:38:10",
        "calendarYear": "2023",
        "period": "Q3",
        "revenue": 301401000,
        "costOfRevenue": 168499000,
        "grossProfit": 132902000,
        "grossProfitRatio": 0.4409474421,
        "researchAndDevelopmentExpenses": 24708000,
        "generalAndAdministrativeExpenses": 30958000,
        "sellingAndMarketingExpenses": 22243000,
        "sellingGeneralAndAdministrativeExpenses": 53201000,
        "otherExpenses": -713000,
        "operatingExpenses": 77196000,
        "costAndExpenses": 246408000,
        "interestIncome": 11569000,
        "interestExpense": 0,
        "depreciationAndAmortization": 17335000,
        "ebitda": 72328000,
        "ebitdaratio": 0.239972661,
        "operatingIncome": 55706000,
        "operatingIncomeRatio": 0.1848235407,
        "totalOtherIncomeExpensesNet": 12114000,
        "incomeBeforeTax": 67820000,
        "incomeBeforeTaxRatio": 0.2250158427,
        "incomeTaxExpense": 12826000,
        "netIncome": 54994000,
        "netIncomeRatio": 0.1824612393,
        "eps": 1.16,
        "epsdiluted": 1.16,
        "weightedAverageShsOut": 47236901,
        "weightedAverageShsOutDil": 47388119,
        "link": "https://www.sec.gov/Archives/edgar/data/1111928/000111192823000170/0001111928-23-000170-index.htm",
        "finalLink": "https://www.sec.gov/Archives/edgar/data/1111928/000111192823000170/ipgp-20230930.htm"
    },
    {
        "date": "2023-06-30",
        "symbol": "IPGP",
        "reportedCurrency": "USD",
        "cik": "0001111928",
        "fillingDate": "2023-08-01",
        "acceptedDate": "2023-08-01 16:27:09",
        "calendarYear": "2023",
        "period": "Q2",
        "revenue": 339971000,
        "costOfRevenue": 192280000,
        "grossProfit": 147691000,
        "grossProfitRatio": 0.4344223478,
        "researchAndDevelopmentExpenses": 23512000,
        "generalAndAdministrativeExpenses": 29660000,
        "sellingAndMarketingExpenses": 20187000,
        "sellingGeneralAndAdministrativeExpenses": 49847000,
        "otherExpenses": 285000,
        "operatingExpenses": 73359000,
        "costAndExpenses": 265639000,
        "interestIncome": 9264000,
        "interestExpense": 0,
        "depreciationAndAmortization": 17454000,
        "ebitda": 91786000,
        "ebitdaratio": 0.2699818514,
        "operatingIncome": 72063000,
        "operatingIncomeRatio": 0.2119680796,
        "totalOtherIncomeExpensesNet": 9549000,
        "incomeBeforeTax": 81612000,
        "incomeBeforeTaxRatio": 0.2400557695,
        "incomeTaxExpense": 19291000,
        "netIncome": 62321000,
        "netIncomeRatio": 0.1833126943,
        "eps": 1.32,
        "epsdiluted": 1.31,
        "weightedAverageShsOut": 47316342,
        "weightedAverageShsOutDil": 47453260,
        "link": "https://www.sec.gov/Archives/edgar/data/1111928/000111192823000134/0001111928-23-000134-index.htm",
        "finalLink": "https://www.sec.gov/Archives/edgar/data/1111928/000111192823000134/ipgp-20230630.htm"
    },
    {
        "date": "2023-03-31",
        "symbol": "IPGP",
        "reportedCurrency": "USD",
        "cik": "0001111928",
        "fillingDate": "2023-05-02",
        "acceptedDate": "2023-05-02 16:38:11",
        "calendarYear": "2023",
        "period": "Q1",
        "revenue": 347174000,
        "costOfRevenue": 200236000,
        "grossProfit": 146938000,
        "grossProfitRatio": 0.4232402196,
        "researchAndDevelopmentExpenses": 22770000,
        "generalAndAdministrativeExpenses": 30128000,
        "sellingAndMarketingExpenses": 21088000,
        "sellingGeneralAndAdministrativeExpenses": 51216000,
        "otherExpenses": 331000,
        "operatingExpenses": 73986000,
        "costAndExpenses": 274222000,
        "interestIncome": 7533000,
        "interestExpense": 0,
        "depreciationAndAmortization": 17889000,
        "ebitda": 90841000,
        "ebitdaratio": 0.2616584191,
        "operatingIncome": 75426000,
        "operatingIncomeRatio": 0.2172570527,
        "totalOtherIncomeExpensesNet": 7864000,
        "incomeBeforeTax": 83290000,
        "incomeBeforeTaxRatio": 0.2399085185,
        "incomeTaxExpense": 23155000,
        "netIncome": 60135000,
        "netIncomeRatio": 0.1732128558,
        "eps": 1.26,
        "epsdiluted": 1.26,
        "weightedAverageShsOut": 47542071,
        "weightedAverageShsOutDil": 47776121,
        "link": "https://www.sec.gov/Archives/edgar/data/1111928/000111192823000086/0001111928-23-000086-index.htm",
        "finalLink": "https://www.sec.gov/Archives/edgar/data/1111928/000111192823000086/ipgp-20230331.htm"
    },
    {
        "date": "2022-12-31",
        "symbol": "IPGP",
        "reportedCurrency": "USD",
        "cik": "0001111928",
        "fillingDate": "2023-02-27",
        "acceptedDate": "2023-02-27 16:56:51",
        "calendarYear": "2022",
        "period": "Q4",
        "revenue": 333539000,
        "costOfRevenue": 272715000,
        "grossProfit": 60824000,
        "grossProfitRatio": 0.1823594842,
        "researchAndDevelopmentExpenses": 26620000,
        "generalAndAdministrativeExpenses": 33365000,
        "sellingAndMarketingExpenses": 17876000,
        "sellingGeneralAndAdministrativeExpenses": 51241000,
        "otherExpenses": 548000,
        "operatingExpenses": 77861000,
        "costAndExpenses": 350576000,
        "interestIncome": 7888000,
        "interestExpense": 7888000,
        "depreciationAndAmortization": 20712000,
        "ebitda": 3675000,
        "ebitdaratio": 0.0110182018,
        "operatingIncome": 54406000,
        "operatingIncomeRatio": 0.1631173566,
        "totalOtherIncomeExpensesNet": -63007000,
        "incomeBeforeTax": -80044000,
        "incomeBeforeTaxRatio": -0.2399839299,
        "incomeTaxExpense": 12851000,
        "netIncome": -92895000,
        "netIncomeRatio": -0.2785131574,
        "eps": -1.91,
        "epsdiluted": -1.91,
        "weightedAverageShsOut": 48720000,
        "weightedAverageShsOutDil": 48720000,
        "link": "https://www.sec.gov/Archives/edgar/data/1111928/000111192823000039/0001111928-23-000039-index.htm",
        "finalLink": "https://www.sec.gov/Archives/edgar/data/1111928/000111192823000039/ipgp-20221231.htm"
    },
    {
        "date": "2022-09-30",
        "symbol": "IPGP",
        "reportedCurrency": "USD",
        "cik": "0001111928",
        "fillingDate": "2022-11-01",
        "acceptedDate": "2022-11-01 16:46:31",
        "calendarYear": "2022",
        "period": "Q3",
        "revenue": 349006000,
        "costOfRevenue": 198582000,
        "grossProfit": 150424000,
        "grossProfitRatio": 0.4310069168,
        "researchAndDevelopmentExpenses": 25436000,
        "generalAndAdministrativeExpenses": 33813000,
        "sellingAndMarketingExpenses": 19383000,
        "sellingGeneralAndAdministrativeExpenses": 53196000,
        "otherExpenses": 301000,
        "operatingExpenses": 78632000,
        "costAndExpenses": 277214000,
        "interestIncome": 3625000,
        "interestExpense": 0,
        "depreciationAndAmortization": 22748000,
        "ebitda": 73170000,
        "ebitdaratio": 0.2096525561,
        "operatingIncome": 50422000,
        "operatingIncomeRatio": 0.1444731609,
        "totalOtherIncomeExpensesNet": 46666000,
        "incomeBeforeTax": 97088000,
        "incomeBeforeTaxRatio": 0.2781843292,
        "incomeTaxExpense": 20390000,
        "netIncome": 76264000,
        "netIncomeRatio": 0.2185177332,
        "eps": 1.48,
        "epsdiluted": 1.47,
        "weightedAverageShsOut": 51629000,
        "weightedAverageShsOutDil": 51737000,
        "link": "https://www.sec.gov/Archives/edgar/data/1111928/000111192822000139/0001111928-22-000139-index.htm",
        "finalLink": "https://www.sec.gov/Archives/edgar/data/1111928/000111192822000139/ipgp-20220930.htm"
    },
    {
        "date": "2022-06-30",
        "symbol": "IPGP",
        "reportedCurrency": "USD",
        "cik": "0001111928",
        "fillingDate": "2022-08-03",
        "acceptedDate": "2022-08-03 16:29:33",
        "calendarYear": "2022",
        "period": "Q2",
        "revenue": 377023000,
        "costOfRevenue": 204679000,
        "grossProfit": 172344000,
        "grossProfitRatio": 0.4571180008,
        "researchAndDevelopmentExpenses": 30608000,
        "generalAndAdministrativeExpenses": 33411000,
        "sellingAndMarketingExpenses": 19010000,
        "sellingGeneralAndAdministrativeExpenses": 52421000,
        "otherExpenses": 618000,
        "operatingExpenses": 83029000,
        "costAndExpenses": 287708000,
        "interestIncome": 1177000,
        "interestExpense": 0,
        "depreciationAndAmortization": 23669000,
        "ebitda": 112984000,
        "ebitdaratio": 0.2996740252,
        "operatingIncome": 71675000,
        "operatingIncomeRatio": 0.1901077653,
        "totalOtherIncomeExpensesNet": 1795000,
        "incomeBeforeTax": 73470000,
        "incomeBeforeTaxRatio": 0.1948687481,
        "incomeTaxExpense": 16139000,
        "netIncome": 56968000,
        "netIncomeRatio": 0.151099535,
        "eps": 1.1,
        "epsdiluted": 1.1,
        "weightedAverageShsOut": 51687000,
        "weightedAverageShsOutDil": 51795000,
        "link": "https://www.sec.gov/Archives/edgar/data/1111928/000111192822000109/0001111928-22-000109-index.htm",
        "finalLink": "https://www.sec.gov/Archives/edgar/data/1111928/000111192822000109/ipgp-20220630.htm"
    },
    {
        "date": "2022-03-31",
        "symbol": "IPGP",
        "reportedCurrency": "USD",
        "cik": "0001111928",
        "fillingDate": "2022-05-05",
        "acceptedDate": "2022-05-04 17:37:29",
        "calendarYear": "2022",
        "period": "Q1",
        "revenue": 369979000,
        "costOfRevenue": 198158000,
        "grossProfit": 171821000,
        "grossProfitRatio": 0.4644074393,
        "researchAndDevelopmentExpenses": 33450000,
        "generalAndAdministrativeExpenses": 30664000,
        "sellingAndMarketingExpenses": 20374000,
        "sellingGeneralAndAdministrativeExpenses": 51038000,
        "otherExpenses": -236000,
        "operatingExpenses": 84488000,
        "costAndExpenses": 282646000,
        "interestIncome": 0,
        "interestExpense": 70000,
        "depreciationAndAmortization": 23435000,
        "ebitda": 110768000,
        "ebitdaratio": 0.2993899654,
        "operatingIncome": 93143000,
        "operatingIncomeRatio": 0.2517521265,
        "totalOtherIncomeExpensesNet": -306000,
        "incomeBeforeTax": 92837000,
        "incomeBeforeTaxRatio": 0.2509250525,
        "incomeTaxExpense": 23209000,
        "netIncome": 69572000,
        "netIncomeRatio": 0.1880431051,
        "eps": 1.32,
        "epsdiluted": 1.31,
        "weightedAverageShsOut": 52810000,
        "weightedAverageShsOutDil": 53100000,
        "link": "https://www.sec.gov/Archives/edgar/data/1111928/000111192822000073/0001111928-22-000073-index.htm",
        "finalLink": "https://www.sec.gov/Archives/edgar/data/1111928/000111192822000073/ipgp-20220331.htm"
    },
    {
        "date": "2021-12-31",
        "symbol": "IPGP",
        "reportedCurrency": "USD",
        "cik": "0001111928",
        "fillingDate": "2022-02-22",
        "acceptedDate": "2022-02-22 16:42:20",
        "calendarYear": "2021",
        "period": "Q4",
        "revenue": 364467000,
        "costOfRevenue": 198462000,
        "grossProfit": 166005000,
        "grossProfitRatio": 0.455473335,
        "researchAndDevelopmentExpenses": 36766000,
        "generalAndAdministrativeExpenses": 32167000,
        "sellingAndMarketingExpenses": 19416000,
        "sellingGeneralAndAdministrativeExpenses": 51583000,
        "otherExpenses": 367000,
        "operatingExpenses": 88349000,
        "costAndExpenses": 286811000,
        "interestIncome": 0,
        "interestExpense": 649000,
        "depreciationAndAmortization": 24203000,
        "ebitda": 101859000,
        "ebitdaratio": 0.2794738618,
        "operatingIncome": 84803000,
        "operatingIncomeRatio": 0.2326767581,
        "totalOtherIncomeExpensesNet": -282000,
        "incomeBeforeTax": 84521000,
        "incomeBeforeTaxRatio": 0.2319030255,
        "incomeTaxExpense": 19253000,
        "netIncome": 65087000,
        "netIncomeRatio": 0.1785813256,
        "eps": 1.22,
        "epsdiluted": 1.21,
        "weightedAverageShsOut": 53222000,
        "weightedAverageShsOutDil": 53626000,
        "link": "https://www.sec.gov/Archives/edgar/data/1111928/000111192822000025/0001111928-22-000025-index.htm",
        "finalLink": "https://www.sec.gov/Archives/edgar/data/1111928/000111192822000025/ipgp-20211231.htm"
    },
    {
        "date": "2021-09-30",
        "symbol": "IPGP",
        "reportedCurrency": "USD",
        "cik": "0001111928",
        "fillingDate": "2021-11-03",
        "acceptedDate": "2021-11-03 16:25:14",
        "calendarYear": "2021",
        "period": "Q3",
        "revenue": 379150000,
        "costOfRevenue": 193276000,
        "grossProfit": 185874000,
        "grossProfitRatio": 0.4902386918,
        "researchAndDevelopmentExpenses": 34277000,
        "generalAndAdministrativeExpenses": 32557000,
        "sellingAndMarketingExpenses": 20688000,
        "sellingGeneralAndAdministrativeExpenses": 53245000,
        "otherExpenses": -211000,
        "operatingExpenses": 87522000,
        "costAndExpenses": 280798000,
        "interestIncome": 0,
        "interestExpense": 288000,
        "depreciationAndAmortization": 24151000,
        "ebitda": 122503000,
        "ebitdaratio": 0.3230990373,
        "operatingIncome": 101986000,
        "operatingIncomeRatio": 0.2689858895,
        "totalOtherIncomeExpensesNet": -499000,
        "incomeBeforeTax": 101487000,
        "incomeBeforeTaxRatio": 0.2676697877,
        "incomeTaxExpense": 26788000,
        "netIncome": 75402000,
        "netIncomeRatio": 0.1988711592,
        "eps": 1.41,
        "epsdiluted": 1.4,
        "weightedAverageShsOut": 53387000,
        "weightedAverageShsOutDil": 53834000,
        "link": "https://www.sec.gov/Archives/edgar/data/1111928/000111192821000169/0001111928-21-000169-index.htm",
        "finalLink": "https://www.sec.gov/Archives/edgar/data/1111928/000111192821000169/ipgp-20210930.htm"
    },
    {
        "date": "2021-06-30",
        "symbol": "IPGP",
        "reportedCurrency": "USD",
        "cik": "0001111928",
        "fillingDate": "2021-08-04",
        "acceptedDate": "2021-08-04 16:18:02",
        "calendarYear": "2021",
        "period": "Q2",
        "revenue": 371658000,
        "costOfRevenue": 191130000,
        "grossProfit": 180528000,
        "grossProfitRatio": 0.4857368871,
        "researchAndDevelopmentExpenses": 35191000,
        "generalAndAdministrativeExpenses": 31066000,
        "sellingAndMarketingExpenses": 19193000,
        "sellingGeneralAndAdministrativeExpenses": 50259000,
        "otherExpenses": 28000,
        "operatingExpenses": 85450000,
        "costAndExpenses": 276580000,
        "interestIncome": 0,
        "interestExpense": 407000,
        "depreciationAndAmortization": 24157000,
        "ebitda": 119235000,
        "ebitdaratio": 0.3208191402,
        "operatingIncome": 92252000,
        "operatingIncomeRatio": 0.2482174472,
        "totalOtherIncomeExpensesNet": -379000,
        "incomeBeforeTax": 91873000,
        "incomeBeforeTaxRatio": 0.2471976925,
        "incomeTaxExpense": 22196000,
        "netIncome": 69800000,
        "netIncomeRatio": 0.1878070699,
        "eps": 1.31,
        "epsdiluted": 1.29,
        "weightedAverageShsOut": 53472000,
        "weightedAverageShsOutDil": 53999000,
        "link": "https://www.sec.gov/Archives/edgar/data/1111928/000111192821000145/0001111928-21-000145-index.htm",
        "finalLink": "https://www.sec.gov/Archives/edgar/data/1111928/000111192821000145/ipgp-20210630.htm"
    },
    {
        "date": "2021-03-31",
        "symbol": "IPGP",
        "reportedCurrency": "USD",
        "cik": "0001111928",
        "fillingDate": "2021-05-05",
        "acceptedDate": "2021-05-05 16:49:10",
        "calendarYear": "2021",
        "period": "Q1",
        "revenue": 345585000,
        "costOfRevenue": 181594000,
        "grossProfit": 163991000,
        "grossProfitRatio": 0.4745315914,
        "researchAndDevelopmentExpenses": 33339000,
        "generalAndAdministrativeExpenses": 30092000,
        "sellingAndMarketingExpenses": 18883000,
        "sellingGeneralAndAdministrativeExpenses": 48975000,
        "otherExpenses": 253000,
        "operatingExpenses": 82314000,
        "costAndExpenses": 263908000,
        "interestIncome": 0,
        "interestExpense": 495000,
        "depreciationAndAmortization": 23819000,
        "ebitda": 112914000,
        "ebitdaratio": 0.3267329311,
        "operatingIncome": 88842000,
        "operatingIncomeRatio": 0.2570771301,
        "totalOtherIncomeExpensesNet": -242000,
        "incomeBeforeTax": 88600000,
        "incomeBeforeTaxRatio": 0.2563768682,
        "incomeTaxExpense": 20378000,
        "netIncome": 68127000,
        "netIncomeRatio": 0.1971352923,
        "eps": 1.27,
        "epsdiluted": 1.26,
        "weightedAverageShsOut": 53541000,
        "weightedAverageShsOutDil": 54201000,
        "link": "https://www.sec.gov/Archives/edgar/data/1111928/000111192821000101/0001111928-21-000101-index.htm",
        "finalLink": "https://www.sec.gov/Archives/edgar/data/1111928/000111192821000101/ipgp-20210331.htm"
    },
    {
        "date": "2020-12-31",
        "symbol": "IPGP",
        "reportedCurrency": "USD",
        "cik": "0001111928",
        "fillingDate": "2021-02-22",
        "acceptedDate": "2021-02-22 16:11:45",
        "calendarYear": "2020",
        "period": "Q4",
        "revenue": 336630000,
        "costOfRevenue": 189751000,
        "grossProfit": 146879000,
        "grossProfitRatio": 0.4363217776,
        "researchAndDevelopmentExpenses": 31766000,
        "generalAndAdministrativeExpenses": 27444000,
        "sellingAndMarketingExpenses": 17242000,
        "sellingGeneralAndAdministrativeExpenses": 44686000,
        "otherExpenses": 182000,
        "operatingExpenses": 76452000,
        "costAndExpenses": 266203000,
        "interestIncome": 173000,
        "interestExpense": 0,
        "depreciationAndAmortization": 23366000,
        "ebitda": 93793000,
        "ebitdaratio": 0.2786234144,
        "operatingIncome": 65241000,
        "operatingIncomeRatio": 0.1938062561,
        "totalOtherIncomeExpensesNet": 355000,
        "incomeBeforeTax": 65596000,
        "incomeBeforeTaxRatio": 0.1948608264,
        "incomeTaxExpense": 15920000,
        "netIncome": 49339000,
        "netIncomeRatio": 0.1465674479,
        "eps": 0.92,
        "epsdiluted": 0.92,
        "weightedAverageShsOut": 53187000,
        "weightedAverageShsOutDil": 53865000,
        "link": "https://www.sec.gov/Archives/edgar/data/1111928/000111192821000026/0001111928-21-000026-index.htm",
        "finalLink": "https://www.sec.gov/Archives/edgar/data/1111928/000111192821000026/ipgp-20201231.htm"
    },
    {
        "date": "2020-09-30",
        "symbol": "IPGP",
        "reportedCurrency": "USD",
        "cik": "0001111928",
        "fillingDate": "2020-11-03",
        "acceptedDate": "2020-11-03 16:03:46",
        "calendarYear": "2020",
        "period": "Q3",
        "revenue": 318441000,
        "costOfRevenue": 165649000,
        "grossProfit": 152792000,
        "grossProfitRatio": 0.4798125869,
        "researchAndDevelopmentExpenses": 31710000,
        "generalAndAdministrativeExpenses": 29038000,
        "sellingAndMarketingExpenses": 17332000,
        "sellingGeneralAndAdministrativeExpenses": 46370000,
        "otherExpenses": -59000,
        "operatingExpenses": 78080000,
        "costAndExpenses": 243729000,
        "interestIncome": 1168000,
        "interestExpense": 0,
        "depreciationAndAmortization": 23838000,
        "ebitda": 98550000,
        "ebitdaratio": 0.3094764807,
        "operatingIncome": 41413000,
        "operatingIncomeRatio": 0.1300492085,
        "totalOtherIncomeExpensesNet": 1109000,
        "incomeBeforeTax": 42522000,
        "incomeBeforeTaxRatio": 0.1335318002,
        "incomeTaxExpense": 6992000,
        "netIncome": 35604000,
        "netIncomeRatio": 0.1118072108,
        "eps": 0.67,
        "epsdiluted": 0.66,
        "weightedAverageShsOut": 53098000,
        "weightedAverageShsOutDil": 53664000,
        "link": "https://www.sec.gov/Archives/edgar/data/1111928/000111192820000180/0001111928-20-000180-index.htm",
        "finalLink": "https://www.sec.gov/Archives/edgar/data/1111928/000111192820000180/ipgp-20200930.htm"
    },
    {
        "date": "2020-06-30",
        "symbol": "IPGP",
        "reportedCurrency": "USD",
        "cik": "0001111928",
        "fillingDate": "2020-08-04",
        "acceptedDate": "2020-08-04 16:05:09",
        "calendarYear": "2020",
        "period": "Q2",
        "revenue": 296411000,
        "costOfRevenue": 159962000,
        "grossProfit": 136449000,
        "grossProfitRatio": 0.460337167,
        "researchAndDevelopmentExpenses": 31584000,
        "generalAndAdministrativeExpenses": 26399000,
        "sellingAndMarketingExpenses": 17326000,
        "sellingGeneralAndAdministrativeExpenses": 43725000,
        "otherExpenses": 449000,
        "operatingExpenses": 75309000,
        "costAndExpenses": 235271000,
        "interestIncome": 1856000,
        "interestExpense": 0,
        "depreciationAndAmortization": 23251000,
        "ebitda": 84391000,
        "ebitdaratio": 0.2847094069,
        "operatingIncome": 47209000,
        "operatingIncomeRatio": 0.1592687181,
        "totalOtherIncomeExpensesNet": 2305000,
        "incomeBeforeTax": 49514000,
        "incomeBeforeTaxRatio": 0.1670450827,
        "incomeTaxExpense": 11148000,
        "netIncome": 38226000,
        "netIncomeRatio": 0.1289628253,
        "eps": 0.72,
        "epsdiluted": 0.71,
        "weightedAverageShsOut": 53040000,
        "weightedAverageShsOutDil": 53530000,
        "link": "https://www.sec.gov/Archives/edgar/data/1111928/000111192820000143/0001111928-20-000143-index.htm",
        "finalLink": "https://www.sec.gov/Archives/edgar/data/1111928/000111192820000143/ipgp-20200630.htm"
    },
    {
        "date": "2020-03-31",
        "symbol": "IPGP",
        "reportedCurrency": "USD",
        "cik": "0001111928",
        "fillingDate": "2020-05-05",
        "acceptedDate": "2020-05-05 16:07:33",
        "calendarYear": "2020",
        "period": "Q1",
        "revenue": 249242000,
        "costOfRevenue": 146366000,
        "grossProfit": 102876000,
        "grossProfitRatio": 0.4127554746,
        "researchAndDevelopmentExpenses": 31838000,
        "generalAndAdministrativeExpenses": 27124000,
        "sellingAndMarketingExpenses": 18683000,
        "sellingGeneralAndAdministrativeExpenses": 45807000,
        "otherExpenses": 191000,
        "operatingExpenses": 77645000,
        "costAndExpenses": 224011000,
        "interestIncome": 3073000,
        "interestExpense": 0,
        "depreciationAndAmortization": 24099000,
        "ebitda": 49330000,
        "ebitdaratio": 0.1979200937,
        "operatingIncome": 44796000,
        "operatingIncomeRatio": 0.1797289381,
        "totalOtherIncomeExpensesNet": 3264000,
        "incomeBeforeTax": 48060000,
        "incomeBeforeTaxRatio": 0.1928246443,
        "incomeTaxExpense": 11294000,
        "netIncome": 36403000,
        "netIncomeRatio": 0.1460548383,
        "eps": 0.69,
        "epsdiluted": 0.68,
        "weightedAverageShsOut": 53075000,
        "weightedAverageShsOutDil": 53676000,
        "link": "https://www.sec.gov/Archives/edgar/data/1111928/000111192820000074/0001111928-20-000074-index.htm",
        "finalLink": "https://www.sec.gov/Archives/edgar/data/1111928/000111192820000074/ipgp-20200331.htm"
    },
    {
        "date": "2019-12-31",
        "symbol": "IPGP",
        "reportedCurrency": "USD",
        "cik": "0001111928",
        "fillingDate": "2020-02-24",
        "acceptedDate": "2020-02-24 16:11:54",
        "calendarYear": "2019",
        "period": "Q4",
        "revenue": 306627000,
        "costOfRevenue": 182424000,
        "grossProfit": 124203000,
        "grossProfitRatio": 0.4050621765,
        "researchAndDevelopmentExpenses": 30469000,
        "generalAndAdministrativeExpenses": 25071000,
        "sellingAndMarketingExpenses": 18838000,
        "sellingGeneralAndAdministrativeExpenses": 43909000,
        "otherExpenses": 216000,
        "operatingExpenses": 74378000,
        "costAndExpenses": 256802000,
        "interestIncome": 0,
        "interestExpense": 14238000,
        "depreciationAndAmortization": 23737000,
        "ebitda": 73562000,
        "ebitdaratio": 0.2399071184,
        "operatingIncome": 243000,
        "operatingIncomeRatio": 0.0007924938,
        "totalOtherIncomeExpensesNet": 2717000,
        "incomeBeforeTax": 2960000,
        "incomeBeforeTaxRatio": 0.0096534226,
        "incomeTaxExpense": 7263000,
        "netIncome": -4450000,
        "netIncomeRatio": -0.0145127468,
        "eps": -0.0841,
        "epsdiluted": -0.0841,
        "weightedAverageShsOut": 52916000,
        "weightedAverageShsOutDil": 52916000,
        "link": "https://www.sec.gov/Archives/edgar/data/1111928/000111192820000030/0001111928-20-000030-index.htm",
        "finalLink": "https://www.sec.gov/Archives/edgar/data/1111928/000111192820000030/ipgp-20191231.htm"
    },
    {
        "date": "2019-09-30",
        "symbol": "IPGP",
        "reportedCurrency": "USD",
        "cik": "0001111928",
        "fillingDate": "2019-11-05",
        "acceptedDate": "2019-11-05 16:17:21",
        "calendarYear": "2019",
        "period": "Q3",
        "revenue": 329138000,
        "costOfRevenue": 176280000,
        "grossProfit": 152858000,
        "grossProfitRatio": 0.4644191798,
        "researchAndDevelopmentExpenses": 32160000,
        "generalAndAdministrativeExpenses": 26776000,
        "sellingAndMarketingExpenses": 18969000,
        "sellingGeneralAndAdministrativeExpenses": 45745000,
        "otherExpenses": -520000,
        "operatingExpenses": 77905000,
        "costAndExpenses": 254185000,
        "interestIncome": 3734000,
        "interestExpense": 0,
        "depreciationAndAmortization": 25045000,
        "ebitda": 99998000,
        "ebitdaratio": 0.3038178515,
        "operatingIncome": 74145000,
        "operatingIncomeRatio": 0.2252702514,
        "totalOtherIncomeExpensesNet": 3214000,
        "incomeBeforeTax": 77359000,
        "incomeBeforeTaxRatio": 0.2350351524,
        "incomeTaxExpense": 20232000,
        "netIncome": 57253000,
        "netIncomeRatio": 0.1739483135,
        "eps": 1.08,
        "epsdiluted": 1.07,
        "weightedAverageShsOut": 52928000,
        "weightedAverageShsOutDil": 53622000,
        "link": "https://www.sec.gov/Archives/edgar/data/1111928/000111192819000139/0001111928-19-000139-index.htm",
        "finalLink": "https://www.sec.gov/Archives/edgar/data/1111928/000111192819000139/ipgp-20190930.htm"
    },
    {
        "date": "2019-06-30",
        "symbol": "IPGP",
        "reportedCurrency": "USD",
        "cik": "0001111928",
        "fillingDate": "2019-08-06",
        "acceptedDate": "2019-08-06 16:10:34",
        "calendarYear": "2019",
        "period": "Q2",
        "revenue": 363769000,
        "costOfRevenue": 183532000,
        "grossProfit": 180237000,
        "grossProfitRatio": 0.4954710269,
        "researchAndDevelopmentExpenses": 34872000,
        "generalAndAdministrativeExpenses": 28538000,
        "sellingAndMarketingExpenses": 20663000,
        "sellingGeneralAndAdministrativeExpenses": 49201000,
        "otherExpenses": 658000,
        "operatingExpenses": 84073000,
        "costAndExpenses": 267605000,
        "interestIncome": 4051000,
        "interestExpense": 0,
        "depreciationAndAmortization": 24684000,
        "ebitda": 120848000,
        "ebitdaratio": 0.3322108261,
        "operatingIncome": 91090000,
        "operatingIncomeRatio": 0.2504061644,
        "totalOtherIncomeExpensesNet": 4709000,
        "incomeBeforeTax": 95799000,
        "incomeBeforeTaxRatio": 0.2633511927,
        "incomeTaxExpense": 23278000,
        "netIncome": 72272000,
        "netIncomeRatio": 0.1986755331,
        "eps": 1.36,
        "epsdiluted": 1.34,
        "weightedAverageShsOut": 53042000,
        "weightedAverageShsOutDil": 53848000,
        "link": "https://www.sec.gov/Archives/edgar/data/1111928/000111192819000123/0001111928-19-000123-index.htm",
        "finalLink": "https://www.sec.gov/Archives/edgar/data/1111928/000111192819000123/ipgp-20190630.htm"
    },
    {
        "date": "2019-03-31",
        "symbol": "IPGP",
        "reportedCurrency": "USD",
        "cik": "0001111928",
        "fillingDate": "2019-05-08",
        "acceptedDate": "2019-05-08 16:08:40",
        "calendarYear": "2019",
        "period": "Q1",
        "revenue": 315047000,
        "costOfRevenue": 166136000,
        "grossProfit": 148911000,
        "grossProfitRatio": 0.472662809,
        "researchAndDevelopmentExpenses": 32496000,
        "generalAndAdministrativeExpenses": 27212000,
        "sellingAndMarketingExpenses": 19275000,
        "sellingGeneralAndAdministrativeExpenses": 46487000,
        "otherExpenses": -9000,
        "operatingExpenses": 78983000,
        "costAndExpenses": 245119000,
        "interestIncome": 3952000,
        "interestExpense": 0,
        "depreciationAndAmortization": 22802000,
        "ebitda": 92730000,
        "ebitdaratio": 0.2943370354,
        "operatingIncome": 68315000,
        "operatingIncomeRatio": 0.2168406619,
        "totalOtherIncomeExpensesNet": 3943000,
        "incomeBeforeTax": 72258000,
        "incomeBeforeTaxRatio": 0.2293562548,
        "incomeTaxExpense": 17342000,
        "netIncome": 55159000,
        "netIncomeRatio": 0.1750818132,
        "eps": 1.04,
        "epsdiluted": 1.02,
        "weightedAverageShsOut": 53001000,
        "weightedAverageShsOutDil": 53874000,
        "link": "https://www.sec.gov/Archives/edgar/data/1111928/000111192819000079/0001111928-19-000079-index.htm",
        "finalLink": "https://www.sec.gov/Archives/edgar/data/1111928/000111192819000079/ipgp-20190331.htm"
    },
    {
        "date": "2018-12-31",
        "symbol": "IPGP",
        "reportedCurrency": "USD",
        "cik": "0001111928",
        "fillingDate": "2019-02-27",
        "acceptedDate": "2019-02-27 16:33:14",
        "calendarYear": "2018",
        "period": "Q4",
        "revenue": 330051000,
        "costOfRevenue": 163303000,
        "grossProfit": 166748000,
        "grossProfitRatio": 0.5052188904,
        "researchAndDevelopmentExpenses": 31501000,
        "generalAndAdministrativeExpenses": 27572000,
        "sellingAndMarketingExpenses": 16284000,
        "sellingGeneralAndAdministrativeExpenses": 43856000,
        "otherExpenses": 681000,
        "operatingExpenses": 75357000,
        "costAndExpenses": 238660000,
        "interestIncome": 0,
        "interestExpense": 9057000,
        "depreciationAndAmortization": 21377000,
        "ebitda": 112768000,
        "ebitdaratio": 0.3416684088,
        "operatingIncome": 96052000,
        "operatingIncomeRatio": 0.2910216906,
        "totalOtherIncomeExpensesNet": 9474000,
        "incomeBeforeTax": 100865000,
        "incomeBeforeTaxRatio": 0.3056042854,
        "incomeTaxExpense": 25399000,
        "netIncome": 75559000,
        "netIncomeRatio": 0.2289312864,
        "eps": 1.42,
        "epsdiluted": 1.4,
        "weightedAverageShsOut": 53243000,
        "weightedAverageShsOutDil": 54107000,
        "link": "https://www.sec.gov/Archives/edgar/data/1111928/000111192819000035/0001111928-19-000035-index.htm",
        "finalLink": "https://www.sec.gov/Archives/edgar/data/1111928/000111192819000035/ipgp-20181231.htm"
    },
    {
        "date": "2018-09-30",
        "symbol": "IPGP",
        "reportedCurrency": "USD",
        "cik": "0001111928",
        "fillingDate": "2018-11-05",
        "acceptedDate": "2018-11-05 16:31:54",
        "calendarYear": "2018",
        "period": "Q3",
        "revenue": 356346000,
        "costOfRevenue": 161162000,
        "grossProfit": 195184000,
        "grossProfitRatio": 0.5477373115,
        "researchAndDevelopmentExpenses": 30909000,
        "generalAndAdministrativeExpenses": 25245000,
        "sellingAndMarketingExpenses": 13479000,
        "sellingGeneralAndAdministrativeExpenses": 38724000,
        "otherExpenses": 423000,
        "operatingExpenses": 69633000,
        "costAndExpenses": 230795000,
        "interestIncome": 0,
        "interestExpense": 0,
        "depreciationAndAmortization": 20167000,
        "ebitda": 145718000,
        "ebitdaratio": 0.4089227885,
        "operatingIncome": 123863000,
        "operatingIncomeRatio": 0.3475919472,
        "totalOtherIncomeExpensesNet": 4307000,
        "incomeBeforeTax": 128170000,
        "incomeBeforeTaxRatio": 0.3596785147,
        "incomeTaxExpense": 27418000,
        "netIncome": 100517000,
        "netIncomeRatio": 0.2820769701,
        "eps": 1.88,
        "epsdiluted": 1.84,
        "weightedAverageShsOut": 53571000,
        "weightedAverageShsOutDil": 54696000,
        "link": "https://www.sec.gov/Archives/edgar/data/1111928/000111192818000137/0001111928-18-000137-index.htm",
        "finalLink": "https://www.sec.gov/Archives/edgar/data/1111928/000111192818000137/ipgp-20180930.htm"
    },
    {
        "date": "2018-06-30",
        "symbol": "IPGP",
        "reportedCurrency": "USD",
        "cik": "0001111928",
        "fillingDate": "2018-08-09",
        "acceptedDate": "2018-08-09 16:14:58",
        "calendarYear": "2018",
        "period": "Q2",
        "revenue": 413613000,
        "costOfRevenue": 178638000,
        "grossProfit": 234975000,
        "grossProfitRatio": 0.5681035171,
        "researchAndDevelopmentExpenses": 31813000,
        "generalAndAdministrativeExpenses": 24117000,
        "sellingAndMarketingExpenses": 14536000,
        "sellingGeneralAndAdministrativeExpenses": 38653000,
        "otherExpenses": 386000,
        "operatingExpenses": 70466000,
        "costAndExpenses": 249104000,
        "interestIncome": 0,
        "interestExpense": 0,
        "depreciationAndAmortization": 19504000,
        "ebitda": 184013000,
        "ebitdaratio": 0.4448917225,
        "operatingIncome": 162391000,
        "operatingIncomeRatio": 0.3926158027,
        "totalOtherIncomeExpensesNet": 1115000,
        "incomeBeforeTax": 163506000,
        "incomeBeforeTaxRatio": 0.3953115594,
        "incomeTaxExpense": 41889000,
        "netIncome": 121617000,
        "netIncomeRatio": 0.2940357291,
        "eps": 2.27,
        "epsdiluted": 2.21,
        "weightedAverageShsOut": 53662000,
        "weightedAverageShsOutDil": 54992000,
        "link": "https://www.sec.gov/Archives/edgar/data/1111928/000111192818000111/0001111928-18-000111-index.htm",
        "finalLink": "https://www.sec.gov/Archives/edgar/data/1111928/000111192818000111/ipgp-20180630x10q.htm"
    },
    {
        "date": "2018-03-31",
        "symbol": "IPGP",
        "reportedCurrency": "USD",
        "cik": "0001111928",
        "fillingDate": "2018-05-04",
        "acceptedDate": "2018-05-04 16:05:38",
        "calendarYear": "2018",
        "period": "Q1",
        "revenue": 359864000,
        "costOfRevenue": 156502000,
        "grossProfit": 203362000,
        "grossProfitRatio": 0.5651079297,
        "researchAndDevelopmentExpenses": 28546000,
        "generalAndAdministrativeExpenses": 25495000,
        "sellingAndMarketingExpenses": 13516000,
        "sellingGeneralAndAdministrativeExpenses": 39011000,
        "otherExpenses": 443000,
        "operatingExpenses": 67557000,
        "costAndExpenses": 224059000,
        "interestIncome": 0,
        "interestExpense": 0,
        "depreciationAndAmortization": 19223000,
        "ebitda": 155028000,
        "ebitdaratio": 0.4307960785,
        "operatingIncome": 141100000,
        "operatingIncomeRatio": 0.3920925683,
        "totalOtherIncomeExpensesNet": 754000,
        "incomeBeforeTax": 141854000,
        "incomeBeforeTaxRatio": 0.3941878043,
        "incomeTaxExpense": 35520000,
        "netIncome": 106334000,
        "netIncomeRatio": 0.2954838495,
        "eps": 1.98,
        "epsdiluted": 1.93,
        "weightedAverageShsOut": 53694000,
        "weightedAverageShsOutDil": 55182000,
        "link": "https://www.sec.gov/Archives/edgar/data/1111928/000111192818000062/0001111928-18-000062-index.htm",
        "finalLink": "https://www.sec.gov/Archives/edgar/data/1111928/000111192818000062/ipgp-20180331x10q.htm"
    },
    {
        "date": "2017-12-31",
        "symbol": "IPGP",
        "reportedCurrency": "USD",
        "cik": "0001111928",
        "fillingDate": "2018-02-28",
        "acceptedDate": "2018-02-27 17:43:31",
        "calendarYear": "2017",
        "period": "Q4",
        "revenue": 361055000,
        "costOfRevenue": 152262000,
        "grossProfit": 208793000,
        "grossProfitRatio": 0.5782858567,
        "researchAndDevelopmentExpenses": 26589000,
        "generalAndAdministrativeExpenses": 21576000,
        "sellingAndMarketingExpenses": 13454000,
        "sellingGeneralAndAdministrativeExpenses": 35030000,
        "otherExpenses": 69000,
        "operatingExpenses": 61619000,
        "costAndExpenses": 213881000,
        "interestIncome": 0,
        "interestExpense": 737000,
        "depreciationAndAmortization": 18152000,
        "ebitda": 166574000,
        "ebitdaratio": 0.4613535334,
        "operatingIncome": 148267000,
        "operatingIncomeRatio": 0.4106493471,
        "totalOtherIncomeExpensesNet": 155000,
        "incomeBeforeTax": 148422000,
        "incomeBeforeTaxRatio": 0.4110786445,
        "incomeTaxExpense": 95466000,
        "netIncome": 52956000,
        "netIncomeRatio": 0.1466701749,
        "eps": 0.99,
        "epsdiluted": 0.96,
        "weightedAverageShsOut": 53460000,
        "weightedAverageShsOutDil": 54923000,
        "link": "https://www.sec.gov/Archives/edgar/data/1111928/000111192818000034/0001111928-18-000034-index.htm",
        "finalLink": "https://www.sec.gov/Archives/edgar/data/1111928/000111192818000034/ipgp-20171231x10k.htm"
    },
    {
        "date": "2017-09-30",
        "symbol": "IPGP",
        "reportedCurrency": "USD",
        "cik": "0001111928",
        "fillingDate": "2017-11-07",
        "acceptedDate": "2017-11-07 16:37:11",
        "calendarYear": "2017",
        "period": "Q3",
        "revenue": 392615000,
        "costOfRevenue": 168060000,
        "grossProfit": 224555000,
        "grossProfitRatio": 0.5719470728,
        "researchAndDevelopmentExpenses": 25541000,
        "generalAndAdministrativeExpenses": 21491000,
        "sellingAndMarketingExpenses": 13384000,
        "sellingGeneralAndAdministrativeExpenses": 34875000,
        "otherExpenses": 459000,
        "operatingExpenses": 60416000,
        "costAndExpenses": 228476000,
        "interestIncome": 0,
        "interestExpense": 125000,
        "depreciationAndAmortization": 16702000,
        "ebitda": 180841000,
        "ebitdaratio": 0.4606064465,
        "operatingIncome": 160222000,
        "operatingIncomeRatio": 0.4080893496,
        "totalOtherIncomeExpensesNet": 334000,
        "incomeBeforeTax": 160556000,
        "incomeBeforeTaxRatio": 0.4089400558,
        "incomeTaxExpense": 44959000,
        "netIncome": 115597000,
        "netIncomeRatio": 0.294428384,
        "eps": 2.16,
        "epsdiluted": 2.11,
        "weightedAverageShsOut": 53440000,
        "weightedAverageShsOutDil": 54698000,
        "link": "https://www.sec.gov/Archives/edgar/data/1111928/000111192817000158/0001111928-17-000158-index.htm",
        "finalLink": "https://www.sec.gov/Archives/edgar/data/1111928/000111192817000158/ipgp-20170930x10q.htm"
    },
    {
        "date": "2017-06-30",
        "symbol": "IPGP",
        "reportedCurrency": "USD",
        "cik": "0001111928",
        "fillingDate": "2017-08-08",
        "acceptedDate": "2017-08-08 16:43:31",
        "calendarYear": "2017",
        "period": "Q2",
        "revenue": 369373000,
        "costOfRevenue": 163077000,
        "grossProfit": 206296000,
        "grossProfitRatio": 0.5585031932,
        "researchAndDevelopmentExpenses": 25960000,
        "generalAndAdministrativeExpenses": 19875000,
        "sellingAndMarketingExpenses": 12136000,
        "sellingGeneralAndAdministrativeExpenses": 32011000,
        "otherExpenses": 23000,
        "operatingExpenses": 57971000,
        "costAndExpenses": 221048000,
        "interestIncome": 0,
        "interestExpense": 0,
        "depreciationAndAmortization": 15210000,
        "ebitda": 163535000,
        "ebitdaratio": 0.4427367458,
        "operatingIncome": 141142000,
        "operatingIncomeRatio": 0.3821123905,
        "totalOtherIncomeExpensesNet": 491000,
        "incomeBeforeTax": 141633000,
        "incomeBeforeTaxRatio": 0.3834416701,
        "incomeTaxExpense": 37530000,
        "netIncome": 104116000,
        "netIncomeRatio": 0.2818722538,
        "eps": 1.95,
        "epsdiluted": 1.91,
        "weightedAverageShsOut": 53380000,
        "weightedAverageShsOutDil": 54471000,
        "link": "https://www.sec.gov/Archives/edgar/data/1111928/000111192817000144/0001111928-17-000144-index.htm",
        "finalLink": "https://www.sec.gov/Archives/edgar/data/1111928/000111192817000144/ipgp-20170630x10q.htm"
    },
    {
        "date": "2017-03-31",
        "symbol": "IPGP",
        "reportedCurrency": "USD",
        "cik": "0001111928",
        "fillingDate": "2017-05-08",
        "acceptedDate": "2017-05-08 16:26:55",
        "calendarYear": "2017",
        "period": "Q1",
        "revenue": 285846000,
        "costOfRevenue": 128579000,
        "grossProfit": 157267000,
        "grossProfitRatio": 0.5501808666,
        "researchAndDevelopmentExpenses": 22780000,
        "generalAndAdministrativeExpenses": 17726000,
        "sellingAndMarketingExpenses": 10827000,
        "sellingGeneralAndAdministrativeExpenses": 28553000,
        "otherExpenses": 0,
        "operatingExpenses": 51333000,
        "costAndExpenses": 179912000,
        "interestIncome": 0,
        "interestExpense": 0,
        "depreciationAndAmortization": 14504000,
        "ebitda": 120438000,
        "ebitdaratio": 0.4213387628,
        "operatingIncome": 101481000,
        "operatingIncomeRatio": 0.3550198359,
        "totalOtherIncomeExpensesNet": -221000,
        "incomeBeforeTax": 101260000,
        "incomeBeforeTaxRatio": 0.3542466923,
        "incomeTaxExpense": 26328000,
        "netIncome": 74945000,
        "netIncomeRatio": 0.262186632,
        "eps": 1.4,
        "epsdiluted": 1.38,
        "weightedAverageShsOut": 53368000,
        "weightedAverageShsOutDil": 54370000,
        "link": "https://www.sec.gov/Archives/edgar/data/1111928/000111192817000098/0001111928-17-000098-index.htm",
        "finalLink": "https://www.sec.gov/Archives/edgar/data/1111928/000111192817000098/ipgp-20170331x10q.htm"
    },
    {
        "date": "2016-12-31",
        "symbol": "IPGP",
        "reportedCurrency": "USD",
        "cik": "0001111928",
        "fillingDate": "2017-02-27",
        "acceptedDate": "2017-02-27 16:51:36",
        "calendarYear": "2016",
        "period": "Q4",
        "revenue": 280121000,
        "costOfRevenue": 124785000,
        "grossProfit": 155336000,
        "grossProfitRatio": 0.5545317916,
        "researchAndDevelopmentExpenses": 22108000,
        "generalAndAdministrativeExpenses": 19637000,
        "sellingAndMarketingExpenses": 10210000,
        "sellingGeneralAndAdministrativeExpenses": 29847000,
        "otherExpenses": 0,
        "operatingExpenses": 51955000,
        "costAndExpenses": 176740000,
        "interestIncome": 0,
        "interestExpense": 1304000,
        "depreciationAndAmortization": 13829000,
        "ebitda": 120105000,
        "ebitdaratio": 0.4287611425,
        "operatingIncome": 105201000,
        "operatingIncomeRatio": 0.3755555635,
        "totalOtherIncomeExpensesNet": 1076000,
        "incomeBeforeTax": 106276000,
        "incomeBeforeTaxRatio": 0.3793931908,
        "incomeTaxExpense": 31146000,
        "netIncome": 75132000,
        "netIncomeRatio": 0.2682126652,
        "eps": 1.42,
        "epsdiluted": 1.39,
        "weightedAverageShsOut": 53097000,
        "weightedAverageShsOutDil": 53873000,
        "link": "https://www.sec.gov/Archives/edgar/data/1111928/000111192817000055/0001111928-17-000055-index.htm",
        "finalLink": "https://www.sec.gov/Archives/edgar/data/1111928/000111192817000055/ipgp-20161231x10k.htm"
    },
    {
        "date": "2016-09-30",
        "symbol": "IPGP",
        "reportedCurrency": "USD",
        "cik": "0001111928",
        "fillingDate": "2016-11-02",
        "acceptedDate": "2016-11-02 16:06:04",
        "calendarYear": "2016",
        "period": "Q3",
        "revenue": 266017000,
        "costOfRevenue": 121226000,
        "grossProfit": 144791000,
        "grossProfitRatio": 0.5442922821,
        "researchAndDevelopmentExpenses": 20543000,
        "generalAndAdministrativeExpenses": 16797000,
        "sellingAndMarketingExpenses": 10460000,
        "sellingGeneralAndAdministrativeExpenses": 27257000,
        "otherExpenses": 194000,
        "operatingExpenses": 47800000,
        "costAndExpenses": 169026000,
        "interestIncome": 0,
        "interestExpense": 373000,
        "depreciationAndAmortization": 13993000,
        "ebitda": 110984000,
        "ebitdaratio": 0.4172064191,
        "operatingIncome": 94086000,
        "operatingIncomeRatio": 0.353684163,
        "totalOtherIncomeExpensesNet": 567000,
        "incomeBeforeTax": 94653000,
        "incomeBeforeTaxRatio": 0.3558156058,
        "incomeTaxExpense": 25426000,
        "netIncome": 69235000,
        "netIncomeRatio": 0.2602653214,
        "eps": 1.3,
        "epsdiluted": 1.29,
        "weightedAverageShsOut": 53071000,
        "weightedAverageShsOutDil": 53761000,
        "link": "https://www.sec.gov/Archives/edgar/data/1111928/000111192816000274/0001111928-16-000274-index.htm",
        "finalLink": "https://www.sec.gov/Archives/edgar/data/1111928/000111192816000274/ipgp-20160930x10q.htm"
    },
    {
        "date": "2016-06-30",
        "symbol": "IPGP",
        "reportedCurrency": "USD",
        "cik": "0001111928",
        "fillingDate": "2016-08-08",
        "acceptedDate": "2016-08-08 17:15:16",
        "calendarYear": "2016",
        "period": "Q2",
        "revenue": 252787000,
        "costOfRevenue": 115083000,
        "grossProfit": 137704000,
        "grossProfitRatio": 0.5447432028,
        "researchAndDevelopmentExpenses": 18412000,
        "generalAndAdministrativeExpenses": 16151000,
        "sellingAndMarketingExpenses": 9689000,
        "sellingGeneralAndAdministrativeExpenses": 25840000,
        "otherExpenses": 141000,
        "operatingExpenses": 44252000,
        "costAndExpenses": 159335000,
        "interestIncome": 0,
        "interestExpense": 270000,
        "depreciationAndAmortization": 12259000,
        "ebitda": 105710000,
        "ebitdaratio": 0.41817815,
        "operatingIncome": 95008000,
        "operatingIncomeRatio": 0.3758421121,
        "totalOtherIncomeExpensesNet": 1967000,
        "incomeBeforeTax": 95419000,
        "incomeBeforeTaxRatio": 0.3774679869,
        "incomeTaxExpense": 28387000,
        "netIncome": 67058000,
        "netIncomeRatio": 0.2652747174,
        "eps": 1.26,
        "epsdiluted": 1.25,
        "weightedAverageShsOut": 53065000,
        "weightedAverageShsOutDil": 53788000,
        "link": "https://www.sec.gov/Archives/edgar/data/1111928/000111192816000255/0001111928-16-000255-index.htm",
        "finalLink": "https://www.sec.gov/Archives/edgar/data/1111928/000111192816000255/ipgp-20160630x10q.htm"
    },
    {
        "date": "2016-03-31",
        "symbol": "IPGP",
        "reportedCurrency": "USD",
        "cik": "0001111928",
        "fillingDate": "2016-05-09",
        "acceptedDate": "2016-05-09 16:14:23",
        "calendarYear": "2016",
        "period": "Q1",
        "revenue": 207248000,
        "costOfRevenue": 92838000,
        "grossProfit": 114410000,
        "grossProfitRatio": 0.552043928,
        "researchAndDevelopmentExpenses": 17489000,
        "generalAndAdministrativeExpenses": 13901000,
        "sellingAndMarketingExpenses": 8034000,
        "sellingGeneralAndAdministrativeExpenses": 21935000,
        "otherExpenses": 7000,
        "operatingExpenses": 39424000,
        "costAndExpenses": 132262000,
        "interestIncome": 0,
        "interestExpense": 192000,
        "depreciationAndAmortization": 11394000,
        "ebitda": 86380000,
        "ebitdaratio": 0.416795337,
        "operatingIncome": 70019000,
        "operatingIncomeRatio": 0.33785127,
        "totalOtherIncomeExpensesNet": 199000,
        "incomeBeforeTax": 70218000,
        "incomeBeforeTaxRatio": 0.3388114722,
        "incomeTaxExpense": 20890000,
        "netIncome": 49326000,
        "netIncomeRatio": 0.2380047093,
        "eps": 0.93,
        "epsdiluted": 0.92,
        "weightedAverageShsOut": 52898000,
        "weightedAverageShsOutDil": 53621000,
        "link": "https://www.sec.gov/Archives/edgar/data/1111928/000111192816000202/0001111928-16-000202-index.htm",
        "finalLink": "https://www.sec.gov/Archives/edgar/data/1111928/000111192816000202/ipgp-20160331x10q.htm"
    },
    {
        "date": "2015-12-31",
        "symbol": "IPGP",
        "reportedCurrency": "USD",
        "cik": "0001111928",
        "fillingDate": "2016-02-26",
        "acceptedDate": "2016-02-26 16:49:51",
        "calendarYear": "2015",
        "period": "Q4",
        "revenue": 223626000,
        "costOfRevenue": 101583000,
        "grossProfit": 122043000,
        "grossProfitRatio": 0.5457460224,
        "researchAndDevelopmentExpenses": 17769000,
        "generalAndAdministrativeExpenses": 14718000,
        "sellingAndMarketingExpenses": 8640000,
        "sellingGeneralAndAdministrativeExpenses": 23358000,
        "otherExpenses": 0,
        "operatingExpenses": 41127000,
        "costAndExpenses": 142710000,
        "interestIncome": 0,
        "interestExpense": 0,
        "depreciationAndAmortization": 11336000,
        "ebitda": 92252000,
        "ebitdaratio": 0.4125280602,
        "operatingIncome": 83016000,
        "operatingIncomeRatio": 0.3712269593,
        "totalOtherIncomeExpensesNet": -469000,
        "incomeBeforeTax": 82547000,
        "incomeBeforeTaxRatio": 0.3691297076,
        "incomeTaxExpense": 21869000,
        "netIncome": 60704000,
        "netIncomeRatio": 0.2714532299,
        "eps": 1.15,
        "epsdiluted": 1.14,
        "weightedAverageShsOut": 52714000,
        "weightedAverageShsOutDil": 53434000,
        "link": "https://www.sec.gov/Archives/edgar/data/1111928/000111192816000159/0001111928-16-000159-index.htm",
        "finalLink": "https://www.sec.gov/Archives/edgar/data/1111928/000111192816000159/ipgp-20151231x10k.htm"
    },
    {
        "date": "2015-09-30",
        "symbol": "IPGP",
        "reportedCurrency": "USD",
        "cik": "0001111928",
        "fillingDate": "2015-11-03",
        "acceptedDate": "2015-11-03 16:10:27",
        "calendarYear": "2015",
        "period": "Q3",
        "revenue": 243541000,
        "costOfRevenue": 110237000,
        "grossProfit": 133304000,
        "grossProfitRatio": 0.5473575291,
        "researchAndDevelopmentExpenses": 16221000,
        "generalAndAdministrativeExpenses": 14679000,
        "sellingAndMarketingExpenses": 7717000,
        "sellingGeneralAndAdministrativeExpenses": 22396000,
        "otherExpenses": 132000,
        "operatingExpenses": 38617000,
        "costAndExpenses": 148854000,
        "interestIncome": 0,
        "interestExpense": 0,
        "depreciationAndAmortization": 10903000,
        "ebitda": 105590000,
        "ebitdaratio": 0.4335614948,
        "operatingIncome": 89562000,
        "operatingIncomeRatio": 0.3677491675,
        "totalOtherIncomeExpensesNet": 92000,
        "incomeBeforeTax": 89654000,
        "incomeBeforeTaxRatio": 0.3681269273,
        "incomeTaxExpense": 26897000,
        "netIncome": 62791000,
        "netIncomeRatio": 0.2578251711,
        "eps": 1.19,
        "epsdiluted": 1.18,
        "weightedAverageShsOut": 52675000,
        "weightedAverageShsOutDil": 53392000,
        "link": "https://www.sec.gov/Archives/edgar/data/1111928/000111192815000133/0001111928-15-000133-index.htm",
        "finalLink": "https://www.sec.gov/Archives/edgar/data/1111928/000111192815000133/ipgp-20150930x10q.htm"
    },
    {
        "date": "2015-06-30",
        "symbol": "IPGP",
        "reportedCurrency": "USD",
        "cik": "0001111928",
        "fillingDate": "2015-08-03",
        "acceptedDate": "2015-08-03 16:52:09",
        "calendarYear": "2015",
        "period": "Q2",
        "revenue": 235138000,
        "costOfRevenue": 106435000,
        "grossProfit": 128703000,
        "grossProfitRatio": 0.5473509173,
        "researchAndDevelopmentExpenses": 15114000,
        "generalAndAdministrativeExpenses": 15017000,
        "sellingAndMarketingExpenses": 7962000,
        "sellingGeneralAndAdministrativeExpenses": 22979000,
        "otherExpenses": 161000,
        "operatingExpenses": 38093000,
        "costAndExpenses": 144528000,
        "interestIncome": 0,
        "interestExpense": 0,
        "depreciationAndAmortization": 10433000,
        "ebitda": 101043000,
        "ebitdaratio": 0.4297178678,
        "operatingIncome": 87443000,
        "operatingIncomeRatio": 0.371879492,
        "totalOtherIncomeExpensesNet": 49000,
        "incomeBeforeTax": 87492000,
        "incomeBeforeTaxRatio": 0.3720878803,
        "incomeTaxExpense": 26249000,
        "netIncome": 61299000,
        "netIncomeRatio": 0.2606937203,
        "eps": 1.16,
        "epsdiluted": 1.15,
        "weightedAverageShsOut": 52657000,
        "weightedAverageShsOutDil": 53442000,
        "link": "https://www.sec.gov/Archives/edgar/data/1111928/000111192815000112/0001111928-15-000112-index.htm",
        "finalLink": "https://www.sec.gov/Archives/edgar/data/1111928/000111192815000112/ipgp-20150630x10q.htm"
    },
    {
        "date": "2015-03-31",
        "symbol": "IPGP",
        "reportedCurrency": "USD",
        "cik": "0001111928",
        "fillingDate": "2015-05-06",
        "acceptedDate": "2015-05-06 16:40:50",
        "calendarYear": "2015",
        "period": "Q1",
        "revenue": 198960000,
        "costOfRevenue": 91133000,
        "grossProfit": 107827000,
        "grossProfitRatio": 0.5419531564,
        "researchAndDevelopmentExpenses": 14230000,
        "generalAndAdministrativeExpenses": 12778000,
        "sellingAndMarketingExpenses": 7549000,
        "sellingGeneralAndAdministrativeExpenses": 20327000,
        "otherExpenses": 85000,
        "operatingExpenses": 34557000,
        "costAndExpenses": 125690000,
        "interestIncome": 0,
        "interestExpense": 0,
        "depreciationAndAmortization": 9743000,
        "ebitda": 83013000,
        "ebitdaratio": 0.41723462,
        "operatingIncome": 82022000,
        "operatingIncomeRatio": 0.4122537193,
        "totalOtherIncomeExpensesNet": -99000,
        "incomeBeforeTax": 81923000,
        "incomeBeforeTaxRatio": 0.4117561319,
        "incomeTaxExpense": 24577000,
        "netIncome": 57359000,
        "netIncomeRatio": 0.2882941295,
        "eps": 1.09,
        "epsdiluted": 1.08,
        "weightedAverageShsOut": 52486000,
        "weightedAverageShsOutDil": 53267000,
        "link": "https://www.sec.gov/Archives/edgar/data/1111928/000111192815000070/0001111928-15-000070-index.htm",
        "finalLink": "https://www.sec.gov/Archives/edgar/data/1111928/000111192815000070/ipgp-20150331x10q.htm"
    },
    {
        "date": "2014-12-31",
        "symbol": "IPGP",
        "reportedCurrency": "USD",
        "cik": "0001111928",
        "fillingDate": "2015-03-02",
        "acceptedDate": "2015-03-02 08:00:33",
        "calendarYear": "2014",
        "period": "Q4",
        "revenue": 207402000,
        "costOfRevenue": 93485000,
        "grossProfit": 113917000,
        "grossProfitRatio": 0.5492569985,
        "researchAndDevelopmentExpenses": 13810000,
        "generalAndAdministrativeExpenses": 15126000,
        "sellingAndMarketingExpenses": 7929000,
        "sellingGeneralAndAdministrativeExpenses": 23055000,
        "otherExpenses": 58000,
        "operatingExpenses": 36865000,
        "costAndExpenses": 130350000,
        "interestIncome": 0,
        "interestExpense": 0,
        "depreciationAndAmortization": 9203000,
        "ebitda": 86255000,
        "ebitdaratio": 0.4158831641,
        "operatingIncome": 79631000,
        "operatingIncomeRatio": 0.3839451886,
        "totalOtherIncomeExpensesNet": 124000,
        "incomeBeforeTax": 79755000,
        "incomeBeforeTaxRatio": 0.3845430613,
        "incomeTaxExpense": 23324000,
        "netIncome": 56431000,
        "netIncomeRatio": 0.2720851294,
        "eps": 1.08,
        "epsdiluted": 1.07,
        "weightedAverageShsOut": 52153000,
        "weightedAverageShsOutDil": 52873000,
        "link": "https://www.sec.gov/Archives/edgar/data/1111928/000111192815000040/0001111928-15-000040-index.htm",
        "finalLink": "https://www.sec.gov/Archives/edgar/data/1111928/000111192815000040/ipgp-20141231x10k.htm"
    },
    {
        "date": "2014-09-30",
        "symbol": "IPGP",
        "reportedCurrency": "USD",
        "cik": "0001111928",
        "fillingDate": "2014-11-07",
        "acceptedDate": "2014-11-07 16:35:16",
        "calendarYear": "2014",
        "period": "Q3",
        "revenue": 199651000,
        "costOfRevenue": 90561000,
        "grossProfit": 109090000,
        "grossProfitRatio": 0.5464034741,
        "researchAndDevelopmentExpenses": 13447000,
        "generalAndAdministrativeExpenses": 14172000,
        "sellingAndMarketingExpenses": 7496000,
        "sellingGeneralAndAdministrativeExpenses": 21668000,
        "otherExpenses": 162000,
        "operatingExpenses": 35115000,
        "costAndExpenses": 125676000,
        "interestIncome": 0,
        "interestExpense": 0,
        "depreciationAndAmortization": 9321000,
        "ebitda": 83296000,
        "ebitdaratio": 0.417208028,
        "operatingIncome": 77589000,
        "operatingIncomeRatio": 0.3886231474,
        "totalOtherIncomeExpensesNet": 158000,
        "incomeBeforeTax": 77747000,
        "incomeBeforeTaxRatio": 0.3894145284,
        "incomeTaxExpense": 22547000,
        "netIncome": 55200000,
        "netIncomeRatio": 0.2764824619,
        "eps": 1.06,
        "epsdiluted": 1.05,
        "weightedAverageShsOut": 52088000,
        "weightedAverageShsOutDil": 52792000,
        "link": "https://www.sec.gov/Archives/edgar/data/1111928/000111192814000143/0001111928-14-000143-index.htm",
        "finalLink": "https://www.sec.gov/Archives/edgar/data/1111928/000111192814000143/ipgp-20140930x10q.htm"
    },
    {
        "date": "2014-06-30",
        "symbol": "IPGP",
        "reportedCurrency": "USD",
        "cik": "0001111928",
        "fillingDate": "2014-08-05",
        "acceptedDate": "2014-08-05 16:55:38",
        "calendarYear": "2014",
        "period": "Q2",
        "revenue": 192204000,
        "costOfRevenue": 87977000,
        "grossProfit": 104227000,
        "grossProfitRatio": 0.5422727935,
        "researchAndDevelopmentExpenses": 13362000,
        "generalAndAdministrativeExpenses": 13124000,
        "sellingAndMarketingExpenses": 8047000,
        "sellingGeneralAndAdministrativeExpenses": 21171000,
        "otherExpenses": 239000,
        "operatingExpenses": 34533000,
        "costAndExpenses": 122510000,
        "interestIncome": 0,
        "interestExpense": 0,
        "depreciationAndAmortization": 8986000,
        "ebitda": 78680000,
        "ebitdaratio": 0.4093567251,
        "operatingIncome": 68749000,
        "operatingIncomeRatio": 0.3576876652,
        "totalOtherIncomeExpensesNet": 239000,
        "incomeBeforeTax": 68988000,
        "incomeBeforeTaxRatio": 0.3589311357,
        "incomeTaxExpense": 20705000,
        "netIncome": 48283000,
        "netIncomeRatio": 0.2512070508,
        "eps": 0.93,
        "epsdiluted": 0.92,
        "weightedAverageShsOut": 52068000,
        "weightedAverageShsOutDil": 52769000,
        "link": "https://www.sec.gov/Archives/edgar/data/1111928/000111192814000096/0001111928-14-000096-index.htm",
        "finalLink": "https://www.sec.gov/Archives/edgar/data/1111928/000111192814000096/ipgp-20140630x10q.htm"
    },
    {
        "date": "2014-03-31",
        "symbol": "IPGP",
        "reportedCurrency": "USD",
        "cik": "0001111928",
        "fillingDate": "2014-05-06",
        "acceptedDate": "2014-05-06 17:09:52",
        "calendarYear": "2014",
        "period": "Q1",
        "revenue": 170575000,
        "costOfRevenue": 81291000,
        "grossProfit": 89284000,
        "grossProfitRatio": 0.5234295764,
        "researchAndDevelopmentExpenses": 12784000,
        "generalAndAdministrativeExpenses": 12916000,
        "sellingAndMarketingExpenses": 7165000,
        "sellingGeneralAndAdministrativeExpenses": 20081000,
        "otherExpenses": 0,
        "operatingExpenses": 32865000,
        "costAndExpenses": 114156000,
        "interestIncome": 0,
        "interestExpense": 0,
        "depreciationAndAmortization": 8102000,
        "ebitda": 64521000,
        "ebitdaratio": 0.3782558992,
        "operatingIncome": 57789000,
        "operatingIncomeRatio": 0.3387893888,
        "totalOtherIncomeExpensesNet": 195000,
        "incomeBeforeTax": 57984000,
        "incomeBeforeTaxRatio": 0.339932581,
        "incomeTaxExpense": 17453000,
        "netIncome": 40531000,
        "netIncomeRatio": 0.2376139528,
        "eps": 0.78,
        "epsdiluted": 0.77,
        "weightedAverageShsOut": 51970000,
        "weightedAverageShsOutDil": 52724000,
        "link": "https://www.sec.gov/Archives/edgar/data/1111928/000111192814000024/0001111928-14-000024-index.htm",
        "finalLink": "https://www.sec.gov/Archives/edgar/data/1111928/000111192814000024/ipgp-20140331x10q.htm"
    },
    {
        "date": "2013-12-31",
        "symbol": "IPGP",
        "reportedCurrency": "USD",
        "cik": "0001111928",
        "fillingDate": "2014-02-28",
        "acceptedDate": "2014-02-28 16:03:09",
        "calendarYear": "2013",
        "period": "Q4",
        "revenue": 165859000,
        "costOfRevenue": 84337000,
        "grossProfit": 81522000,
        "grossProfitRatio": 0.4915138762,
        "researchAndDevelopmentExpenses": 10878000,
        "generalAndAdministrativeExpenses": 13049000,
        "sellingAndMarketingExpenses": 7178000,
        "sellingGeneralAndAdministrativeExpenses": 20227000,
        "otherExpenses": 106000,
        "operatingExpenses": 31105000,
        "costAndExpenses": 115442000,
        "interestIncome": 0,
        "interestExpense": 0,
        "depreciationAndAmortization": 8877000,
        "ebitda": 58527000,
        "ebitdaratio": 0.3528720178,
        "operatingIncome": 48853000,
        "operatingIncomeRatio": 0.2945453668,
        "totalOtherIncomeExpensesNet": 130000,
        "incomeBeforeTax": 48983000,
        "incomeBeforeTaxRatio": 0.2953291651,
        "incomeTaxExpense": 12388000,
        "netIncome": 36595000,
        "netIncomeRatio": 0.2206392176,
        "eps": 0.71,
        "epsdiluted": 0.7,
        "weightedAverageShsOut": 51660000,
        "weightedAverageShsOutDil": 52487000,
        "link": "https://www.sec.gov/Archives/edgar/data/1111928/000111192814000013/0001111928-14-000013-index.htm",
        "finalLink": "https://www.sec.gov/Archives/edgar/data/1111928/000111192814000013/ipgp-20131231x10k.htm"
    },
    {
        "date": "2013-09-30",
        "symbol": "IPGP",
        "reportedCurrency": "USD",
        "cik": "0001111928",
        "fillingDate": "2013-11-08",
        "acceptedDate": "2013-11-08 16:09:38",
        "calendarYear": "2013",
        "period": "Q3",
        "revenue": 172152000,
        "costOfRevenue": 79339000,
        "grossProfit": 92813000,
        "grossProfitRatio": 0.5391340211,
        "researchAndDevelopmentExpenses": 11501000,
        "generalAndAdministrativeExpenses": 13175000,
        "sellingAndMarketingExpenses": 6801000,
        "sellingGeneralAndAdministrativeExpenses": 19976000,
        "otherExpenses": 218000,
        "operatingExpenses": 31477000,
        "costAndExpenses": 110816000,
        "interestIncome": 0,
        "interestExpense": 63000,
        "depreciationAndAmortization": 8529000,
        "ebitda": 69865000,
        "ebitdaratio": 0.4058332172,
        "operatingIncome": 59773000,
        "operatingIncomeRatio": 0.3472106046,
        "totalOtherIncomeExpensesNet": 281000,
        "incomeBeforeTax": 60054000,
        "incomeBeforeTaxRatio": 0.348842883,
        "incomeTaxExpense": 17716000,
        "netIncome": 42338000,
        "netIncomeRatio": 0.2459338259,
        "eps": 0.82,
        "epsdiluted": 0.81,
        "weightedAverageShsOut": 51495000,
        "weightedAverageShsOutDil": 52367000,
        "link": "https://www.sec.gov/Archives/edgar/data/1111928/000111192813000138/0001111928-13-000138-index.htm",
        "finalLink": "https://www.sec.gov/Archives/edgar/data/1111928/000111192813000138/ipgp-20130930x10q.htm"
    },
    {
        "date": "2013-06-30",
        "symbol": "IPGP",
        "reportedCurrency": "USD",
        "cik": "0001111928",
        "fillingDate": "2013-08-08",
        "acceptedDate": "2013-08-08 16:14:31",
        "calendarYear": "2013",
        "period": "Q2",
        "revenue": 168171000,
        "costOfRevenue": 78249000,
        "grossProfit": 89922000,
        "grossProfitRatio": 0.5347057459,
        "researchAndDevelopmentExpenses": 10483000,
        "generalAndAdministrativeExpenses": 12829000,
        "sellingAndMarketingExpenses": 6845000,
        "sellingGeneralAndAdministrativeExpenses": 19674000,
        "otherExpenses": -239000,
        "operatingExpenses": 30157000,
        "costAndExpenses": 108406000,
        "interestIncome": 0,
        "interestExpense": 0,
        "depreciationAndAmortization": 7668000,
        "ebitda": 67433000,
        "ebitdaratio": 0.4009787657,
        "operatingIncome": 59875000,
        "operatingIncomeRatio": 0.3560364153,
        "totalOtherIncomeExpensesNet": -274000,
        "incomeBeforeTax": 59601000,
        "incomeBeforeTaxRatio": 0.3544071213,
        "incomeTaxExpense": 17881000,
        "netIncome": 41720000,
        "netIncomeRatio": 0.2480808225,
        "eps": 0.81,
        "epsdiluted": 0.8,
        "weightedAverageShsOut": 51462000,
        "weightedAverageShsOutDil": 52385000,
        "link": "https://www.sec.gov/Archives/edgar/data/1111928/000111192813000101/0001111928-13-000101-index.htm",
        "finalLink": "https://www.sec.gov/Archives/edgar/data/1111928/000111192813000101/ipgp-20130630x10q.htm"
    },
    {
        "date": "2013-03-31",
        "symbol": "IPGP",
        "reportedCurrency": "USD",
        "cik": "0001111928",
        "fillingDate": "2013-05-10",
        "acceptedDate": "2013-05-10 08:31:54",
        "calendarYear": "2013",
        "period": "Q1",
        "revenue": 141852000,
        "costOfRevenue": 66211000,
        "grossProfit": 75641000,
        "grossProfitRatio": 0.5332388687,
        "researchAndDevelopmentExpenses": 8798000,
        "generalAndAdministrativeExpenses": 11810000,
        "sellingAndMarketingExpenses": 5868000,
        "sellingGeneralAndAdministrativeExpenses": 17678000,
        "otherExpenses": 70000,
        "operatingExpenses": 26476000,
        "costAndExpenses": 92687000,
        "interestIncome": 0,
        "interestExpense": 0,
        "depreciationAndAmortization": 7217000,
        "ebitda": 56382000,
        "ebitdaratio": 0.3974706032,
        "operatingIncome": 49646000,
        "operatingIncomeRatio": 0.3499844909,
        "totalOtherIncomeExpensesNet": 17000,
        "incomeBeforeTax": 49663000,
        "incomeBeforeTaxRatio": 0.3501043341,
        "incomeTaxExpense": 14536000,
        "netIncome": 35127000,
        "netIncomeRatio": 0.2476313341,
        "eps": 0.68,
        "epsdiluted": 0.67,
        "weightedAverageShsOut": 51407000,
        "weightedAverageShsOutDil": 52350000,
        "link": "https://www.sec.gov/Archives/edgar/data/1111928/000119312513212636/0001193125-13-212636-index.htm",
        "finalLink": "https://www.sec.gov/Archives/edgar/data/1111928/000119312513212636/d534329d10q.htm"
    },
    {
        "date": "2012-12-31",
        "symbol": "IPGP",
        "reportedCurrency": "USD",
        "cik": "0001111928",
        "fillingDate": "2013-02-28",
        "acceptedDate": "2013-02-28 17:15:28",
        "calendarYear": "2012",
        "period": "Q4",
        "revenue": 145030000,
        "costOfRevenue": 69856000,
        "grossProfit": 75174000,
        "grossProfitRatio": 0.5183341378,
        "researchAndDevelopmentExpenses": 9270000,
        "generalAndAdministrativeExpenses": 9937000,
        "sellingAndMarketingExpenses": 7074000,
        "sellingGeneralAndAdministrativeExpenses": 17011000,
        "otherExpenses": 0,
        "operatingExpenses": 26281000,
        "costAndExpenses": 96137000,
        "interestIncome": 222000,
        "interestExpense": 0,
        "depreciationAndAmortization": 7189000,
        "ebitda": 55869000,
        "ebitdaratio": 0.3852237468,
        "operatingIncome": 47259000,
        "operatingIncomeRatio": 0.3258567193,
        "totalOtherIncomeExpensesNet": 767000,
        "incomeBeforeTax": 48026000,
        "incomeBeforeTaxRatio": 0.3311452803,
        "incomeTaxExpense": 13114000,
        "netIncome": 34912000,
        "netIncomeRatio": 0.2407226091,
        "eps": 0.68,
        "epsdiluted": 0.67,
        "weightedAverageShsOut": 51110000,
        "weightedAverageShsOutDil": 52116000,
        "link": "https://www.sec.gov/Archives/edgar/data/1111928/000119312513084799/0001193125-13-084799-index.htm",
        "finalLink": "https://www.sec.gov/Archives/edgar/data/1111928/000119312513084799/d447999d10k.htm"
    },
    {
        "date": "2012-09-30",
        "symbol": "IPGP",
        "reportedCurrency": "USD",
        "cik": "0001111928",
        "fillingDate": "2012-11-06",
        "acceptedDate": "2012-11-06 16:19:08",
        "calendarYear": "2012",
        "period": "Q3",
        "revenue": 156379000,
        "costOfRevenue": 70420000,
        "grossProfit": 85959000,
        "grossProfitRatio": 0.5496837811,
        "researchAndDevelopmentExpenses": 7762000,
        "generalAndAdministrativeExpenses": 10609000,
        "sellingAndMarketingExpenses": 5785000,
        "sellingGeneralAndAdministrativeExpenses": 16394000,
        "otherExpenses": 0,
        "operatingExpenses": 24156000,
        "costAndExpenses": 94576000,
        "interestIncome": 0,
        "interestExpense": 55000,
        "depreciationAndAmortization": 6810000,
        "ebitda": 68613000,
        "ebitdaratio": 0.438760959,
        "operatingIncome": 60007000,
        "operatingIncomeRatio": 0.3837279942,
        "totalOtherIncomeExpensesNet": 260000,
        "incomeBeforeTax": 60267000,
        "incomeBeforeTaxRatio": 0.3853906215,
        "incomeTaxExpense": 17832000,
        "netIncome": 42435000,
        "netIncomeRatio": 0.2713599652,
        "eps": 0.83,
        "epsdiluted": 0.81,
        "weightedAverageShsOut": 51090000,
        "weightedAverageShsOutDil": 52102000,
        "link": "https://www.sec.gov/Archives/edgar/data/1111928/000119312512454543/0001193125-12-454543-index.htm",
        "finalLink": "https://www.sec.gov/Archives/edgar/data/1111928/000119312512454543/d432948d10q.htm"
    },
    {
        "date": "2012-06-30",
        "symbol": "IPGP",
        "reportedCurrency": "USD",
        "cik": "0001111928",
        "fillingDate": "2012-08-03",
        "acceptedDate": "2012-08-03 17:13:58",
        "calendarYear": "2012",
        "period": "Q2",
        "revenue": 137927000,
        "costOfRevenue": 63017000,
        "grossProfit": 74910000,
        "grossProfitRatio": 0.5431133861,
        "researchAndDevelopmentExpenses": 7229000,
        "generalAndAdministrativeExpenses": 8736000,
        "sellingAndMarketingExpenses": 5854000,
        "sellingGeneralAndAdministrativeExpenses": 14590000,
        "otherExpenses": -92000,
        "operatingExpenses": 21819000,
        "costAndExpenses": 84836000,
        "interestIncome": 0,
        "interestExpense": 615000,
        "depreciationAndAmortization": 6143000,
        "ebitda": 59234000,
        "ebitdaratio": 0.4294590617,
        "operatingIncome": 56445000,
        "operatingIncomeRatio": 0.4092382202,
        "totalOtherIncomeExpensesNet": 523000,
        "incomeBeforeTax": 56968000,
        "incomeBeforeTaxRatio": 0.4130300811,
        "incomeTaxExpense": 17119000,
        "netIncome": 37742000,
        "netIncomeRatio": 0.2736375039,
        "eps": 0.74,
        "epsdiluted": 0.72,
        "weightedAverageShsOut": 50989000,
        "weightedAverageShsOutDil": 52071000,
        "link": "https://www.sec.gov/Archives/edgar/data/1111928/000119312512335119/0001193125-12-335119-index.htm",
        "finalLink": "https://www.sec.gov/Archives/edgar/data/1111928/000119312512335119/d390979d10q.htm"
    },
    {
        "date": "2012-03-31",
        "symbol": "IPGP",
        "reportedCurrency": "USD",
        "cik": "0001111928",
        "fillingDate": "2012-05-08",
        "acceptedDate": "2012-05-08 16:07:06",
        "calendarYear": "2012",
        "period": "Q1",
        "revenue": 123192000,
        "costOfRevenue": 54508000,
        "grossProfit": 68684000,
        "grossProfitRatio": 0.5575362036,
        "researchAndDevelopmentExpenses": 7140000,
        "generalAndAdministrativeExpenses": 9949000,
        "sellingAndMarketingExpenses": 5132000,
        "sellingGeneralAndAdministrativeExpenses": 15081000,
        "otherExpenses": 0,
        "operatingExpenses": 22221000,
        "costAndExpenses": 76729000,
        "interestIncome": 0,
        "interestExpense": 129000,
        "depreciationAndAmortization": 6215000,
        "ebitda": 52678000,
        "ebitdaratio": 0.4276089356,
        "operatingIncome": 45177000,
        "operatingIncomeRatio": 0.3667202416,
        "totalOtherIncomeExpensesNet": -1223000,
        "incomeBeforeTax": 43954000,
        "incomeBeforeTaxRatio": 0.3567926489,
        "incomeTaxExpense": 13406000,
        "netIncome": 29915000,
        "netIncomeRatio": 0.2428323268,
        "eps": 0.63,
        "epsdiluted": 0.61,
        "weightedAverageShsOut": 48446000,
        "weightedAverageShsOutDil": 49582000,
        "link": "https://www.sec.gov/Archives/edgar/data/1111928/000119312512218400/0001193125-12-218400-index.htm",
        "finalLink": "https://www.sec.gov/Archives/edgar/data/1111928/000119312512218400/d348310d10q.htm"
    },
    {
        "date": "2011-12-31",
        "symbol": "IPGP",
        "reportedCurrency": "USD",
        "cik": "0001111928",
        "fillingDate": "2012-02-27",
        "acceptedDate": "2012-02-27 16:04:07",
        "calendarYear": "2011",
        "period": "Q4",
        "revenue": 123524000,
        "costOfRevenue": 57100000,
        "grossProfit": 66424000,
        "grossProfitRatio": 0.5377416534,
        "researchAndDevelopmentExpenses": 6580000,
        "generalAndAdministrativeExpenses": 9943000,
        "sellingAndMarketingExpenses": 5280000,
        "sellingGeneralAndAdministrativeExpenses": 15223000,
        "otherExpenses": 0,
        "operatingExpenses": 21803000,
        "costAndExpenses": 78903000,
        "interestIncome": 0,
        "interestExpense": 96000,
        "depreciationAndAmortization": 5780000,
        "ebitda": 52058000,
        "ebitdaratio": 0.4214403679,
        "operatingIncome": 46070000,
        "operatingIncomeRatio": 0.3729639584,
        "totalOtherIncomeExpensesNet": 112000,
        "incomeBeforeTax": 46182000,
        "incomeBeforeTaxRatio": 0.3738706648,
        "incomeTaxExpense": 14327000,
        "netIncome": 31086000,
        "netIncomeRatio": 0.2516595965,
        "eps": 0.64,
        "epsdiluted": 0.64,
        "weightedAverageShsOut": 47566000,
        "weightedAverageShsOutDil": 48446000,
        "link": "https://www.sec.gov/Archives/edgar/data/1111928/000119312512081509/0001193125-12-081509-index.htm",
        "finalLink": "https://www.sec.gov/Archives/edgar/data/1111928/000119312512081509/d276094d10k.htm"
    },
    {
        "date": "2011-09-30",
        "symbol": "IPGP",
        "reportedCurrency": "USD",
        "cik": "0001111928",
        "fillingDate": "2011-11-08",
        "acceptedDate": "2011-11-08 08:00:19",
        "calendarYear": "2011",
        "period": "Q3",
        "revenue": 129064000,
        "costOfRevenue": 58605000,
        "grossProfit": 70459000,
        "grossProfitRatio": 0.545922953,
        "researchAndDevelopmentExpenses": 6501000,
        "generalAndAdministrativeExpenses": 10997000,
        "sellingAndMarketingExpenses": 5656000,
        "sellingGeneralAndAdministrativeExpenses": 16653000,
        "otherExpenses": 0,
        "operatingExpenses": 23154000,
        "costAndExpenses": 81759000,
        "interestIncome": 0,
        "interestExpense": 209000,
        "depreciationAndAmortization": 6227000,
        "ebitda": 53532000,
        "ebitdaratio": 0.4147709663,
        "operatingIncome": 49232000,
        "operatingIncomeRatio": 0.3814541623,
        "totalOtherIncomeExpensesNet": -64000,
        "incomeBeforeTax": 49168000,
        "incomeBeforeTaxRatio": 0.3809582843,
        "incomeTaxExpense": 14899000,
        "netIncome": 32869000,
        "netIncomeRatio": 0.2546721007,
        "eps": 0.68,
        "epsdiluted": 0.66,
        "weightedAverageShsOut": 47483000,
        "weightedAverageShsOutDil": 48747000,
        "link": "https://www.sec.gov/Archives/edgar/data/1111928/000095012311096210/0000950123-11-096210-index.htm",
        "finalLink": "https://www.sec.gov/Archives/edgar/data/1111928/000095012311096210/b87820e10vq.htm"
    },
    {
        "date": "2011-06-30",
        "symbol": "IPGP",
        "reportedCurrency": "USD",
        "cik": "0001111928",
        "fillingDate": "2011-08-08",
        "acceptedDate": "2011-08-08 17:25:20",
        "calendarYear": "2011",
        "period": "Q2",
        "revenue": 121936000,
        "costOfRevenue": 55230000,
        "grossProfit": 66706000,
        "grossProfitRatio": 0.5470574728,
        "researchAndDevelopmentExpenses": 6610000,
        "generalAndAdministrativeExpenses": 8333000,
        "sellingAndMarketingExpenses": 5847000,
        "sellingGeneralAndAdministrativeExpenses": 14180000,
        "otherExpenses": 0,
        "operatingExpenses": 20790000,
        "costAndExpenses": 76020000,
        "interestIncome": 0,
        "interestExpense": 170000,
        "depreciationAndAmortization": 6297000,
        "ebitda": 52213000,
        "ebitdaratio": 0.4282000394,
        "operatingIncome": 46122000,
        "operatingIncomeRatio": 0.3782476053,
        "totalOtherIncomeExpensesNet": -788000,
        "incomeBeforeTax": 45334000,
        "incomeBeforeTaxRatio": 0.3717851988,
        "incomeTaxExpense": 13827000,
        "netIncome": 30736000,
        "netIncomeRatio": 0.2520666579,
        "eps": 0.65,
        "epsdiluted": 0.63,
        "weightedAverageShsOut": 47310000,
        "weightedAverageShsOutDil": 48610000,
        "link": "https://www.sec.gov/Archives/edgar/data/1111928/000095012311074514/0000950123-11-074514-index.htm",
        "finalLink": "https://www.sec.gov/Archives/edgar/data/1111928/000095012311074514/b87596e10vq.htm"
    },
    {
        "date": "2011-03-31",
        "symbol": "IPGP",
        "reportedCurrency": "USD",
        "cik": "0001111928",
        "fillingDate": "2011-05-09",
        "acceptedDate": "2011-05-09 16:05:59",
        "calendarYear": "2011",
        "period": "Q1",
        "revenue": 99958000,
        "costOfRevenue": 46292000,
        "grossProfit": 53666000,
        "grossProfitRatio": 0.5368854919,
        "researchAndDevelopmentExpenses": 5731000,
        "generalAndAdministrativeExpenses": 8169000,
        "sellingAndMarketingExpenses": 4948000,
        "sellingGeneralAndAdministrativeExpenses": 13117000,
        "otherExpenses": 8000,
        "operatingExpenses": 18848000,
        "costAndExpenses": 65140000,
        "interestIncome": 0,
        "interestExpense": 206000,
        "depreciationAndAmortization": 5658000,
        "ebitda": 39764000,
        "ebitdaratio": 0.397807079,
        "operatingIncome": 34098000,
        "operatingIncomeRatio": 0.3411232718,
        "totalOtherIncomeExpensesNet": -198000,
        "incomeBeforeTax": 33900000,
        "incomeBeforeTaxRatio": 0.3391424398,
        "incomeTaxExpense": 10522000,
        "netIncome": 23068000,
        "netIncomeRatio": 0.2307769263,
        "eps": 0.49,
        "epsdiluted": 0.47,
        "weightedAverageShsOut": 47099000,
        "weightedAverageShsOutDil": 48690000,
        "link": "https://www.sec.gov/Archives/edgar/data/1111928/000095012311047378/0000950123-11-047378-index.htm",
        "finalLink": "https://www.sec.gov/Archives/edgar/data/1111928/000095012311047378/b86110e10vq.htm"
    },
    {
        "date": "2010-12-31",
        "symbol": "IPGP",
        "reportedCurrency": "USD",
        "cik": "0001111928",
        "fillingDate": "2011-03-15",
        "acceptedDate": "2011-03-15 17:21:27",
        "calendarYear": "2010",
        "period": "Q4",
        "revenue": 100985000,
        "costOfRevenue": 45466000,
        "grossProfit": 55519000,
        "grossProfitRatio": 0.549774719,
        "researchAndDevelopmentExpenses": 5292000,
        "generalAndAdministrativeExpenses": 6633000,
        "sellingAndMarketingExpenses": 5303000,
        "sellingGeneralAndAdministrativeExpenses": 11936000,
        "otherExpenses": -523000,
        "operatingExpenses": 16705000,
        "costAndExpenses": 62171000,
        "interestIncome": 0,
        "interestExpense": 0,
        "depreciationAndAmortization": 5747000,
        "ebitda": 44600000,
        "ebitdaratio": 0.44164975,
        "operatingIncome": 38814000,
        "operatingIncomeRatio": 0.384354112,
        "totalOtherIncomeExpensesNet": 14000,
        "incomeBeforeTax": 38828000,
        "incomeBeforeTaxRatio": 0.3844927464,
        "incomeTaxExpense": 11560000,
        "netIncome": 27062000,
        "netIncomeRatio": 0.2679803931,
        "eps": 0.57,
        "epsdiluted": 0.57,
        "weightedAverageShsOut": 46841000,
        "weightedAverageShsOutDil": 47099000,
        "link": "https://www.sec.gov/Archives/edgar/data/1111928/000095012311025637/0000950123-11-025637-index.htm",
        "finalLink": "https://www.sec.gov/Archives/edgar/data/1111928/000095012311025637/b84118e10vk.htm"
    },
    {
        "date": "2010-09-30",
        "symbol": "IPGP",
        "reportedCurrency": "USD",
        "cik": "0001111928",
        "fillingDate": "2010-11-09",
        "acceptedDate": "2010-11-09 16:05:19",
        "calendarYear": "2010",
        "period": "Q3",
        "revenue": 79809000,
        "costOfRevenue": 39878000,
        "grossProfit": 39931000,
        "grossProfitRatio": 0.5003320428,
        "researchAndDevelopmentExpenses": 4981000,
        "generalAndAdministrativeExpenses": 7800000,
        "sellingAndMarketingExpenses": 4527000,
        "sellingGeneralAndAdministrativeExpenses": 12327000,
        "otherExpenses": 2078000,
        "operatingExpenses": 19386000,
        "costAndExpenses": 59264000,
        "interestIncome": 0,
        "interestExpense": 350000,
        "depreciationAndAmortization": 5584000,
        "ebitda": 26451000,
        "ebitdaratio": 0.3314287862,
        "operatingIncome": 20545000,
        "operatingIncomeRatio": 0.2574271072,
        "totalOtherIncomeExpensesNet": -672000,
        "incomeBeforeTax": 19873000,
        "incomeBeforeTaxRatio": 0.2490070042,
        "incomeTaxExpense": 6558000,
        "netIncome": 13226000,
        "netIncomeRatio": 0.1657206581,
        "eps": 0.28,
        "epsdiluted": 0.28,
        "weightedAverageShsOut": 46533000,
        "weightedAverageShsOutDil": 47700000,
        "link": "https://www.sec.gov/Archives/edgar/data/1111928/000095012310103235/0000950123-10-103235-index.htm",
        "finalLink": "https://www.sec.gov/Archives/edgar/data/1111928/000095012310103235/b82921e10vq.htm"
    },
    {
        "date": "2010-06-30",
        "symbol": "IPGP",
        "reportedCurrency": "USD",
        "cik": "0001111928",
        "fillingDate": "2010-08-09",
        "acceptedDate": "2010-08-09 16:51:47",
        "calendarYear": "2010",
        "period": "Q2",
        "revenue": 67258000,
        "costOfRevenue": 36797000,
        "grossProfit": 30461000,
        "grossProfitRatio": 0.4528977965,
        "researchAndDevelopmentExpenses": 4729000,
        "generalAndAdministrativeExpenses": 7384000,
        "sellingAndMarketingExpenses": 4932000,
        "sellingGeneralAndAdministrativeExpenses": 12316000,
        "otherExpenses": -2295000,
        "operatingExpenses": 14750000,
        "costAndExpenses": 51547000,
        "interestIncome": 0,
        "interestExpense": 191000,
        "depreciationAndAmortization": 5288000,
        "ebitda": 15737000,
        "ebitdaratio": 0.2339796009,
        "operatingIncome": 15711000,
        "operatingIncomeRatio": 0.2335930298,
        "totalOtherIncomeExpensesNet": -217000,
        "incomeBeforeTax": 15494000,
        "incomeBeforeTaxRatio": 0.2303666478,
        "incomeTaxExpense": 5149000,
        "netIncome": 10306000,
        "netIncomeRatio": 0.1532308424,
        "eps": 0.22,
        "epsdiluted": 0.22,
        "weightedAverageShsOut": 46220000,
        "weightedAverageShsOutDil": 47333000,
        "link": "https://www.sec.gov/Archives/edgar/data/1111928/000095012310075116/0000950123-10-075116-index.htm",
        "finalLink": "https://www.sec.gov/Archives/edgar/data/1111928/000095012310075116/b81588e10vq.htm"
    },
    {
        "date": "2010-03-31",
        "symbol": "IPGP",
        "reportedCurrency": "USD",
        "cik": "0001111928",
        "fillingDate": "2010-05-10",
        "acceptedDate": "2010-05-10 16:05:24",
        "calendarYear": "2010",
        "period": "Q1",
        "revenue": 51204000,
        "costOfRevenue": 30657000,
        "grossProfit": 20547000,
        "grossProfitRatio": 0.401277244,
        "researchAndDevelopmentExpenses": 4158000,
        "generalAndAdministrativeExpenses": 6828000,
        "sellingAndMarketingExpenses": 4338000,
        "sellingGeneralAndAdministrativeExpenses": 11166000,
        "otherExpenses": -108000,
        "operatingExpenses": 15216000,
        "costAndExpenses": 45873000,
        "interestIncome": 0,
        "interestExpense": 208000,
        "depreciationAndAmortization": 5226000,
        "ebitda": 10491000,
        "ebitdaratio": 0.204886337,
        "operatingIncome": 5331000,
        "operatingIncomeRatio": 0.1041129599,
        "totalOtherIncomeExpensesNet": -274000,
        "incomeBeforeTax": 5057000,
        "incomeBeforeTaxRatio": 0.0987618155,
        "incomeTaxExpense": 1633000,
        "netIncome": 3397000,
        "netIncomeRatio": 0.0663424732,
        "eps": 0.07,
        "epsdiluted": 0.07,
        "weightedAverageShsOut": 46098000,
        "weightedAverageShsOutDil": 47191000,
        "link": "https://www.sec.gov/Archives/edgar/data/1111928/000095012310047146/0000950123-10-047146-index.htm",
        "finalLink": "https://www.sec.gov/Archives/edgar/data/1111928/000095012310047146/b80519e10vq.htm"
    },
    {
        "date": "2009-12-31",
        "symbol": "IPGP",
        "reportedCurrency": "USD",
        "cik": "0001111928",
        "fillingDate": "2010-03-15",
        "acceptedDate": "2010-03-15 16:20:24",
        "calendarYear": "2009",
        "period": "Q4",
        "revenue": 54293000,
        "costOfRevenue": 34381000,
        "grossProfit": 19912000,
        "grossProfitRatio": 0.3667507782,
        "researchAndDevelopmentExpenses": 5098000,
        "generalAndAdministrativeExpenses": 5797000,
        "sellingAndMarketingExpenses": 4300000,
        "sellingGeneralAndAdministrativeExpenses": 10097000,
        "otherExpenses": 47000,
        "operatingExpenses": 15242000,
        "costAndExpenses": 49623000,
        "interestIncome": 0,
        "interestExpense": 229000,
        "depreciationAndAmortization": 5148000,
        "ebitda": 10041000,
        "ebitdaratio": 0.1849409684,
        "operatingIncome": 4670000,
        "operatingIncomeRatio": 0.0860147717,
        "totalOtherIncomeExpensesNet": -6000,
        "incomeBeforeTax": 4664000,
        "incomeBeforeTaxRatio": 0.0859042602,
        "incomeTaxExpense": 1507000,
        "netIncome": 3122000,
        "netIncomeRatio": 0.0575028088,
        "eps": 0.0677,
        "epsdiluted": 0.0677,
        "weightedAverageShsOut": 45852000,
        "weightedAverageShsOutDil": 46098000,
        "link": "https://www.sec.gov/Archives/edgar/data/1111928/000095012310024694/0000950123-10-024694-index.htm",
        "finalLink": "https://www.sec.gov/Archives/edgar/data/1111928/000095012310024694/b78702e10vk.htm"
    },
    {
        "date": "2009-09-30",
        "symbol": "IPGP",
        "reportedCurrency": "USD",
        "cik": "0001111928",
        "fillingDate": "2009-11-06",
        "acceptedDate": "2009-11-06 08:01:06",
        "calendarYear": "2009",
        "period": "Q3",
        "revenue": 45808000,
        "costOfRevenue": 29085000,
        "grossProfit": 16723000,
        "grossProfitRatio": 0.3650672372,
        "researchAndDevelopmentExpenses": 4569000,
        "generalAndAdministrativeExpenses": 4758000,
        "sellingAndMarketingExpenses": 3788000,
        "sellingGeneralAndAdministrativeExpenses": 8546000,
        "otherExpenses": -40000,
        "operatingExpenses": 13075000,
        "costAndExpenses": 42160000,
        "interestIncome": 0,
        "interestExpense": 266000,
        "depreciationAndAmortization": 4981000,
        "ebitda": 3648000,
        "ebitdaratio": 0.0796367447,
        "operatingIncome": 3648000,
        "operatingIncomeRatio": 0.0796367447,
        "totalOtherIncomeExpensesNet": -341000,
        "incomeBeforeTax": 3307000,
        "incomeBeforeTaxRatio": 0.0721926301,
        "incomeTaxExpense": 1041000,
        "netIncome": 2255000,
        "netIncomeRatio": 0.0492272092,
        "eps": 0.05,
        "epsdiluted": 0.05,
        "weightedAverageShsOut": 45573000,
        "weightedAverageShsOutDil": 46695000,
        "link": "https://www.sec.gov/Archives/edgar/data/1111928/000095012309058842/0000950123-09-058842-index.htm",
        "finalLink": "https://www.sec.gov/Archives/edgar/data/1111928/000095012309058842/b77453e10vq.htm"
    },
    {
        "date": "2009-06-30",
        "symbol": "IPGP",
        "reportedCurrency": "USD",
        "cik": "0001111928",
        "fillingDate": "2009-08-10",
        "acceptedDate": "2009-08-10 16:02:46",
        "calendarYear": "2009",
        "period": "Q2",
        "revenue": 40385000,
        "costOfRevenue": 28613000,
        "grossProfit": 11772000,
        "grossProfitRatio": 0.2914943667,
        "researchAndDevelopmentExpenses": 4734000,
        "generalAndAdministrativeExpenses": 4944000,
        "sellingAndMarketingExpenses": 3880000,
        "sellingGeneralAndAdministrativeExpenses": 8824000,
        "otherExpenses": 0,
        "operatingExpenses": 13558000,
        "costAndExpenses": 42171000,
        "interestIncome": 0,
        "interestExpense": 367000,
        "depreciationAndAmortization": 4663000,
        "ebitda": 3341000,
        "ebitdaratio": 0.0827287359,
        "operatingIncome": -1286000,
        "operatingIncomeRatio": -0.0318435063,
        "totalOtherIncomeExpensesNet": -403000,
        "incomeBeforeTax": -1689000,
        "incomeBeforeTaxRatio": -0.0418224588,
        "incomeTaxExpense": -524000,
        "netIncome": -1229000,
        "netIncomeRatio": -0.0304320911,
        "eps": -0.0271,
        "epsdiluted": -0.0271,
        "weightedAverageShsOut": 45431000,
        "weightedAverageShsOutDil": 45431000,
        "link": "https://www.sec.gov/Archives/edgar/data/1111928/000095012309032860/0000950123-09-032860-index.htm",
        "finalLink": "https://www.sec.gov/Archives/edgar/data/1111928/000095012309032860/b76208e10vq.htm"
    },
    {
        "date": "2009-03-31",
        "symbol": "IPGP",
        "reportedCurrency": "USD",
        "cik": "0001111928",
        "fillingDate": "2009-05-11",
        "acceptedDate": "2009-05-11 16:41:45",
        "calendarYear": "2009",
        "period": "Q1",
        "revenue": 45408000,
        "costOfRevenue": 29547000,
        "grossProfit": 15861000,
        "grossProfitRatio": 0.3492996829,
        "researchAndDevelopmentExpenses": 4142000,
        "generalAndAdministrativeExpenses": 4990000,
        "sellingAndMarketingExpenses": 3189000,
        "sellingGeneralAndAdministrativeExpenses": 8179000,
        "otherExpenses": 1515000,
        "operatingExpenses": 13836000,
        "costAndExpenses": 43383000,
        "interestIncome": 0,
        "interestExpense": 390000,
        "depreciationAndAmortization": 4380000,
        "ebitda": 6257000,
        "ebitdaratio": 0.1377951022,
        "operatingIncome": 2025000,
        "operatingIncomeRatio": 0.044595666,
        "totalOtherIncomeExpensesNet": -538000,
        "incomeBeforeTax": 1487000,
        "incomeBeforeTaxRatio": 0.0327475335,
        "incomeTaxExpense": 461000,
        "netIncome": 1271000,
        "netIncomeRatio": 0.0279906624,
        "eps": 0.03,
        "epsdiluted": 0.03,
        "weightedAverageShsOut": 45094000,
        "weightedAverageShsOutDil": 46152000,
        "link": "https://www.sec.gov/Archives/edgar/data/1111928/000095013509003863/0000950135-09-003863-index.htm",
        "finalLink": "https://www.sec.gov/Archives/edgar/data/1111928/000095013509003863/b75196ipe10vq.htm"
    },
    {
        "date": "2008-12-31",
        "symbol": "IPGP",
        "reportedCurrency": "USD",
        "cik": "0001111928",
        "fillingDate": "2009-03-12",
        "acceptedDate": "2009-03-11 18:45:51",
        "calendarYear": "2008",
        "period": "Q4",
        "revenue": 58194000,
        "costOfRevenue": 31663000,
        "grossProfit": 26531000,
        "grossProfitRatio": 0.4559061072,
        "researchAndDevelopmentExpenses": 4353000,
        "generalAndAdministrativeExpenses": 7384000,
        "sellingAndMarketingExpenses": 0,
        "sellingGeneralAndAdministrativeExpenses": 7384000,
        "otherExpenses": 0,
        "operatingExpenses": 11737000,
        "costAndExpenses": 43400000,
        "interestIncome": 0,
        "interestExpense": 0,
        "depreciationAndAmortization": 4733000,
        "ebitda": 19527000,
        "ebitdaratio": 0.3355500567,
        "operatingIncome": 14794000,
        "operatingIncomeRatio": 0.254218648,
        "totalOtherIncomeExpensesNet": -593000,
        "incomeBeforeTax": 14201000,
        "incomeBeforeTaxRatio": 0.244028594,
        "incomeTaxExpense": 4746000,
        "netIncome": 9060000,
        "netIncomeRatio": 0.1556861532,
        "eps": 0.2,
        "epsdiluted": 0.2,
        "weightedAverageShsOut": 44888000,
        "weightedAverageShsOutDil": 45094000,
        "link": "https://www.sec.gov/Archives/edgar/data/1111928/000095013509001664/0000950135-09-001664-index.htm",
        "finalLink": "https://www.sec.gov/Archives/edgar/data/1111928/000095013509001664/b73458ipe10vk.htm"
    },
    {
        "date": "2008-09-30",
        "symbol": "IPGP",
        "reportedCurrency": "USD",
        "cik": "0001111928",
        "fillingDate": "2008-11-10",
        "acceptedDate": "2008-11-10 16:00:38",
        "calendarYear": "2008",
        "period": "Q3",
        "revenue": 62012000,
        "costOfRevenue": 32590000,
        "grossProfit": 29422000,
        "grossProfitRatio": 0.4744565568,
        "researchAndDevelopmentExpenses": 4130000,
        "generalAndAdministrativeExpenses": 8203000,
        "sellingAndMarketingExpenses": 0,
        "sellingGeneralAndAdministrativeExpenses": 8203000,
        "otherExpenses": 0,
        "operatingExpenses": 12333000,
        "costAndExpenses": 44923000,
        "interestIncome": 0,
        "interestExpense": 0,
        "depreciationAndAmortization": 3576000,
        "ebitda": 17089000,
        "ebitdaratio": 0.275575695,
        "operatingIncome": 17089000,
        "operatingIncomeRatio": 0.275575695,
        "totalOtherIncomeExpensesNet": -297000,
        "incomeBeforeTax": 16792000,
        "incomeBeforeTaxRatio": 0.2707862994,
        "incomeTaxExpense": 5310000,
        "netIncome": 10893000,
        "netIncomeRatio": 0.1756595498,
        "eps": 0.24,
        "epsdiluted": 0.23,
        "weightedAverageShsOut": 44685000,
        "weightedAverageShsOutDil": 46375000,
        "link": "https://www.sec.gov/Archives/edgar/data/1111928/000095013508007095/0000950135-08-007095-index.htm",
        "finalLink": "https://www.sec.gov/Archives/edgar/data/1111928/000095013508007095/b72660ipe10vq.htm"
    },
    {
        "date": "2008-06-30",
        "symbol": "IPGP",
        "reportedCurrency": "USD",
        "cik": "0001111928",
        "fillingDate": "2008-08-11",
        "acceptedDate": "2008-08-11 08:01:23",
        "calendarYear": "2008",
        "period": "Q2",
        "revenue": 55994000,
        "costOfRevenue": 29047000,
        "grossProfit": 26947000,
        "grossProfitRatio": 0.4812479909,
        "researchAndDevelopmentExpenses": 4447000,
        "generalAndAdministrativeExpenses": 9727000,
        "sellingAndMarketingExpenses": 0,
        "sellingGeneralAndAdministrativeExpenses": 9727000,
        "otherExpenses": 0,
        "operatingExpenses": 14174000,
        "costAndExpenses": 43221000,
        "interestIncome": 0,
        "interestExpense": 183000,
        "depreciationAndAmortization": 3916000,
        "ebitda": 16200000,
        "ebitdaratio": 0.2893167125,
        "operatingIncome": 12773000,
        "operatingIncomeRatio": 0.2281137265,
        "totalOtherIncomeExpensesNet": 306000,
        "incomeBeforeTax": 13079000,
        "incomeBeforeTaxRatio": 0.2335785977,
        "incomeTaxExpense": 4058000,
        "netIncome": 8552000,
        "netIncomeRatio": 0.1527306497,
        "eps": 0.19,
        "epsdiluted": 0.19,
        "weightedAverageShsOut": 44355000,
        "weightedAverageShsOutDil": 46132000,
        "link": "https://www.sec.gov/Archives/edgar/data/1111928/000095013508005498/0000950135-08-005498-index.htm",
        "finalLink": "https://www.sec.gov/Archives/edgar/data/1111928/000095013508005498/b71180ipe10vq.htm"
    },
    {
        "date": "2008-03-31",
        "symbol": "IPGP",
        "reportedCurrency": "USD",
        "cik": "0001111928",
        "fillingDate": "2008-05-12",
        "acceptedDate": "2008-05-12 08:00:35",
        "calendarYear": "2008",
        "period": "Q1",
        "revenue": 52876000,
        "costOfRevenue": 28476000,
        "grossProfit": 24400000,
        "grossProfitRatio": 0.4614569937,
        "researchAndDevelopmentExpenses": 2874000,
        "generalAndAdministrativeExpenses": 8986000,
        "sellingAndMarketingExpenses": 0,
        "sellingGeneralAndAdministrativeExpenses": 8986000,
        "otherExpenses": 0,
        "operatingExpenses": 11860000,
        "costAndExpenses": 40336000,
        "interestIncome": 0,
        "interestExpense": 95000,
        "depreciationAndAmortization": 3609000,
        "ebitda": 16102000,
        "ebitdaratio": 0.3045237915,
        "operatingIncome": 12540000,
        "operatingIncomeRatio": 0.2371586353,
        "totalOtherIncomeExpensesNet": -48000,
        "incomeBeforeTax": 12492000,
        "incomeBeforeTaxRatio": 0.236250851,
        "incomeTaxExpense": 3997000,
        "netIncome": 8149000,
        "netIncomeRatio": 0.1541152886,
        "eps": 0.18,
        "epsdiluted": 0.18,
        "weightedAverageShsOut": 44095000,
        "weightedAverageShsOutDil": 46041000,
        "link": "https://www.sec.gov/Archives/edgar/data/1111928/000095013508003610/0000950135-08-003610-index.htm",
        "finalLink": "https://www.sec.gov/Archives/edgar/data/1111928/000095013508003610/b69713ige10vq.htm"
    },
    {
        "date": "2007-12-31",
        "symbol": "IPGP",
        "reportedCurrency": "USD",
        "cik": "0001111928",
        "fillingDate": "2008-03-13",
        "acceptedDate": "2008-03-13 07:33:21",
        "calendarYear": "2007",
        "period": "Q4",
        "revenue": 55067000,
        "costOfRevenue": 31440000,
        "grossProfit": 23627000,
        "grossProfitRatio": 0.4290591461,
        "researchAndDevelopmentExpenses": 2656000,
        "generalAndAdministrativeExpenses": 8619000,
        "sellingAndMarketingExpenses": 0,
        "sellingGeneralAndAdministrativeExpenses": 8619000,
        "otherExpenses": 0,
        "operatingExpenses": 11275000,
        "costAndExpenses": 42715000,
        "interestIncome": 0,
        "interestExpense": 674000,
        "depreciationAndAmortization": 3749000,
        "ebitda": 16101000,
        "ebitdaratio": 0.2923892713,
        "operatingIncome": 12352000,
        "operatingIncomeRatio": 0.2243085696,
        "totalOtherIncomeExpensesNet": 230000,
        "incomeBeforeTax": 12582000,
        "incomeBeforeTaxRatio": 0.2284852997,
        "incomeTaxExpense": 3899000,
        "netIncome": 8337000,
        "netIncomeRatio": 0.1513973886,
        "eps": 0.19,
        "epsdiluted": 0.19,
        "weightedAverageShsOut": 43827000,
        "weightedAverageShsOutDil": 44095000,
        "link": "https://www.sec.gov/Archives/edgar/data/1111928/000095013508001746/0000950135-08-001746-index.htm",
        "finalLink": "https://www.sec.gov/Archives/edgar/data/1111928/000095013508001746/b68195ipe10vk.htm"
    },
    {
        "date": "2007-09-30",
        "symbol": "IPGP",
        "reportedCurrency": "USD",
        "cik": "0001111928",
        "fillingDate": "2007-11-09",
        "acceptedDate": "2007-11-08 19:34:48",
        "calendarYear": "2007",
        "period": "Q3",
        "revenue": 47905000,
        "costOfRevenue": 26200000,
        "grossProfit": 21705000,
        "grossProfitRatio": 0.4530842292,
        "researchAndDevelopmentExpenses": 2354000,
        "generalAndAdministrativeExpenses": 6537000,
        "sellingAndMarketingExpenses": 0,
        "sellingGeneralAndAdministrativeExpenses": 6537000,
        "otherExpenses": 0,
        "operatingExpenses": 8891000,
        "costAndExpenses": 35091000,
        "interestIncome": 0,
        "interestExpense": 0,
        "depreciationAndAmortization": 3145000,
        "ebitda": 12814000,
        "ebitdaratio": 0.2674877361,
        "operatingIncome": 12814000,
        "operatingIncomeRatio": 0.2674877361,
        "totalOtherIncomeExpensesNet": 507000,
        "incomeBeforeTax": 13321000,
        "incomeBeforeTaxRatio": 0.2780711825,
        "incomeTaxExpense": 3505000,
        "netIncome": 8557000,
        "netIncomeRatio": 0.1786243607,
        "eps": 0.2,
        "epsdiluted": 0.19,
        "weightedAverageShsOut": 43362000,
        "weightedAverageShsOutDil": 45731000,
        "link": "https://www.sec.gov/Archives/edgar/data/1111928/000095013507006860/0000950135-07-006860-index.htm",
        "finalLink": "https://www.sec.gov/Archives/edgar/data/1111928/000095013507006860/b67200ipe10vq.htm"
    },
    {
        "date": "2007-06-30",
        "symbol": "IPGP",
        "reportedCurrency": "USD",
        "cik": "0001111928",
        "fillingDate": "2007-08-13",
        "acceptedDate": "2007-08-13 16:15:32",
        "calendarYear": "2007",
        "period": "Q2",
        "revenue": 43952000,
        "costOfRevenue": 23633000,
        "grossProfit": 20319000,
        "grossProfitRatio": 0.4622997816,
        "researchAndDevelopmentExpenses": 2388000,
        "generalAndAdministrativeExpenses": 7825000,
        "sellingAndMarketingExpenses": 0,
        "sellingGeneralAndAdministrativeExpenses": 7825000,
        "otherExpenses": 0,
        "operatingExpenses": 10213000,
        "costAndExpenses": 33846000,
        "interestIncome": 0,
        "interestExpense": 0,
        "depreciationAndAmortization": 2685000,
        "ebitda": 10106000,
        "ebitdaratio": 0.2299326538,
        "operatingIncome": 10106000,
        "operatingIncomeRatio": 0.2299326538,
        "totalOtherIncomeExpensesNet": 109000,
        "incomeBeforeTax": 10215000,
        "incomeBeforeTaxRatio": 0.232412632,
        "incomeTaxExpense": 3611000,
        "netIncome": 6388000,
        "netIncomeRatio": 0.1453403713,
        "eps": 0.15,
        "epsdiluted": 0.14,
        "weightedAverageShsOut": 42974000,
        "weightedAverageShsOutDil": 45631000,
        "link": "https://www.sec.gov/Archives/edgar/data/1111928/000095013507005013/0000950135-07-005013-index.htm",
        "finalLink": "https://www.sec.gov/Archives/edgar/data/1111928/000095013507005013/b66175ipe10vq.htm"
    },
    {
        "date": "2007-03-31",
        "symbol": "IPGP",
        "reportedCurrency": "USD",
        "cik": "0001111928",
        "fillingDate": "2007-05-15",
        "acceptedDate": "2007-05-15 13:47:28",
        "calendarYear": "2007",
        "period": "Q1",
        "revenue": 41753000,
        "costOfRevenue": 22422000,
        "grossProfit": 19331000,
        "grossProfitRatio": 0.4629846957,
        "researchAndDevelopmentExpenses": 2129000,
        "generalAndAdministrativeExpenses": 6150000,
        "sellingAndMarketingExpenses": 0,
        "sellingGeneralAndAdministrativeExpenses": 6150000,
        "otherExpenses": 0,
        "operatingExpenses": 8279000,
        "costAndExpenses": 30701000,
        "interestIncome": 0,
        "interestExpense": 0,
        "depreciationAndAmortization": 2725000,
        "ebitda": 11052000,
        "ebitdaratio": 0.2646995425,
        "operatingIncome": 11052000,
        "operatingIncomeRatio": 0.2646995425,
        "totalOtherIncomeExpensesNet": 440000,
        "incomeBeforeTax": 11492000,
        "incomeBeforeTaxRatio": 0.2752377075,
        "incomeTaxExpense": 4507000,
        "netIncome": 6613000,
        "netIncomeRatio": 0.1583838287,
        "eps": 0.15,
        "epsdiluted": 0.15,
        "weightedAverageShsOut": 42909000,
        "weightedAverageShsOutDil": 45602000,
        "link": "https://www.sec.gov/Archives/edgar/data/1111928/000095013507003173/0000950135-07-003173-index.htm",
        "finalLink": "https://www.sec.gov/Archives/edgar/data/1111928/000095013507003173/b65210ipe10vq.htm"
    },
    {
        "date": "2006-12-31",
        "symbol": "IPGP",
        "reportedCurrency": "USD",
        "cik": "0001111928",
        "fillingDate": "2007-03-29",
        "acceptedDate": "2007-03-29 16:52:24",
        "calendarYear": "2006",
        "period": "Q4",
        "revenue": 42097000,
        "costOfRevenue": 21948000,
        "grossProfit": 20149000,
        "grossProfitRatio": 0.4786326817,
        "researchAndDevelopmentExpenses": 2230000,
        "generalAndAdministrativeExpenses": 14522000,
        "sellingAndMarketingExpenses": 6222000,
        "sellingGeneralAndAdministrativeExpenses": 7281000,
        "otherExpenses": 0,
        "operatingExpenses": 9511000,
        "costAndExpenses": 31459000,
        "interestIncome": 0,
        "interestExpense": 0,
        "depreciationAndAmortization": 3441000,
        "ebitda": 14079000,
        "ebitdaratio": 0.3344418842,
        "operatingIncome": 10638000,
        "operatingIncomeRatio": 0.2527020928,
        "totalOtherIncomeExpensesNet": -2623000,
        "incomeBeforeTax": 8015000,
        "incomeBeforeTaxRatio": 0.1903936147,
        "incomeTaxExpense": -9592000,
        "netIncome": 16636000,
        "netIncomeRatio": 0.3951825546,
        "eps": 0.61,
        "epsdiluted": 0.61,
        "weightedAverageShsOut": 27052000,
        "weightedAverageShsOutDil": 27052000,
        "link": "https://www.sec.gov/Archives/edgar/data/1111928/000095013507001932/0000950135-07-001932-index.htm",
        "finalLink": "https://www.sec.gov/Archives/edgar/data/1111928/000095013507001932/b63681ipe10vk.htm"
    },
    {
        "date": "2006-09-30",
        "symbol": "IPGP",
        "reportedCurrency": "USD",
        "cik": "0001111928",
        "fillingDate": "2006-09-30",
        "acceptedDate": "2006-09-29 20:00:00",
        "calendarYear": "2006",
        "period": "Q3",
        "revenue": 36201000,
        "costOfRevenue": 18864000,
        "grossProfit": 17337000,
        "grossProfitRatio": 0.4789094224,
        "researchAndDevelopmentExpenses": 1692000,
        "generalAndAdministrativeExpenses": 0,
        "sellingAndMarketingExpenses": 0,
        "sellingGeneralAndAdministrativeExpenses": 5307000,
        "otherExpenses": 0,
        "operatingExpenses": 6999000,
        "costAndExpenses": 25863000,
        "interestIncome": 0,
        "interestExpense": 0,
        "depreciationAndAmortization": 1910000,
        "ebitda": 12248000,
        "ebitdaratio": 0.3383331952,
        "operatingIncome": 10338000,
        "operatingIncomeRatio": 0.2855722218,
        "totalOtherIncomeExpensesNet": -2348000,
        "incomeBeforeTax": 7990000,
        "incomeBeforeTaxRatio": 0.220712135,
        "incomeTaxExpense": 999000,
        "netIncome": 6479000,
        "netIncomeRatio": 0.1789729565,
        "eps": 0.24,
        "epsdiluted": 0.2,
        "weightedAverageShsOut": 27304000,
        "weightedAverageShsOutDil": 32859000,
        "link": "",
        "finalLink": ""
    },
    {
        "date": "2006-06-30",
        "symbol": "IPGP",
        "reportedCurrency": "USD",
        "cik": "0001111928",
        "fillingDate": "2006-06-30",
        "acceptedDate": "2006-06-29 20:00:00",
        "calendarYear": "2006",
        "period": "Q2",
        "revenue": 32464000,
        "costOfRevenue": 19560000,
        "grossProfit": 12904000,
        "grossProfitRatio": 0.3974864465,
        "researchAndDevelopmentExpenses": 1311000,
        "generalAndAdministrativeExpenses": 0,
        "sellingAndMarketingExpenses": 0,
        "sellingGeneralAndAdministrativeExpenses": 4078000,
        "otherExpenses": 0,
        "operatingExpenses": 5389000,
        "costAndExpenses": 24949000,
        "interestIncome": 0,
        "interestExpense": 0,
        "depreciationAndAmortization": 1104000,
        "ebitda": 8619000,
        "ebitdaratio": 0.2654940858,
        "operatingIncome": 7515000,
        "operatingIncomeRatio": 0.2314871858,
        "totalOtherIncomeExpensesNet": -707000,
        "incomeBeforeTax": 6057000,
        "incomeBeforeTaxRatio": 0.1865758995,
        "incomeTaxExpense": 2799000,
        "netIncome": 3059000,
        "netIncomeRatio": 0.0942274519,
        "eps": 0.11,
        "epsdiluted": 0.0982,
        "weightedAverageShsOut": 27074000,
        "weightedAverageShsOutDil": 31156000,
        "link": "",
        "finalLink": ""
    },
    {
        "date": "2006-03-31",
        "symbol": "IPGP",
        "reportedCurrency": "USD",
        "cik": "0001111928",
        "fillingDate": "2006-03-31",
        "acceptedDate": "2006-03-30 19:00:00",
        "calendarYear": "2006",
        "period": "Q1",
        "revenue": 32464000,
        "costOfRevenue": 0,
        "grossProfit": 32464000,
        "grossProfitRatio": 1,
        "researchAndDevelopmentExpenses": 0,
        "generalAndAdministrativeExpenses": 0,
        "sellingAndMarketingExpenses": 0,
        "sellingGeneralAndAdministrativeExpenses": 0,
        "otherExpenses": 0,
        "operatingExpenses": 0,
        "costAndExpenses": 0,
        "interestIncome": 0,
        "interestExpense": 0,
        "depreciationAndAmortization": 0,
        "ebitda": 32464000,
        "ebitdaratio": 1,
        "operatingIncome": 32464000,
        "operatingIncomeRatio": 1,
        "totalOtherIncomeExpensesNet": -32464000,
        "incomeBeforeTax": 0,
        "incomeBeforeTaxRatio": 0,
        "incomeTaxExpense": -3059000,
        "netIncome": 3059000,
        "netIncomeRatio": 0.0942274519,
        "eps": 0.055,
        "epsdiluted": 0.055,
        "weightedAverageShsOut": 40385000,
        "weightedAverageShsOutDil": 49584000,
        "link": "",
        "finalLink": ""
    },
    {
        "date": "2005-12-31",
        "symbol": "IPGP",
        "reportedCurrency": "USD",
        "cik": "0001111928",
        "fillingDate": "2005-12-31",
        "acceptedDate": "2005-12-30 19:00:00",
        "calendarYear": "2005",
        "period": "Q4",
        "revenue": 27377000,
        "costOfRevenue": 0,
        "grossProfit": 27377000,
        "grossProfitRatio": 1,
        "researchAndDevelopmentExpenses": 0,
        "generalAndAdministrativeExpenses": 0,
        "sellingAndMarketingExpenses": 0,
        "sellingGeneralAndAdministrativeExpenses": 0,
        "otherExpenses": -82103000,
        "operatingExpenses": -82103000,
        "costAndExpenses": -82103000,
        "interestIncome": 0,
        "interestExpense": 0,
        "depreciationAndAmortization": 0,
        "ebitda": -54726000,
        "ebitdaratio": -1.9989772437,
        "operatingIncome": -54726000,
        "operatingIncomeRatio": -1.9989772437,
        "totalOtherIncomeExpensesNet": 54726000,
        "incomeBeforeTax": 0,
        "incomeBeforeTaxRatio": 0,
        "incomeTaxExpense": -2638000,
        "netIncome": 2638000,
        "netIncomeRatio": 0.0963582569,
        "eps": 0.067,
        "epsdiluted": 0.067,
        "weightedAverageShsOut": 39348000,
        "weightedAverageShsOutDil": 39348000,
        "link": "",
        "finalLink": ""
    },
    {
        "date": "2005-09-30",
        "symbol": "IPGP",
        "reportedCurrency": "USD",
        "cik": "0001111928",
        "fillingDate": "2005-09-30",
        "acceptedDate": "2005-09-29 20:00:00",
        "calendarYear": "2005",
        "period": "Q3",
        "revenue": 27378000,
        "costOfRevenue": 0,
        "grossProfit": 27378000,
        "grossProfitRatio": 1,
        "researchAndDevelopmentExpenses": 0,
        "generalAndAdministrativeExpenses": 0,
        "sellingAndMarketingExpenses": 0,
        "sellingGeneralAndAdministrativeExpenses": 0,
        "otherExpenses": 0,
        "operatingExpenses": 0,
        "costAndExpenses": 0,
        "interestIncome": 0,
        "interestExpense": 0,
        "depreciationAndAmortization": 0,
        "ebitda": 27378000,
        "ebitdaratio": 1,
        "operatingIncome": 27378000,
        "operatingIncomeRatio": 1,
        "totalOtherIncomeExpensesNet": -27378000,
        "incomeBeforeTax": 0,
        "incomeBeforeTaxRatio": 0,
        "incomeTaxExpense": -2639000,
        "netIncome": 2639000,
        "netIncomeRatio": 0.0963912631,
        "eps": 0.045,
        "epsdiluted": 0.045,
        "weightedAverageShsOut": 39348000,
        "weightedAverageShsOutDil": 45252000,
        "link": "",
        "finalLink": ""
    },
    {
        "date": "2005-06-30",
        "symbol": "IPGP",
        "reportedCurrency": "USD",
        "cik": "0001111928",
        "fillingDate": "2005-06-30",
        "acceptedDate": "2005-06-29 20:00:00",
        "calendarYear": "2005",
        "period": "Q2",
        "revenue": 20815000,
        "costOfRevenue": 0,
        "grossProfit": 20815000,
        "grossProfitRatio": 1,
        "researchAndDevelopmentExpenses": 0,
        "generalAndAdministrativeExpenses": 0,
        "sellingAndMarketingExpenses": 0,
        "sellingGeneralAndAdministrativeExpenses": 0,
        "otherExpenses": 0,
        "operatingExpenses": 0,
        "costAndExpenses": 0,
        "interestIncome": 0,
        "interestExpense": 0,
        "depreciationAndAmortization": 0,
        "ebitda": 20815000,
        "ebitdaratio": 1,
        "operatingIncome": 20815000,
        "operatingIncomeRatio": 1,
        "totalOtherIncomeExpensesNet": -20815000,
        "incomeBeforeTax": 0,
        "incomeBeforeTaxRatio": 0,
        "incomeTaxExpense": -1075000,
        "netIncome": 1075000,
        "netIncomeRatio": 0.051645448,
        "eps": 0.01,
        "epsdiluted": 0.01,
        "weightedAverageShsOut": 39008000,
        "weightedAverageShsOutDil": 44912000,
        "link": "",
        "finalLink": ""
    },
    {
        "date": "2005-03-31",
        "symbol": "IPGP",
        "reportedCurrency": "USD",
        "cik": "0001111928",
        "fillingDate": "2005-03-31",
        "acceptedDate": "2005-03-30 19:00:00",
        "calendarYear": "2005",
        "period": "Q1",
        "revenue": 20815000,
        "costOfRevenue": 0,
        "grossProfit": 20815000,
        "grossProfitRatio": 1,
        "researchAndDevelopmentExpenses": 0,
        "generalAndAdministrativeExpenses": 0,
        "sellingAndMarketingExpenses": 0,
        "sellingGeneralAndAdministrativeExpenses": 0,
        "otherExpenses": 0,
        "operatingExpenses": 0,
        "costAndExpenses": 0,
        "interestIncome": 0,
        "interestExpense": 0,
        "depreciationAndAmortization": 0,
        "ebitda": 20815000,
        "ebitdaratio": 1,
        "operatingIncome": 20815000,
        "operatingIncomeRatio": 1,
        "totalOtherIncomeExpensesNet": -20815000,
        "incomeBeforeTax": 0,
        "incomeBeforeTaxRatio": 0,
        "incomeTaxExpense": -1075000,
        "netIncome": 1075000,
        "netIncomeRatio": 0.051645448,
        "eps": 0.01,
        "epsdiluted": 0.01,
        "weightedAverageShsOut": 39008000,
        "weightedAverageShsOutDil": 44912000,
        "link": "",
        "finalLink": ""
    },
    {
        "date": "2004-12-31",
        "symbol": "IPGP",
        "reportedCurrency": "USD",
        "cik": "0001111928",
        "fillingDate": "2004-12-31",
        "acceptedDate": "2004-12-30 19:00:00",
        "calendarYear": "2004",
        "period": "Q4",
        "revenue": 15177000,
        "costOfRevenue": 0,
        "grossProfit": 15177000,
        "grossProfitRatio": 1,
        "researchAndDevelopmentExpenses": 0,
        "generalAndAdministrativeExpenses": 0,
        "sellingAndMarketingExpenses": 0,
        "sellingGeneralAndAdministrativeExpenses": 0,
        "otherExpenses": -57647000,
        "operatingExpenses": -57647000,
        "costAndExpenses": -57647000,
        "interestIncome": 0,
        "interestExpense": 0,
        "depreciationAndAmortization": 0,
        "ebitda": -42470000,
        "ebitdaratio": -2.7983132371,
        "operatingIncome": -42470000,
        "operatingIncomeRatio": -2.7983132371,
        "totalOtherIncomeExpensesNet": 42470000,
        "incomeBeforeTax": 0,
        "incomeBeforeTaxRatio": 0,
        "incomeTaxExpense": -503000,
        "netIncome": 503000,
        "netIncomeRatio": 0.0331422547,
        "eps": 0.013,
        "epsdiluted": 0.013,
        "weightedAverageShsOut": 38547000,
        "weightedAverageShsOutDil": 38547000,
        "link": "",
        "finalLink": ""
    },
    {
        "date": "2004-09-30",
        "symbol": "IPGP",
        "reportedCurrency": "USD",
        "cik": "0001111928",
        "fillingDate": "2004-09-30",
        "acceptedDate": "2004-09-29 20:00:00",
        "calendarYear": "2004",
        "period": "Q3",
        "revenue": 15177000,
        "costOfRevenue": 0,
        "grossProfit": 15177000,
        "grossProfitRatio": 1,
        "researchAndDevelopmentExpenses": 0,
        "generalAndAdministrativeExpenses": 0,
        "sellingAndMarketingExpenses": 0,
        "sellingGeneralAndAdministrativeExpenses": 0,
        "otherExpenses": 0,
        "operatingExpenses": 0,
        "costAndExpenses": 0,
        "interestIncome": 0,
        "interestExpense": 0,
        "depreciationAndAmortization": 0,
        "ebitda": 15177000,
        "ebitdaratio": 1,
        "operatingIncome": 15177000,
        "operatingIncomeRatio": 1,
        "totalOtherIncomeExpensesNet": -15177000,
        "incomeBeforeTax": 0,
        "incomeBeforeTaxRatio": 0,
        "incomeTaxExpense": -503000,
        "netIncome": 503000,
        "netIncomeRatio": 0.0331422547,
        "eps": 0.0025,
        "epsdiluted": 0.0025,
        "weightedAverageShsOut": 38547000,
        "weightedAverageShsOutDil": 38547000,
        "link": "",
        "finalLink": ""
    },
    {
        "date": "2004-06-30",
        "symbol": "IPGP",
        "reportedCurrency": "USD",
        "cik": "0001111928",
        "fillingDate": "2004-06-30",
        "acceptedDate": "2004-06-29 20:00:00",
        "calendarYear": "2004",
        "period": "Q2",
        "revenue": 15177000,
        "costOfRevenue": 0,
        "grossProfit": 15177000,
        "grossProfitRatio": 1,
        "researchAndDevelopmentExpenses": 0,
        "generalAndAdministrativeExpenses": 0,
        "sellingAndMarketingExpenses": 0,
        "sellingGeneralAndAdministrativeExpenses": 0,
        "otherExpenses": 0,
        "operatingExpenses": 0,
        "costAndExpenses": 0,
        "interestIncome": 0,
        "interestExpense": 0,
        "depreciationAndAmortization": 0,
        "ebitda": 15177000,
        "ebitdaratio": 1,
        "operatingIncome": 15177000,
        "operatingIncomeRatio": 1,
        "totalOtherIncomeExpensesNet": -15177000,
        "incomeBeforeTax": 0,
        "incomeBeforeTaxRatio": 0,
        "incomeTaxExpense": -503000,
        "netIncome": 503000,
        "netIncomeRatio": 0.0331422547,
        "eps": 0.0025,
        "epsdiluted": 0.0025,
        "weightedAverageShsOut": 38547000,
        "weightedAverageShsOutDil": 38547000,
        "link": "",
        "finalLink": ""
    },
    {
        "date": "2004-03-31",
        "symbol": "IPGP",
        "reportedCurrency": "USD",
        "cik": "0001111928",
        "fillingDate": "2004-03-31",
        "acceptedDate": "2004-03-30 19:00:00",
        "calendarYear": "2004",
        "period": "Q1",
        "revenue": 15177000,
        "costOfRevenue": 0,
        "grossProfit": 15177000,
        "grossProfitRatio": 1,
        "researchAndDevelopmentExpenses": 0,
        "generalAndAdministrativeExpenses": 0,
        "sellingAndMarketingExpenses": 0,
        "sellingGeneralAndAdministrativeExpenses": 0,
        "otherExpenses": 0,
        "operatingExpenses": 0,
        "costAndExpenses": 0,
        "interestIncome": 0,
        "interestExpense": 0,
        "depreciationAndAmortization": 0,
        "ebitda": 15177000,
        "ebitdaratio": 1,
        "operatingIncome": 15177000,
        "operatingIncomeRatio": 1,
        "totalOtherIncomeExpensesNet": -15177000,
        "incomeBeforeTax": 0,
        "incomeBeforeTaxRatio": 0,
        "incomeTaxExpense": -503000,
        "netIncome": 503000,
        "netIncomeRatio": 0.0331422547,
        "eps": 0.0025,
        "epsdiluted": 0.0025,
        "weightedAverageShsOut": 38547000,
        "weightedAverageShsOutDil": 38547000,
        "link": "",
        "finalLink": ""
    }
]