[
    {
        "date": "2025-06-30",
        "symbol": "IQ",
        "reportedCurrency": "CNY",
        "cik": "0001722608",
        "fillingDate": "2025-08-20",
        "acceptedDate": "2025-08-20 08:45:45",
        "calendarYear": "2025",
        "period": "Q2",
        "revenue": 6628248000,
        "costOfRevenue": 5292894000,
        "grossProfit": 1335354000,
        "grossProfitRatio": 0.2014640973,
        "researchAndDevelopmentExpenses": 421918000,
        "generalAndAdministrativeExpenses": 0,
        "sellingAndMarketingExpenses": 0,
        "sellingGeneralAndAdministrativeExpenses": 959604000,
        "otherExpenses": 0,
        "operatingExpenses": 1381522000,
        "costAndExpenses": 6674416000,
        "interestIncome": 87779000,
        "interestExpense": 235267000,
        "depreciationAndAmortization": 0,
        "ebitda": 127202000,
        "ebitdaratio": 0.0191908933,
        "operatingIncome": -46168000,
        "operatingIncomeRatio": -0.0069653399,
        "totalOtherIncomeExpensesNet": -61897000,
        "incomeBeforeTax": -108065000,
        "incomeBeforeTaxRatio": -0.016303705,
        "incomeTaxExpense": 27155000,
        "netIncome": -133708000,
        "netIncomeRatio": -0.0201724498,
        "eps": -0.14,
        "epsdiluted": -0.14,
        "weightedAverageShsOut": 963366285,
        "weightedAverageShsOutDil": 963366285,
        "link": "https://www.sec.gov/Archives/edgar/data/1722608/000119312525183788/0001193125-25-183788-index.htm",
        "finalLink": "https://www.sec.gov/Archives/edgar/data/1722608/000119312525183788/d55275dex991.htm"
    },
    {
        "date": "2025-03-31",
        "symbol": "IQ",
        "reportedCurrency": "CNY",
        "cik": "0001722608",
        "fillingDate": "2025-05-21",
        "acceptedDate": "2025-05-21 09:04:38",
        "calendarYear": "2025",
        "period": "Q1",
        "revenue": 7186469000,
        "costOfRevenue": 5406341000,
        "grossProfit": 1780128000,
        "grossProfitRatio": 0.2477055143,
        "researchAndDevelopmentExpenses": 412489000,
        "generalAndAdministrativeExpenses": 0,
        "sellingAndMarketingExpenses": 0,
        "sellingGeneralAndAdministrativeExpenses": 1025742000,
        "otherExpenses": 0,
        "operatingExpenses": 1438231000,
        "costAndExpenses": 6844572000,
        "interestIncome": 78756000,
        "interestExpense": 233429000,
        "depreciationAndAmortization": 1933046750,
        "ebitda": 460649000,
        "ebitdaratio": 0.0640994903,
        "operatingIncome": 341897000,
        "operatingIncomeRatio": 0.0475751026,
        "totalOtherIncomeExpensesNet": -114677000,
        "incomeBeforeTax": 227220000,
        "incomeBeforeTaxRatio": 0.0316177528,
        "incomeTaxExpense": 41590000,
        "netIncome": 182145000,
        "netIncomeRatio": 0.0253455487,
        "eps": 0.19,
        "epsdiluted": 0.19,
        "weightedAverageShsOut": 962973000,
        "weightedAverageShsOutDil": 968614714,
        "link": "https://www.sec.gov/Archives/edgar/data/1722608/000119312525123691/0001193125-25-123691-index.htm",
        "finalLink": "https://www.sec.gov/Archives/edgar/data/1722608/000119312525123691/d64273dex991.htm"
    },
    {
        "date": "2024-12-31",
        "symbol": "IQ",
        "reportedCurrency": "CNY",
        "cik": "0001722608",
        "fillingDate": "2025-03-27",
        "acceptedDate": "2025-03-27 06:06:34",
        "calendarYear": "2024",
        "period": "Q4",
        "revenue": 6613417000,
        "costOfRevenue": 4994165000,
        "grossProfit": 1619252000,
        "grossProfitRatio": 0.244843475,
        "researchAndDevelopmentExpenses": 451359000,
        "generalAndAdministrativeExpenses": -1542395000,
        "sellingAndMarketingExpenses": 2424852000,
        "sellingGeneralAndAdministrativeExpenses": 882457000,
        "otherExpenses": 0,
        "operatingExpenses": 1333816000,
        "costAndExpenses": 6327981000,
        "interestIncome": 75352000,
        "interestExpense": 235289000,
        "depreciationAndAmortization": 1533000,
        "ebitda": 286969000,
        "ebitdaratio": 0.043391941,
        "operatingIncome": 285436000,
        "operatingIncomeRatio": 0.0431601395,
        "totalOtherIncomeExpensesNet": -466191000,
        "incomeBeforeTax": -180755000,
        "incomeBeforeTaxRatio": -0.0273315595,
        "incomeTaxExpense": 6233000,
        "netIncome": -189355000,
        "netIncomeRatio": -0.0286319462,
        "eps": -0.21,
        "epsdiluted": -0.19,
        "weightedAverageShsOut": 901690476,
        "weightedAverageShsOutDil": 962686998,
        "link": "https://www.sec.gov/Archives/edgar/data/1722608/000095017025045691/0000950170-25-045691-index.htm",
        "finalLink": "https://www.sec.gov/Archives/edgar/data/1722608/000095017025045691/iq-20241231.htm"
    },
    {
        "date": "2024-09-30",
        "symbol": "IQ",
        "reportedCurrency": "CNY",
        "cik": "0001722608",
        "fillingDate": "2025-02-20",
        "acceptedDate": "2025-02-20 06:23:47",
        "calendarYear": "2024",
        "period": "Q3",
        "revenue": 7245681000,
        "costOfRevenue": 5649836000,
        "grossProfit": 1595845000,
        "grossProfitRatio": 0.2202477586,
        "researchAndDevelopmentExpenses": 449039000,
        "generalAndAdministrativeExpenses": 0,
        "sellingAndMarketingExpenses": 0,
        "sellingGeneralAndAdministrativeExpenses": 907885000,
        "otherExpenses": 0,
        "operatingExpenses": 1356924000,
        "costAndExpenses": 7006760000,
        "interestIncome": 69044000,
        "interestExpense": 256440000,
        "depreciationAndAmortization": 1885575999,
        "ebitda": 2124496999,
        "ebitdaratio": 0.2932087404,
        "operatingIncome": 238921000,
        "operatingIncomeRatio": 0.0329742643,
        "totalOtherIncomeExpensesNet": 8394000,
        "incomeBeforeTax": 247315000,
        "incomeBeforeTaxRatio": 0.0341327475,
        "incomeTaxExpense": 11483000,
        "netIncome": 229412000,
        "netIncomeRatio": 0.0316618962,
        "eps": 0.21,
        "epsdiluted": 0.23,
        "weightedAverageShsOut": 1092438095,
        "weightedAverageShsOutDil": 968479952,
        "link": "https://www.sec.gov/Archives/edgar/data/1722608/000095017025023716/0000950170-25-023716-index.htm",
        "finalLink": "https://www.sec.gov/Archives/edgar/data/1722608/000095017025023716/iq-ex99_2.htm"
    },
    {
        "date": "2024-06-30",
        "symbol": "IQ",
        "reportedCurrency": "CNY",
        "cik": "0001722608",
        "fillingDate": "2024-08-23",
        "acceptedDate": "2024-08-23 06:03:55",
        "calendarYear": "2024",
        "period": "Q2",
        "revenue": 7438785000,
        "costOfRevenue": 5678342000,
        "grossProfit": 1760443000,
        "grossProfitRatio": 0.2366573305,
        "researchAndDevelopmentExpenses": 448677000,
        "generalAndAdministrativeExpenses": 0,
        "sellingAndMarketingExpenses": 0,
        "sellingGeneralAndAdministrativeExpenses": 969673000,
        "otherExpenses": 0,
        "operatingExpenses": 1418350000,
        "costAndExpenses": 7096692000,
        "interestIncome": 68688000,
        "interestExpense": 288162000,
        "depreciationAndAmortization": 1885576000,
        "ebitda": 2227669000,
        "ebitdaratio": 0.2994667812,
        "operatingIncome": 342093000,
        "operatingIncomeRatio": 0.045987752,
        "totalOtherIncomeExpensesNet": -240436000,
        "incomeBeforeTax": 101657000,
        "incomeBeforeTaxRatio": 0.013665807,
        "incomeTaxExpense": 25741000,
        "netIncome": 68685000,
        "netIncomeRatio": 0.0092333627,
        "eps": 0.07,
        "epsdiluted": 0.07,
        "weightedAverageShsOut": 981228303,
        "weightedAverageShsOutDil": 979702207,
        "link": "https://www.sec.gov/Archives/edgar/data/1722608/000119312524205658/0001193125-24-205658-index.htm",
        "finalLink": "https://www.sec.gov/Archives/edgar/data/1722608/000119312524205658/d227555dex991.htm"
    },
    {
        "date": "2024-03-31",
        "symbol": "IQ",
        "reportedCurrency": "CNY",
        "cik": "0001722608",
        "fillingDate": "2024-05-17",
        "acceptedDate": "2024-05-17 06:05:56",
        "calendarYear": "2024",
        "period": "Q1",
        "revenue": 7927355000,
        "costOfRevenue": 5631239000,
        "grossProfit": 2296116000,
        "grossProfitRatio": 0.2896446545,
        "researchAndDevelopmentExpenses": 429328000,
        "generalAndAdministrativeExpenses": 0,
        "sellingAndMarketingExpenses": 0,
        "sellingGeneralAndAdministrativeExpenses": 922035000,
        "otherExpenses": 0,
        "operatingExpenses": 1351363000,
        "costAndExpenses": 6982602000,
        "interestIncome": 58740000,
        "interestExpense": 282135000,
        "depreciationAndAmortization": 1533000,
        "ebitda": 965597000,
        "ebitdaratio": 0.1218056969,
        "operatingIncome": 944753000,
        "operatingIncomeRatio": 0.1191763205,
        "totalOtherIncomeExpensesNet": -261291000,
        "incomeBeforeTax": 683462000,
        "incomeBeforeTaxRatio": 0.0862156419,
        "incomeTaxExpense": 17633000,
        "netIncome": 655317000,
        "netIncomeRatio": 0.0826652774,
        "eps": 0.68,
        "epsdiluted": 0.68,
        "weightedAverageShsOut": 959665231,
        "weightedAverageShsOutDil": 969724732,
        "link": "https://www.sec.gov/Archives/edgar/data/1722608/000119312524141070/0001193125-24-141070-index.htm",
        "finalLink": "https://www.sec.gov/Archives/edgar/data/1722608/000119312524141070/d842368dex991.htm"
    },
    {
        "date": "2023-12-31",
        "symbol": "IQ",
        "reportedCurrency": "CNY",
        "cik": "0001722608",
        "fillingDate": "2024-03-14",
        "acceptedDate": "2024-03-14 06:27:28",
        "calendarYear": "2023",
        "period": "Q4",
        "revenue": 7706468000,
        "costOfRevenue": 5533082000,
        "grossProfit": 2173386000,
        "grossProfitRatio": 0.2820210244,
        "researchAndDevelopmentExpenses": 451871000,
        "generalAndAdministrativeExpenses": -1684921000,
        "sellingAndMarketingExpenses": 2632727000,
        "sellingGeneralAndAdministrativeExpenses": 947806000,
        "otherExpenses": 0,
        "operatingExpenses": 1399677000,
        "costAndExpenses": 6932759000,
        "interestIncome": 55098000,
        "interestExpense": 284301000,
        "depreciationAndAmortization": 1885576000,
        "ebitda": 2912410000,
        "ebitdaratio": 0.3779176141,
        "operatingIncome": 773709000,
        "operatingIncomeRatio": 0.1003973545,
        "totalOtherIncomeExpensesNet": -259799000,
        "incomeBeforeTax": 513910000,
        "incomeBeforeTaxRatio": 0.0666855426,
        "incomeTaxExpense": 38473000,
        "netIncome": 466233000,
        "netIncomeRatio": 0.0604989212,
        "eps": 0.49,
        "epsdiluted": 0.49,
        "weightedAverageShsOut": 959129808,
        "weightedAverageShsOutDil": 976390799,
        "link": "https://www.sec.gov/Archives/edgar/data/1722608/000095017024031129/0000950170-24-031129-index.htm",
        "finalLink": "https://www.sec.gov/Archives/edgar/data/1722608/000095017024031129/iq-20231231.htm"
    },
    {
        "date": "2023-09-30",
        "symbol": "IQ",
        "reportedCurrency": "CNY",
        "cik": "0001722608",
        "fillingDate": "2023-11-22",
        "acceptedDate": "2023-11-22 06:04:50",
        "calendarYear": "2023",
        "period": "Q3",
        "revenue": 8015079000,
        "costOfRevenue": 5839540000,
        "grossProfit": 2175539000,
        "grossProfitRatio": 0.2714307619,
        "researchAndDevelopmentExpenses": 447383000,
        "generalAndAdministrativeExpenses": 0,
        "sellingAndMarketingExpenses": 0,
        "sellingGeneralAndAdministrativeExpenses": 981409000,
        "otherExpenses": 0,
        "operatingExpenses": 1428792000,
        "costAndExpenses": 7268332000,
        "interestIncome": 45219000,
        "interestExpense": 281528000,
        "depreciationAndAmortization": 2073842500,
        "ebitda": 2820589500,
        "ebitdaratio": 0.3519103804,
        "operatingIncome": 746747000,
        "operatingIncomeRatio": 0.0931677654,
        "totalOtherIncomeExpensesNet": -254236000,
        "incomeBeforeTax": 492511000,
        "incomeBeforeTaxRatio": 0.0614480531,
        "incomeTaxExpense": 9012000,
        "netIncome": 475920000,
        "netIncomeRatio": 0.0593780797,
        "eps": 0.5,
        "epsdiluted": 0.49,
        "weightedAverageShsOut": 971265306,
        "weightedAverageShsOutDil": 978691299,
        "link": "https://www.sec.gov/Archives/edgar/data/1722608/000119312523281805/0001193125-23-281805-index.htm",
        "finalLink": "https://www.sec.gov/Archives/edgar/data/1722608/000119312523281805/d261803dex991.htm"
    },
    {
        "date": "2023-06-30",
        "symbol": "IQ",
        "reportedCurrency": "CNY",
        "cik": "0001722608",
        "fillingDate": "2023-08-22",
        "acceptedDate": "2023-08-22 06:11:34",
        "calendarYear": "2023",
        "period": "Q2",
        "revenue": 7802297000,
        "costOfRevenue": 5773867000,
        "grossProfit": 2028430000,
        "grossProfitRatio": 0.2599785678,
        "researchAndDevelopmentExpenses": 439038000,
        "generalAndAdministrativeExpenses": 0,
        "sellingAndMarketingExpenses": 0,
        "sellingGeneralAndAdministrativeExpenses": 979000000,
        "otherExpenses": 0,
        "operatingExpenses": 1418038000,
        "costAndExpenses": 7191905000,
        "interestIncome": 52196000,
        "interestExpense": 278521000,
        "depreciationAndAmortization": 2073842500,
        "ebitda": 2684234500,
        "ebitdaratio": 0.3440313154,
        "operatingIncome": 610392000,
        "operatingIncomeRatio": 0.0782323462,
        "totalOtherIncomeExpensesNet": -234600000,
        "incomeBeforeTax": 375792000,
        "incomeBeforeTaxRatio": 0.0481642778,
        "incomeTaxExpense": 7930000,
        "netIncome": 365207000,
        "netIncomeRatio": 0.046807626,
        "eps": 0.38,
        "epsdiluted": 0.35,
        "weightedAverageShsOut": 1043451552,
        "weightedAverageShsOutDil": 978855223,
        "link": "https://www.sec.gov/Archives/edgar/data/1722608/000119312523217388/0001193125-23-217388-index.htm",
        "finalLink": "https://www.sec.gov/Archives/edgar/data/1722608/000119312523217388/d505563dex991.htm"
    },
    {
        "date": "2023-03-31",
        "symbol": "IQ",
        "reportedCurrency": "CNY",
        "cik": "0001722608",
        "fillingDate": "2023-05-16",
        "acceptedDate": "2023-05-16 16:03:39",
        "calendarYear": "2023",
        "period": "Q1",
        "revenue": 8348807000,
        "costOfRevenue": 5956003000,
        "grossProfit": 2392804000,
        "grossProfitRatio": 0.2866043017,
        "researchAndDevelopmentExpenses": 428318000,
        "generalAndAdministrativeExpenses": 0,
        "sellingAndMarketingExpenses": 0,
        "sellingGeneralAndAdministrativeExpenses": 1105855000,
        "otherExpenses": 0,
        "operatingExpenses": 1534173000,
        "costAndExpenses": 7490176000,
        "interestIncome": 104986000,
        "interestExpense": 285964000,
        "depreciationAndAmortization": 2073842500,
        "ebitda": 2932473500,
        "ebitdaratio": 0.3512446149,
        "operatingIncome": 858631000,
        "operatingIncomeRatio": 0.1028447537,
        "totalOtherIncomeExpensesNet": -208243000,
        "incomeBeforeTax": 650388000,
        "incomeBeforeTaxRatio": 0.0779019086,
        "incomeTaxExpense": 24632000,
        "netIncome": 618109000,
        "netIncomeRatio": 0.0740356077,
        "eps": 0.66,
        "epsdiluted": 0.63,
        "weightedAverageShsOut": 981126954,
        "weightedAverageShsOutDil": 964995013,
        "link": "https://www.sec.gov/Archives/edgar/data/1722608/000119312523146074/0001193125-23-146074-index.htm",
        "finalLink": "https://www.sec.gov/Archives/edgar/data/1722608/000119312523146074/d510015dex991.htm"
    },
    {
        "date": "2022-12-31",
        "symbol": "IQ",
        "reportedCurrency": "CNY",
        "cik": "0001722608",
        "fillingDate": "2023-02-22",
        "acceptedDate": "2023-02-22 09:06:09",
        "calendarYear": "2022",
        "period": "Q4",
        "revenue": 7592859000,
        "costOfRevenue": 5402243000,
        "grossProfit": 2190616000,
        "grossProfitRatio": 0.2885100329,
        "researchAndDevelopmentExpenses": 466157000,
        "generalAndAdministrativeExpenses": -868215000,
        "sellingAndMarketingExpenses": 1809118000,
        "sellingGeneralAndAdministrativeExpenses": 940903000,
        "otherExpenses": 0,
        "operatingExpenses": 1407060000,
        "costAndExpenses": 6809303000,
        "interestIncome": 26292000,
        "interestExpense": 176018000,
        "depreciationAndAmortization": 3396051000,
        "ebitda": 450040000,
        "ebitdaratio": 0.0592714813,
        "operatingIncome": -2946011000,
        "operatingIncomeRatio": -0.3879975909,
        "totalOtherIncomeExpensesNet": -490505000,
        "incomeBeforeTax": 293051000,
        "incomeBeforeTaxRatio": 0.0385956067,
        "incomeTaxExpense": -11587000,
        "netIncome": 304259000,
        "netIncomeRatio": 0.0400717306,
        "eps": 0.35,
        "epsdiluted": 0.35,
        "weightedAverageShsOut": 869147532,
        "weightedAverageShsOutDil": 871424454,
        "link": "https://www.sec.gov/Archives/edgar/data/1722608/000119312523044238/0001193125-23-044238-index.htm",
        "finalLink": "https://www.sec.gov/Archives/edgar/data/1722608/000119312523044238/d471238dex991.htm"
    },
    {
        "date": "2022-09-30",
        "symbol": "IQ",
        "reportedCurrency": "CNY",
        "cik": "0001722608",
        "fillingDate": "2022-11-22",
        "acceptedDate": "2022-11-22 06:18:38",
        "calendarYear": "2022",
        "period": "Q3",
        "revenue": 7471081000,
        "costOfRevenue": 5705260000,
        "grossProfit": 1765821000,
        "grossProfitRatio": 0.2363541501,
        "researchAndDevelopmentExpenses": 475863000,
        "generalAndAdministrativeExpenses": 0,
        "sellingAndMarketingExpenses": 0,
        "sellingGeneralAndAdministrativeExpenses": 980293000,
        "otherExpenses": 0,
        "operatingExpenses": 1456156000,
        "costAndExpenses": 7161416000,
        "interestIncome": 18631000,
        "interestExpense": 181641000,
        "depreciationAndAmortization": 2661241000,
        "ebitda": 2970906000,
        "ebitdaratio": 0.3976541012,
        "operatingIncome": 309665000,
        "operatingIncomeRatio": 0.0414484865,
        "totalOtherIncomeExpensesNet": -662040000,
        "incomeBeforeTax": -352375000,
        "incomeBeforeTaxRatio": -0.047165196,
        "incomeTaxExpense": 42501000,
        "netIncome": -394876000,
        "netIncomeRatio": -0.052853931,
        "eps": -0.46,
        "epsdiluted": -0.49,
        "weightedAverageShsOut": 807285320,
        "weightedAverageShsOutDil": 868853452,
        "link": "https://www.sec.gov/Archives/edgar/data/1722608/000119312522290397/0001193125-22-290397-index.htm",
        "finalLink": "https://www.sec.gov/Archives/edgar/data/1722608/000119312522290397/d407924dex991.htm"
    },
    {
        "date": "2022-06-30",
        "symbol": "IQ",
        "reportedCurrency": "CNY",
        "cik": "0001722608",
        "fillingDate": "2022-08-30",
        "acceptedDate": "2022-08-30 08:00:52",
        "calendarYear": "2022",
        "period": "Q2",
        "revenue": 6656549000,
        "costOfRevenue": 5247959000,
        "grossProfit": 1408590000,
        "grossProfitRatio": 0.2116096494,
        "researchAndDevelopmentExpenses": 482201000,
        "generalAndAdministrativeExpenses": 0,
        "sellingAndMarketingExpenses": 0,
        "sellingGeneralAndAdministrativeExpenses": 800602000,
        "otherExpenses": 0,
        "operatingExpenses": 1282803000,
        "costAndExpenses": 6530762000,
        "interestIncome": 15707000,
        "interestExpense": 181907000,
        "depreciationAndAmortization": 2661241000,
        "ebitda": 2787028000,
        "ebitdaratio": 0.4186896243,
        "operatingIncome": 236481000,
        "operatingIncomeRatio": 0.0355260661,
        "totalOtherIncomeExpensesNet": -290985000,
        "incomeBeforeTax": -165198000,
        "incomeBeforeTaxRatio": -0.0248173641,
        "incomeTaxExpense": 36204000,
        "netIncome": -201402000,
        "netIncomeRatio": -0.0302562183,
        "eps": -0.25,
        "epsdiluted": -0.28,
        "weightedAverageShsOut": 764267857,
        "weightedAverageShsOutDil": 867802374,
        "link": "https://www.sec.gov/Archives/edgar/data/1722608/000119312522233467/0001193125-22-233467-index.htm",
        "finalLink": "https://www.sec.gov/Archives/edgar/data/1722608/000119312522233467/d240259dex991.htm"
    },
    {
        "date": "2022-03-31",
        "symbol": "IQ",
        "reportedCurrency": "CNY",
        "cik": "0001722608",
        "fillingDate": "2022-05-27",
        "acceptedDate": "2022-05-27 06:06:59",
        "calendarYear": "2022",
        "period": "Q1",
        "revenue": 7277059000,
        "costOfRevenue": 5963853000,
        "grossProfit": 1313206000,
        "grossProfitRatio": 0.1804583418,
        "researchAndDevelopmentExpenses": 475012000,
        "generalAndAdministrativeExpenses": 0,
        "sellingAndMarketingExpenses": 0,
        "sellingGeneralAndAdministrativeExpenses": 744781000,
        "otherExpenses": 0,
        "operatingExpenses": 1219793000,
        "costAndExpenses": 7183646000,
        "interestIncome": 8947000,
        "interestExpense": 175515000,
        "depreciationAndAmortization": 2661241000,
        "ebitda": 2754654000,
        "ebitdaratio": 0.3785394622,
        "operatingIncome": 93413000,
        "operatingIncomeRatio": 0.0128366418,
        "totalOtherIncomeExpensesNet": 97333000,
        "incomeBeforeTax": 190746000,
        "incomeBeforeTaxRatio": 0.0262119628,
        "incomeTaxExpense": 16882000,
        "netIncome": 169093000,
        "netIncomeRatio": 0.0232364476,
        "eps": 0.21,
        "epsdiluted": 0.21,
        "weightedAverageShsOut": 815184954,
        "weightedAverageShsOutDil": 820400146,
        "link": "https://www.sec.gov/Archives/edgar/data/1722608/000119312522161574/0001193125-22-161574-index.htm",
        "finalLink": "https://www.sec.gov/Archives/edgar/data/1722608/000119312522161574/d357471dex991.htm"
    },
    {
        "date": "2021-12-31",
        "symbol": "IQ",
        "reportedCurrency": "CNY",
        "cik": "0001722608",
        "fillingDate": "2021-12-31",
        "acceptedDate": "2021-12-31 00:00:00",
        "calendarYear": "2021",
        "period": "Q4",
        "revenue": 7388558000,
        "costOfRevenue": 6507554000,
        "grossProfit": 881004000,
        "grossProfitRatio": 0.1192389638,
        "researchAndDevelopmentExpenses": 763143000,
        "generalAndAdministrativeExpenses": -1290169000,
        "sellingAndMarketingExpenses": 2383257000,
        "sellingGeneralAndAdministrativeExpenses": 1093088000,
        "otherExpenses": 0,
        "operatingExpenses": 1856231000,
        "costAndExpenses": 8363785000,
        "interestIncome": 24836000,
        "interestExpense": 324542000,
        "depreciationAndAmortization": 2661241000,
        "ebitda": 2025735000,
        "ebitdaratio": 0.274171902,
        "operatingIncome": -975227000,
        "operatingIncomeRatio": -0.1319915199,
        "totalOtherIncomeExpensesNet": -753414000,
        "incomeBeforeTax": -1728641000,
        "incomeBeforeTaxRatio": -0.2339618908,
        "incomeTaxExpense": 36536000,
        "netIncome": -1775787000,
        "netIncomeRatio": -0.2403428382,
        "eps": -2.23,
        "epsdiluted": -2.24,
        "weightedAverageShsOut": 797758266,
        "weightedAverageShsOutDil": 799329240,
        "link": null,
        "finalLink": null
    },
    {
        "date": "2021-09-30",
        "symbol": "IQ",
        "reportedCurrency": "CNY",
        "cik": "0001722608",
        "fillingDate": "2021-11-18",
        "acceptedDate": "2021-11-18 06:23:20",
        "calendarYear": "2021",
        "period": "Q3",
        "revenue": 7589104000,
        "costOfRevenue": 7027681000,
        "grossProfit": 561423000,
        "grossProfitRatio": 0.0739775078,
        "researchAndDevelopmentExpenses": 683047000,
        "generalAndAdministrativeExpenses": 0,
        "sellingAndMarketingExpenses": 0,
        "sellingGeneralAndAdministrativeExpenses": 1246334000,
        "otherExpenses": -2292000,
        "operatingExpenses": 1929381000,
        "costAndExpenses": 8957062000,
        "interestIncome": 35979000,
        "interestExpense": 351293000,
        "depreciationAndAmortization": 3063951500,
        "ebitda": 1695993500,
        "ebitdaratio": 0.2234774355,
        "operatingIncome": -1367958000,
        "operatingIncomeRatio": -0.1802528994,
        "totalOtherIncomeExpensesNet": -330489000,
        "incomeBeforeTax": -1698447000,
        "incomeBeforeTaxRatio": -0.223800728,
        "incomeTaxExpense": 8978000,
        "netIncome": -1729560000,
        "netIncomeRatio": -0.2279004214,
        "eps": -2.17,
        "epsdiluted": -2.17,
        "weightedAverageShsOut": 798631532,
        "weightedAverageShsOutDil": 798631234,
        "link": "https://www.sec.gov/Archives/edgar/data/1722608/000156459021057528/0001564590-21-057528-index.htm",
        "finalLink": "https://www.sec.gov/Archives/edgar/data/1722608/000156459021057528/iq-ex991_6.htm"
    },
    {
        "date": "2021-06-30",
        "symbol": "IQ",
        "reportedCurrency": "CNY",
        "cik": "0001722608",
        "fillingDate": "2021-08-13",
        "acceptedDate": "2021-08-13 06:00:49",
        "calendarYear": "2021",
        "period": "Q2",
        "revenue": 7608274000,
        "costOfRevenue": 6868868000,
        "grossProfit": 739406000,
        "grossProfitRatio": 0.09718446,
        "researchAndDevelopmentExpenses": 676481000,
        "generalAndAdministrativeExpenses": 0,
        "sellingAndMarketingExpenses": 0,
        "sellingGeneralAndAdministrativeExpenses": 1184736000,
        "otherExpenses": 0,
        "operatingExpenses": 1861217000,
        "costAndExpenses": 8730085000,
        "interestIncome": 29231000,
        "interestExpense": 343124000,
        "depreciationAndAmortization": 3063951500,
        "ebitda": 1942140500,
        "ebitdaratio": 0.2552668976,
        "operatingIncome": -1121811000,
        "operatingIncomeRatio": -0.1474461882,
        "totalOtherIncomeExpensesNet": -226439000,
        "incomeBeforeTax": -1348250000,
        "incomeBeforeTaxRatio": -0.1772083918,
        "incomeTaxExpense": 30418000,
        "netIncome": -1397227000,
        "netIncomeRatio": -0.1836457257,
        "eps": -1.76,
        "epsdiluted": -1.76,
        "weightedAverageShsOut": 795647686,
        "weightedAverageShsOutDil": 795647385,
        "link": "https://www.sec.gov/Archives/edgar/data/1722608/000156459021044125/0001564590-21-044125-index.htm",
        "finalLink": "https://www.sec.gov/Archives/edgar/data/1722608/000156459021044125/iq-ex991_6.htm"
    },
    {
        "date": "2021-03-31",
        "symbol": "IQ",
        "reportedCurrency": "CNY",
        "cik": "0001722608",
        "fillingDate": "2021-05-19",
        "acceptedDate": "2021-05-19 07:56:54",
        "calendarYear": "2021",
        "period": "Q1",
        "revenue": 7968423000,
        "costOfRevenue": 7109394000,
        "grossProfit": 859029000,
        "grossProfitRatio": 0.1078041414,
        "researchAndDevelopmentExpenses": 672256000,
        "generalAndAdministrativeExpenses": 0,
        "sellingAndMarketingExpenses": 0,
        "sellingGeneralAndAdministrativeExpenses": 1200984000,
        "otherExpenses": 0,
        "operatingExpenses": 1873240000,
        "costAndExpenses": 8982634000,
        "interestIncome": 28569000,
        "interestExpense": 330585000,
        "depreciationAndAmortization": 3063951500,
        "ebitda": 2049740500,
        "ebitdaratio": 0.2572328929,
        "operatingIncome": -1014211000,
        "operatingIncomeRatio": -0.1272787602,
        "totalOtherIncomeExpensesNet": -222439000,
        "incomeBeforeTax": -1236650000,
        "incomeBeforeTaxRatio": -0.1551938194,
        "incomeTaxExpense": 20613000,
        "netIncome": -1267010000,
        "netIncomeRatio": -0.1590038581,
        "eps": -1.61,
        "epsdiluted": -1.61,
        "weightedAverageShsOut": 788947073,
        "weightedAverageShsOutDil": 789531694,
        "link": "https://www.sec.gov/Archives/edgar/data/1722608/000156459021028803/0001564590-21-028803-index.htm",
        "finalLink": "https://www.sec.gov/Archives/edgar/data/1722608/000156459021028803/iq-ex991_7.htm"
    },
    {
        "date": "2020-12-31",
        "symbol": "IQ",
        "reportedCurrency": "CNY",
        "cik": "0001722608",
        "fillingDate": "2021-02-19",
        "acceptedDate": "2021-02-18 18:15:00",
        "calendarYear": "2020",
        "period": "Q4",
        "revenue": 7458180000,
        "costOfRevenue": 6784507000,
        "grossProfit": 673673000,
        "grossProfitRatio": 0.0903267285,
        "researchAndDevelopmentExpenses": 663381000,
        "generalAndAdministrativeExpenses": -987117000,
        "sellingAndMarketingExpenses": 2304782000,
        "sellingGeneralAndAdministrativeExpenses": 1317665000,
        "otherExpenses": 17651000,
        "operatingExpenses": 1981046000,
        "costAndExpenses": 8765553000,
        "interestIncome": 22409000,
        "interestExpense": 269323000,
        "depreciationAndAmortization": 4078652000,
        "ebitda": 2720965500,
        "ebitdaratio": 0.3648296904,
        "operatingIncome": -1307373000,
        "operatingIncomeRatio": -0.1752938384,
        "totalOtherIncomeExpensesNet": -241035000,
        "incomeBeforeTax": -1548408000,
        "incomeBeforeTaxRatio": -0.2076120448,
        "incomeTaxExpense": -16337000,
        "netIncome": -1547614000,
        "netIncomeRatio": -0.2075055845,
        "eps": -2.07,
        "epsdiluted": -2.07,
        "weightedAverageShsOut": 747488016,
        "weightedAverageShsOutDil": 747487993,
        "link": "https://www.sec.gov/Archives/edgar/data/1722608/000119312521047947/0001193125-21-047947-index.htm",
        "finalLink": "https://www.sec.gov/Archives/edgar/data/1722608/000119312521047947/d144767dex991.htm"
    },
    {
        "date": "2020-09-30",
        "symbol": "IQ",
        "reportedCurrency": "CNY",
        "cik": "0001722608",
        "fillingDate": "2020-09-30",
        "acceptedDate": "2020-09-30 00:00:00",
        "calendarYear": "2020",
        "period": "Q3",
        "revenue": 7187692000,
        "costOfRevenue": 6363438000,
        "grossProfit": 824254000,
        "grossProfitRatio": 0.1146757541,
        "researchAndDevelopmentExpenses": 669933000,
        "generalAndAdministrativeExpenses": 0,
        "sellingAndMarketingExpenses": 0,
        "sellingGeneralAndAdministrativeExpenses": 1363935000,
        "otherExpenses": 0,
        "operatingExpenses": 2033868000,
        "costAndExpenses": 8397306000,
        "interestIncome": 34049000,
        "interestExpense": 269311000,
        "depreciationAndAmortization": 4100032233,
        "ebitda": 2890418233,
        "ebitdaratio": 0.4021344032,
        "operatingIncome": -1209614000,
        "operatingIncomeRatio": -0.1682896262,
        "totalOtherIncomeExpensesNet": 67022000,
        "incomeBeforeTax": -1142592000,
        "incomeBeforeTaxRatio": -0.1589650753,
        "incomeTaxExpense": 18846000,
        "netIncome": -1174288000,
        "netIncomeRatio": -0.1633748358,
        "eps": -1.59,
        "epsdiluted": -1.61,
        "weightedAverageShsOut": 730486956,
        "weightedAverageShsOutDil": 740383757,
        "link": null,
        "finalLink": null
    },
    {
        "date": "2020-06-30",
        "symbol": "IQ",
        "reportedCurrency": "CNY",
        "cik": "0001722608",
        "fillingDate": "2020-08-14",
        "acceptedDate": "2020-08-14 06:42:13",
        "calendarYear": "2020",
        "period": "Q2",
        "revenue": 7411577000,
        "costOfRevenue": 6833586000,
        "grossProfit": 577991000,
        "grossProfitRatio": 0.0779848877,
        "researchAndDevelopmentExpenses": 664045000,
        "generalAndAdministrativeExpenses": 0,
        "sellingAndMarketingExpenses": 0,
        "sellingGeneralAndAdministrativeExpenses": 1195632000,
        "otherExpenses": 0,
        "operatingExpenses": 1859677000,
        "costAndExpenses": 8693263000,
        "interestIncome": 44425000,
        "interestExpense": 265656000,
        "depreciationAndAmortization": 4292333000,
        "ebitda": 3010647000,
        "ebitdaratio": 0.4062086922,
        "operatingIncome": -1281686000,
        "operatingIncomeRatio": -0.1729302684,
        "totalOtherIncomeExpensesNet": -140848000,
        "incomeBeforeTax": -1422534000,
        "incomeBeforeTaxRatio": -0.1919340513,
        "incomeTaxExpense": 15926000,
        "netIncome": -1441817000,
        "netIncomeRatio": -0.1945357918,
        "eps": -1.96,
        "epsdiluted": -1.96,
        "weightedAverageShsOut": 735928758,
        "weightedAverageShsOutDil": 735928531,
        "link": "https://www.sec.gov/Archives/edgar/data/1722608/000119312520219640/0001193125-20-219640-index.htm",
        "finalLink": "https://www.sec.gov/Archives/edgar/data/1722608/000119312520219640/d887984dex991.htm"
    },
    {
        "date": "2020-03-31",
        "symbol": "IQ",
        "reportedCurrency": "CNY",
        "cik": "0001722608",
        "fillingDate": "2020-03-31",
        "acceptedDate": "2020-03-30 20:00:00",
        "calendarYear": "2020",
        "period": "Q1",
        "revenue": 7649766000,
        "costOfRevenue": 7902864000,
        "grossProfit": -253098000,
        "grossProfitRatio": -0.0330857179,
        "researchAndDevelopmentExpenses": 678135000,
        "generalAndAdministrativeExpenses": 0,
        "sellingAndMarketingExpenses": 0,
        "sellingGeneralAndAdministrativeExpenses": 1310603000,
        "otherExpenses": -13811000,
        "operatingExpenses": 1988738000,
        "costAndExpenses": 9891602000,
        "interestIncome": 56594000,
        "interestExpense": 262030000,
        "depreciationAndAmortization": 3523263750,
        "ebitda": 1281427750,
        "ebitdaratio": 0.1675120193,
        "operatingIncome": -2241836000,
        "operatingIncomeRatio": -0.2930594217,
        "totalOtherIncomeExpensesNet": -628507000,
        "incomeBeforeTax": -2870343000,
        "incomeBeforeTaxRatio": -0.3752197126,
        "incomeTaxExpense": 4841000,
        "netIncome": -2874642000,
        "netIncomeRatio": -0.3757816906,
        "eps": -3.92,
        "epsdiluted": -3.92,
        "weightedAverageShsOut": 733765051,
        "weightedAverageShsOutDil": 733918403,
        "link": "",
        "finalLink": ""
    },
    {
        "date": "2019-12-31",
        "symbol": "IQ",
        "reportedCurrency": "CNY",
        "cik": "0001722608",
        "fillingDate": "2020-03-12",
        "acceptedDate": "2020-03-12 09:02:56",
        "calendarYear": "2019",
        "period": "Q4",
        "revenue": 7496624000,
        "costOfRevenue": 7914438000,
        "grossProfit": -417814000,
        "grossProfitRatio": -0.0557336209,
        "researchAndDevelopmentExpenses": 711262000,
        "generalAndAdministrativeExpenses": -1357685000,
        "sellingAndMarketingExpenses": 2757214000,
        "sellingGeneralAndAdministrativeExpenses": 1399529000,
        "otherExpenses": 0,
        "operatingExpenses": 2110791000,
        "costAndExpenses": 10025229000,
        "interestIncome": 89833000,
        "interestExpense": 276927000,
        "depreciationAndAmortization": 4544472000,
        "ebitda": -1060410000,
        "ebitdaratio": -0.1414516721,
        "operatingIncome": -2528605000,
        "operatingIncomeRatio": -0.3372991629,
        "totalOtherIncomeExpensesNet": 75282000,
        "incomeBeforeTax": -2453323000,
        "incomeBeforeTaxRatio": -0.3272570426,
        "incomeTaxExpense": 22586000,
        "netIncome": -2493785000,
        "netIncomeRatio": -0.3326544055,
        "eps": -3.42,
        "epsdiluted": -3.42,
        "weightedAverageShsOut": 729462713,
        "weightedAverageShsOutDil": 729913704,
        "link": "https://www.sec.gov/Archives/edgar/data/1722608/000156459020010259/0001564590-20-010259-index.htm",
        "finalLink": "https://www.sec.gov/Archives/edgar/data/1722608/000156459020010259/iq-20f_20191231.htm"
    },
    {
        "date": "2019-09-30",
        "symbol": "IQ",
        "reportedCurrency": "CNY",
        "cik": "0001722608",
        "fillingDate": "2019-11-12",
        "acceptedDate": "2019-11-12 06:13:03",
        "calendarYear": "2019",
        "period": "Q3",
        "revenue": 7396934000,
        "costOfRevenue": 8175751000,
        "grossProfit": -778817000,
        "grossProfitRatio": -0.1052891644,
        "researchAndDevelopmentExpenses": 703211000,
        "generalAndAdministrativeExpenses": 0,
        "sellingAndMarketingExpenses": 0,
        "sellingGeneralAndAdministrativeExpenses": 1349543000,
        "otherExpenses": 478000,
        "operatingExpenses": 2052754000,
        "costAndExpenses": 10228505000,
        "interestIncome": 116494000,
        "interestExpense": 254435000,
        "depreciationAndAmortization": 4208282458,
        "ebitda": -2747812000,
        "ebitdaratio": -0.3714798591,
        "operatingIncome": -2831571000,
        "operatingIncomeRatio": -0.3828033345,
        "totalOtherIncomeExpensesNet": -826781000,
        "incomeBeforeTax": -3658352000,
        "incomeBeforeTaxRatio": -0.4945768071,
        "incomeTaxExpense": 16047000,
        "netIncome": -3688123000,
        "netIncomeRatio": -0.4986015828,
        "eps": -5.05,
        "epsdiluted": -5.11,
        "weightedAverageShsOut": 722446292,
        "weightedAverageShsOutDil": 729939605,
        "link": "https://www.sec.gov/Archives/edgar/data/1722608/000119312519289116/0001193125-19-289116-index.htm",
        "finalLink": "https://www.sec.gov/Archives/edgar/data/1722608/000119312519289116/d829373d6k.htm"
    },
    {
        "date": "2019-06-30",
        "symbol": "IQ",
        "reportedCurrency": "CNY",
        "cik": "0001722608",
        "fillingDate": "2019-06-30",
        "acceptedDate": "2019-06-29 20:00:00",
        "calendarYear": "2019",
        "period": "Q2",
        "revenue": 7110181000,
        "costOfRevenue": 6980957000,
        "grossProfit": 129224000,
        "grossProfitRatio": 0.0181745022,
        "researchAndDevelopmentExpenses": 654601000,
        "generalAndAdministrativeExpenses": 0,
        "sellingAndMarketingExpenses": 0,
        "sellingGeneralAndAdministrativeExpenses": 1346324000,
        "otherExpenses": 0,
        "operatingExpenses": 2000925000,
        "costAndExpenses": 8981882000,
        "interestIncome": 130721000,
        "interestExpense": 247762000,
        "depreciationAndAmortization": 3721587000,
        "ebitda": 1849886000,
        "ebitdaratio": 0.2601742487,
        "operatingIncome": -1871701000,
        "operatingIncomeRatio": -0.2632423844,
        "totalOtherIncomeExpensesNet": -426677000,
        "incomeBeforeTax": -2298378000,
        "incomeBeforeTaxRatio": -0.3232516866,
        "incomeTaxExpense": 5776000,
        "netIncome": -2327445000,
        "netIncomeRatio": -0.3273397681,
        "eps": -3.19,
        "epsdiluted": -3.22,
        "weightedAverageShsOut": 722809006,
        "weightedAverageShsOutDil": 728950389,
        "link": "",
        "finalLink": ""
    },
    {
        "date": "2019-03-31",
        "symbol": "IQ",
        "reportedCurrency": "CNY",
        "cik": "0001722608",
        "fillingDate": "2019-05-20",
        "acceptedDate": "2019-05-20 06:12:56",
        "calendarYear": "2019",
        "period": "Q1",
        "revenue": 6989919000,
        "costOfRevenue": 7277196000,
        "grossProfit": -287277000,
        "grossProfitRatio": -0.0410987595,
        "researchAndDevelopmentExpenses": 598072000,
        "generalAndAdministrativeExpenses": 0,
        "sellingAndMarketingExpenses": 0,
        "sellingGeneralAndAdministrativeExpenses": 1140611000,
        "otherExpenses": -12224000,
        "operatingExpenses": 1738683000,
        "costAndExpenses": 9015879000,
        "interestIncome": 65097000,
        "interestExpense": 135247000,
        "depreciationAndAmortization": 3721587000,
        "ebitda": 1695627000,
        "ebitdaratio": 0.242581781,
        "operatingIncome": -2025960000,
        "operatingIncomeRatio": -0.2898402685,
        "totalOtherIncomeExpensesNet": 211126000,
        "incomeBeforeTax": -1814834000,
        "incomeBeforeTaxRatio": -0.2596359128,
        "incomeTaxExpense": 7443000,
        "netIncome": -1813976000,
        "netIncomeRatio": -0.2595131646,
        "eps": -2.5,
        "epsdiluted": -2.52,
        "weightedAverageShsOut": 719831746,
        "weightedAverageShsOutDil": 726147259,
        "link": "https://www.sec.gov/Archives/edgar/data/1722608/000119312519150956/0001193125-19-150956-index.htm",
        "finalLink": "https://www.sec.gov/Archives/edgar/data/1722608/000119312519150956/d746891d6k.htm"
    },
    {
        "date": "2018-12-31",
        "symbol": "IQ",
        "reportedCurrency": "CNY",
        "cik": "0001722608",
        "fillingDate": "2019-03-15",
        "acceptedDate": "2019-03-15 16:07:10",
        "calendarYear": "2018",
        "period": "Q4",
        "revenue": 7027322000,
        "costOfRevenue": 8522761000,
        "grossProfit": -1495439000,
        "grossProfitRatio": -0.2128035402,
        "researchAndDevelopmentExpenses": 607468000,
        "generalAndAdministrativeExpenses": -1047072000,
        "sellingAndMarketingExpenses": 2268753000,
        "sellingGeneralAndAdministrativeExpenses": 1221681000,
        "otherExpenses": -1686000,
        "operatingExpenses": 1829149000,
        "costAndExpenses": 10351910000,
        "interestIncome": 118025000,
        "interestExpense": 61238000,
        "depreciationAndAmortization": 3824672000,
        "ebitda": 652744000,
        "ebitdaratio": 0.0928865932,
        "operatingIncome": -3324588000,
        "operatingIncomeRatio": -0.4730945871,
        "totalOtherIncomeExpensesNet": -34751000,
        "incomeBeforeTax": -3359339000,
        "incomeBeforeTaxRatio": -0.4780397141,
        "incomeTaxExpense": 79492000,
        "netIncome": -3476719000,
        "netIncomeRatio": -0.4947430899,
        "eps": -4.8,
        "epsdiluted": -4.8,
        "weightedAverageShsOut": 724231059,
        "weightedAverageShsOutDil": 724230965,
        "link": "https://www.sec.gov/Archives/edgar/data/1722608/000156459019008023/0001564590-19-008023-index.htm",
        "finalLink": "https://www.sec.gov/Archives/edgar/data/1722608/000156459019008023/iq-20f_20181231.htm"
    },
    {
        "date": "2018-09-30",
        "symbol": "IQ",
        "reportedCurrency": "CNY",
        "cik": "0001722608",
        "fillingDate": "2018-09-30",
        "acceptedDate": "2018-09-30 00:00:00",
        "calendarYear": "2018",
        "period": "Q3",
        "revenue": 6914258000,
        "costOfRevenue": 7655102000,
        "grossProfit": -740844000,
        "grossProfitRatio": -0.107147289,
        "researchAndDevelopmentExpenses": 558373000,
        "generalAndAdministrativeExpenses": 0,
        "sellingAndMarketingExpenses": 0,
        "sellingGeneralAndAdministrativeExpenses": 1292037000,
        "otherExpenses": 3683000,
        "operatingExpenses": 1850410000,
        "costAndExpenses": 9505512000,
        "interestIncome": 65603000,
        "interestExpense": 15586000,
        "depreciationAndAmortization": 69332000,
        "ebitda": -2521922000,
        "ebitdaratio": -0.3647422471,
        "operatingIncome": -2591254000,
        "operatingIncomeRatio": -0.3747696427,
        "totalOtherIncomeExpensesNet": -539401000,
        "incomeBeforeTax": -3130655000,
        "incomeBeforeTaxRatio": -0.4527824967,
        "incomeTaxExpense": -6058000,
        "netIncome": -3140433000,
        "netIncomeRatio": -0.4541966759,
        "eps": -4.35,
        "epsdiluted": -4.35,
        "weightedAverageShsOut": 722664441,
        "weightedAverageShsOutDil": 722664368,
        "link": "",
        "finalLink": ""
    },
    {
        "date": "2018-06-30",
        "symbol": "IQ",
        "reportedCurrency": "CNY",
        "cik": "0001722608",
        "fillingDate": "2018-06-30",
        "acceptedDate": "2018-06-30 00:00:00",
        "calendarYear": "2018",
        "period": "Q2",
        "revenue": 6170231000,
        "costOfRevenue": 6106729000,
        "grossProfit": 63502000,
        "grossProfitRatio": 0.010291673,
        "researchAndDevelopmentExpenses": 441482000,
        "generalAndAdministrativeExpenses": 0,
        "sellingAndMarketingExpenses": 0,
        "sellingGeneralAndAdministrativeExpenses": 949934000,
        "otherExpenses": -5468000,
        "operatingExpenses": 1391416000,
        "costAndExpenses": 7498145000,
        "interestIncome": 25615000,
        "interestExpense": 9562000,
        "depreciationAndAmortization": 19251000,
        "ebitda": -1308663000,
        "ebitdaratio": -0.2120930318,
        "operatingIncome": -1327914000,
        "operatingIncomeRatio": -0.2152130123,
        "totalOtherIncomeExpensesNet": -768279000,
        "incomeBeforeTax": -2096193000,
        "incomeBeforeTaxRatio": -0.3397268271,
        "incomeTaxExpense": 4858000,
        "netIncome": -2096931000,
        "netIncomeRatio": -0.3398464336,
        "eps": -3.12,
        "epsdiluted": -3.12,
        "weightedAverageShsOut": 704442937,
        "weightedAverageShsOutDil": 704442937,
        "link": "",
        "finalLink": ""
    },
    {
        "date": "2018-03-31",
        "symbol": "IQ",
        "reportedCurrency": "CNY",
        "cik": "0001722608",
        "fillingDate": "2018-03-31",
        "acceptedDate": "2018-03-31 00:00:00",
        "calendarYear": "2018",
        "period": "Q1",
        "revenue": 4877305000,
        "costOfRevenue": 4848219000,
        "grossProfit": 29086000,
        "grossProfitRatio": 0.0059635393,
        "researchAndDevelopmentExpenses": 387329000,
        "generalAndAdministrativeExpenses": 0,
        "sellingAndMarketingExpenses": 0,
        "sellingGeneralAndAdministrativeExpenses": 704237000,
        "otherExpenses": 0,
        "operatingExpenses": 1091566000,
        "costAndExpenses": 5939785000,
        "interestIncome": 4726000,
        "interestExpense": 8325000,
        "depreciationAndAmortization": 200407000,
        "ebitda": -387918000,
        "ebitdaratio": -0.0795353171,
        "operatingIncome": -1062480000,
        "operatingIncomeRatio": -0.2178416154,
        "totalOtherIncomeExpensesNet": 666237000,
        "incomeBeforeTax": -396243000,
        "incomeBeforeTaxRatio": -0.0812422024,
        "incomeTaxExpense": 509000,
        "netIncome": -395693000,
        "netIncomeRatio": -0.0811294352,
        "eps": -0.96,
        "epsdiluted": -0.96,
        "weightedAverageShsOut": 707695998,
        "weightedAverageShsOutDil": 707695998,
        "link": "",
        "finalLink": ""
    },
    {
        "date": "2017-12-31",
        "symbol": "IQ",
        "reportedCurrency": "CNY",
        "cik": "0001722608",
        "fillingDate": "2017-12-31",
        "acceptedDate": "2017-12-30 19:00:00",
        "calendarYear": "2017",
        "period": "Q4",
        "revenue": 4817414000,
        "costOfRevenue": 4535111000,
        "grossProfit": 282303000,
        "grossProfitRatio": 0.0586005272,
        "researchAndDevelopmentExpenses": 364227000,
        "generalAndAdministrativeExpenses": 367797000,
        "sellingAndMarketingExpenses": 406387000,
        "sellingGeneralAndAdministrativeExpenses": 774184000,
        "otherExpenses": 0,
        "operatingExpenses": 1138411000,
        "costAndExpenses": 5673522000,
        "interestIncome": 38185000,
        "interestExpense": 43581000,
        "depreciationAndAmortization": 2083536000,
        "ebitda": 1281855000,
        "ebitdaratio": 0.2660877807,
        "operatingIncome": -856108000,
        "operatingIncomeRatio": -0.1777111122,
        "totalOtherIncomeExpensesNet": 233832000,
        "incomeBeforeTax": -622276000,
        "incomeBeforeTaxRatio": -0.1291722073,
        "incomeTaxExpense": -9896000,
        "netIncome": -612380000,
        "netIncomeRatio": -0.1271179932,
        "eps": 22.19,
        "epsdiluted": 22.19,
        "weightedAverageShsOut": 726445998,
        "weightedAverageShsOutDil": 726445998,
        "link": "",
        "finalLink": ""
    },
    {
        "date": "2017-09-30",
        "symbol": "IQ",
        "reportedCurrency": "CNY",
        "cik": "0001722608",
        "fillingDate": "2017-09-30",
        "acceptedDate": "2017-09-30 00:00:00",
        "calendarYear": "2017",
        "period": "Q3",
        "revenue": 4950583000,
        "costOfRevenue": 4897843000,
        "grossProfit": 52740000,
        "grossProfitRatio": 0.0106532907,
        "researchAndDevelopmentExpenses": 342328000,
        "generalAndAdministrativeExpenses": -189862000,
        "sellingAndMarketingExpenses": 966900000,
        "sellingGeneralAndAdministrativeExpenses": 777038000,
        "otherExpenses": 0,
        "operatingExpenses": 1119366000,
        "costAndExpenses": 6017209000,
        "interestIncome": 21053000,
        "interestExpense": 83539000,
        "depreciationAndAmortization": -11386000,
        "ebitda": -1078012000,
        "ebitdaratio": -0.2177545554,
        "operatingIncome": -1066626000,
        "operatingIncomeRatio": -0.2154546242,
        "totalOtherIncomeExpensesNet": 15599000,
        "incomeBeforeTax": -1051027000,
        "incomeBeforeTaxRatio": -0.2123036822,
        "incomeTaxExpense": 786000,
        "netIncome": -1051813000,
        "netIncomeRatio": -0.2124624514,
        "eps": -1.44,
        "epsdiluted": -1.44,
        "weightedAverageShsOut": 726445998,
        "weightedAverageShsOutDil": 726445998,
        "link": "",
        "finalLink": ""
    },
    {
        "date": "2017-06-30",
        "symbol": "IQ",
        "reportedCurrency": "CNY",
        "cik": "0001722608",
        "fillingDate": "2017-06-30",
        "acceptedDate": "2017-06-29 20:00:00",
        "calendarYear": "2017",
        "period": "Q2",
        "revenue": 4326319000,
        "costOfRevenue": 4394981000,
        "grossProfit": -68662000,
        "grossProfitRatio": -0.0158707668,
        "researchAndDevelopmentExpenses": 294371000,
        "generalAndAdministrativeExpenses": 0,
        "sellingAndMarketingExpenses": 0,
        "sellingGeneralAndAdministrativeExpenses": 627623000,
        "otherExpenses": 0,
        "operatingExpenses": 921994000,
        "costAndExpenses": 5316975000,
        "interestIncome": 16390000,
        "interestExpense": 82386000,
        "depreciationAndAmortization": 35749000,
        "ebitda": -870079000,
        "ebitdaratio": -0.2011130016,
        "operatingIncome": -990656000,
        "operatingIncomeRatio": -0.228983577,
        "totalOtherIncomeExpensesNet": 38191000,
        "incomeBeforeTax": -952465000,
        "incomeBeforeTaxRatio": -0.2201559802,
        "incomeTaxExpense": 705000,
        "netIncome": -953170000,
        "netIncomeRatio": -0.2203189363,
        "eps": -1.3,
        "epsdiluted": -1.3,
        "weightedAverageShsOut": 726445998,
        "weightedAverageShsOutDil": 726445998,
        "link": "",
        "finalLink": ""
    },
    {
        "date": "2017-03-31",
        "symbol": "IQ",
        "reportedCurrency": "CNY",
        "cik": "0001722608",
        "fillingDate": "2017-03-31",
        "acceptedDate": "2017-03-31 00:00:00",
        "calendarYear": "2017",
        "period": "Q1",
        "revenue": 3284034000,
        "costOfRevenue": 3558628000,
        "grossProfit": -274594000,
        "grossProfitRatio": -0.0836148469,
        "researchAndDevelopmentExpenses": 268880000,
        "generalAndAdministrativeExpenses": 0,
        "sellingAndMarketingExpenses": 0,
        "sellingGeneralAndAdministrativeExpenses": 496145000,
        "otherExpenses": -909000,
        "operatingExpenses": 765025000,
        "costAndExpenses": 4323653000,
        "interestIncome": 7499000,
        "interestExpense": 68071000,
        "depreciationAndAmortization": 6562000,
        "ebitda": -1033057000,
        "ebitdaratio": -0.3145695203,
        "operatingIncome": -1039619000,
        "operatingIncomeRatio": -0.3165676726,
        "totalOtherIncomeExpensesNet": -79110000,
        "incomeBeforeTax": -1118729000,
        "incomeBeforeTaxRatio": -0.3406569481,
        "incomeTaxExpense": 840000,
        "netIncome": -1119569000,
        "netIncomeRatio": -0.3409127311,
        "eps": -1.54,
        "epsdiluted": -1.54,
        "weightedAverageShsOut": 726445998,
        "weightedAverageShsOutDil": 726445998,
        "link": "",
        "finalLink": ""
    },
    {
        "date": "2016-12-31",
        "symbol": "IQ",
        "reportedCurrency": "CNY",
        "cik": "0001722608",
        "fillingDate": "2016-12-31",
        "acceptedDate": "2016-12-30 19:00:00",
        "calendarYear": "2016",
        "period": "Q4",
        "revenue": 3155116000,
        "costOfRevenue": 3088154000,
        "grossProfit": 66962000,
        "grossProfitRatio": 0.0212233084,
        "researchAndDevelopmentExpenses": 243920000,
        "generalAndAdministrativeExpenses": 258063000,
        "sellingAndMarketingExpenses": 294306000,
        "sellingGeneralAndAdministrativeExpenses": 552369000,
        "otherExpenses": 0,
        "operatingExpenses": 972394000,
        "costAndExpenses": 4060548000,
        "interestIncome": 37872000,
        "interestExpense": 0,
        "depreciationAndAmortization": 1339815000,
        "ebitda": 610488000,
        "ebitdaratio": 0.1934914596,
        "operatingIncome": -729327000,
        "operatingIncomeRatio": -0.2311569527,
        "totalOtherIncomeExpensesNet": -213977000,
        "incomeBeforeTax": -943304000,
        "incomeBeforeTaxRatio": -0.2989760123,
        "incomeTaxExpense": 4139000,
        "netIncome": -2820632000,
        "netIncomeRatio": -0.8939867821,
        "eps": -3.95,
        "epsdiluted": -3.95,
        "weightedAverageShsOut": 726445998,
        "weightedAverageShsOutDil": 726445998,
        "link": null,
        "finalLink": null
    }
]