[
    {
        "date": "2025-09-27",
        "symbol": "ITT",
        "reportedCurrency": "USD",
        "cik": "0000216228",
        "fillingDate": "2025-10-29",
        "acceptedDate": "2025-10-29 09:02:11",
        "calendarYear": "2025",
        "period": "Q3",
        "revenue": 999100000,
        "costOfRevenue": 643900000,
        "grossProfit": 355200000,
        "grossProfitRatio": 0.355519968,
        "researchAndDevelopmentExpenses": 28100000,
        "generalAndAdministrativeExpenses": 89800000,
        "sellingAndMarketingExpenses": 57500000,
        "sellingGeneralAndAdministrativeExpenses": 147300000,
        "otherExpenses": 0,
        "operatingExpenses": 175400000,
        "costAndExpenses": 819300000,
        "interestIncome": 1500000,
        "interestExpense": 11700000,
        "depreciationAndAmortization": 35200000,
        "ebitda": 219400000,
        "ebitdaratio": 0.2195976379,
        "operatingIncome": 179800000,
        "operatingIncomeRatio": 0.1799619658,
        "totalOtherIncomeExpensesNet": -7300000,
        "incomeBeforeTax": 172500000,
        "incomeBeforeTaxRatio": 0.1726553899,
        "incomeTaxExpense": 44300000,
        "netIncome": 126900000,
        "netIncomeRatio": 0.1270143129,
        "eps": 1.63,
        "epsdiluted": 1.62,
        "weightedAverageShsOut": 78000000,
        "weightedAverageShsOutDil": 78400000,
        "link": "https://www.sec.gov/Archives/edgar/data/216228/000021622825000061/0000216228-25-000061-index.htm",
        "finalLink": "https://www.sec.gov/Archives/edgar/data/216228/000021622825000061/itt-20250927.htm"
    },
    {
        "date": "2025-06-28",
        "symbol": "ITT",
        "reportedCurrency": "USD",
        "cik": "0000216228",
        "fillingDate": "2025-07-31",
        "acceptedDate": "2025-07-31 13:42:08",
        "calendarYear": "2025",
        "period": "Q2",
        "revenue": 972400000,
        "costOfRevenue": 625600000,
        "grossProfit": 346800000,
        "grossProfitRatio": 0.3566433566,
        "researchAndDevelopmentExpenses": 29000000,
        "generalAndAdministrativeExpenses": 85700000,
        "sellingAndMarketingExpenses": 57000000,
        "sellingGeneralAndAdministrativeExpenses": 142700000,
        "otherExpenses": 0,
        "operatingExpenses": 171700000,
        "costAndExpenses": 797300000,
        "interestIncome": 2400000,
        "interestExpense": 12600000,
        "depreciationAndAmortization": 35500000,
        "ebitda": 212300000,
        "ebitdaratio": 0.2183257919,
        "operatingIncome": 175100000,
        "operatingIncomeRatio": 0.1800699301,
        "totalOtherIncomeExpensesNet": -10900000,
        "incomeBeforeTax": 164200000,
        "incomeBeforeTaxRatio": 0.1688605512,
        "incomeTaxExpense": 42500000,
        "netIncome": 121000000,
        "netIncomeRatio": 0.1244343891,
        "eps": 1.53,
        "epsdiluted": 1.52,
        "weightedAverageShsOut": 81300000,
        "weightedAverageShsOutDil": 81700000,
        "link": "https://www.sec.gov/Archives/edgar/data/216228/000021622825000052/0000216228-25-000052-index.htm",
        "finalLink": "https://www.sec.gov/Archives/edgar/data/216228/000021622825000052/itt-20250628.htm"
    },
    {
        "date": "2025-03-29",
        "symbol": "ITT",
        "reportedCurrency": "USD",
        "cik": "0000216228",
        "fillingDate": "2025-05-01",
        "acceptedDate": "2025-05-01 07:11:54",
        "calendarYear": "2025",
        "period": "Q1",
        "revenue": 913000000,
        "costOfRevenue": 596700000,
        "grossProfit": 316300000,
        "grossProfitRatio": 0.3464403067,
        "researchAndDevelopmentExpenses": 26900000,
        "generalAndAdministrativeExpenses": 85300000,
        "sellingAndMarketingExpenses": 53200000,
        "sellingGeneralAndAdministrativeExpenses": 138500000,
        "otherExpenses": 0,
        "operatingExpenses": 165400000,
        "costAndExpenses": 762100000,
        "interestIncome": 1700000,
        "interestExpense": 9300000,
        "depreciationAndAmortization": 37200000,
        "ebitda": 190800000,
        "ebitdaratio": 0.2089813801,
        "operatingIncome": 150900000,
        "operatingIncomeRatio": 0.165279299,
        "totalOtherIncomeExpensesNet": -6600000,
        "incomeBeforeTax": 144300000,
        "incomeBeforeTaxRatio": 0.1580503834,
        "incomeTaxExpense": 35200000,
        "netIncome": 108400000,
        "netIncomeRatio": 0.1187294633,
        "eps": 1.33,
        "epsdiluted": 1.33,
        "weightedAverageShsOut": 81300000,
        "weightedAverageShsOutDil": 81700000,
        "link": "https://www.sec.gov/Archives/edgar/data/216228/000021622825000031/0000216228-25-000031-index.htm",
        "finalLink": "https://www.sec.gov/Archives/edgar/data/216228/000021622825000031/itt-20250329.htm"
    },
    {
        "date": "2024-12-31",
        "symbol": "ITT",
        "reportedCurrency": "USD",
        "cik": "0000216228",
        "fillingDate": "2025-02-10",
        "acceptedDate": "2025-02-10 17:17:54",
        "calendarYear": "2024",
        "period": "Q4",
        "revenue": 929000000,
        "costOfRevenue": 612600000,
        "grossProfit": 316400000,
        "grossProfitRatio": 0.3405812702,
        "researchAndDevelopmentExpenses": 28000000,
        "generalAndAdministrativeExpenses": 73500000,
        "sellingAndMarketingExpenses": 54500000,
        "sellingGeneralAndAdministrativeExpenses": 128000000,
        "otherExpenses": 500000,
        "operatingExpenses": 156500000,
        "costAndExpenses": 769100000,
        "interestIncome": 1600000,
        "interestExpense": 11500000,
        "depreciationAndAmortization": 36600000,
        "ebitda": 197800000,
        "ebitdaratio": 0.2129171152,
        "operatingIncome": 159900000,
        "operatingIncomeRatio": 0.1721205597,
        "totalOtherIncomeExpensesNet": -10200000,
        "incomeBeforeTax": 149700000,
        "incomeBeforeTaxRatio": 0.1611410118,
        "incomeTaxExpense": 22200000,
        "netIncome": 127000000,
        "netIncomeRatio": 0.1367061356,
        "eps": 1.56,
        "epsdiluted": 1.55,
        "weightedAverageShsOut": 81800000,
        "weightedAverageShsOutDil": 82300000,
        "link": "https://www.sec.gov/Archives/edgar/data/216228/000021622825000014/0000216228-25-000014-index.htm",
        "finalLink": "https://www.sec.gov/Archives/edgar/data/216228/000021622825000014/itt-20241231.htm"
    },
    {
        "date": "2024-09-28",
        "symbol": "ITT",
        "reportedCurrency": "USD",
        "cik": "0000216228",
        "fillingDate": "2024-10-29",
        "acceptedDate": "2024-10-29 14:17:24",
        "calendarYear": "2024",
        "period": "Q3",
        "revenue": 885200000,
        "costOfRevenue": 571200000,
        "grossProfit": 314000000,
        "grossProfitRatio": 0.3547220967,
        "researchAndDevelopmentExpenses": 28600000,
        "generalAndAdministrativeExpenses": 74800000,
        "sellingAndMarketingExpenses": 50500000,
        "sellingGeneralAndAdministrativeExpenses": 125300000,
        "otherExpenses": -47800000,
        "operatingExpenses": 106100000,
        "costAndExpenses": 677300000,
        "interestIncome": 1600000,
        "interestExpense": 10000000,
        "depreciationAndAmortization": 34700000,
        "ebitda": 244400000,
        "ebitdaratio": 0.2760957976,
        "operatingIncome": 207900000,
        "operatingIncomeRatio": 0.234862178,
        "totalOtherIncomeExpensesNet": -8200000,
        "incomeBeforeTax": 199700000,
        "incomeBeforeTaxRatio": 0.2255987347,
        "incomeTaxExpense": 37800000,
        "netIncome": 161100000,
        "netIncomeRatio": 0.18199277,
        "eps": 1.97,
        "epsdiluted": 1.96,
        "weightedAverageShsOut": 81600000,
        "weightedAverageShsOutDil": 82100000,
        "link": "https://www.sec.gov/Archives/edgar/data/216228/000021622824000081/0000216228-24-000081-index.htm",
        "finalLink": "https://www.sec.gov/Archives/edgar/data/216228/000021622824000081/itt-20240928.htm"
    },
    {
        "date": "2024-06-29",
        "symbol": "ITT",
        "reportedCurrency": "USD",
        "cik": "0000216228",
        "fillingDate": "2024-08-01",
        "acceptedDate": "2024-08-01 17:09:52",
        "calendarYear": "2024",
        "period": "Q2",
        "revenue": 905900000,
        "costOfRevenue": 589800000,
        "grossProfit": 316100000,
        "grossProfitRatio": 0.348934761,
        "researchAndDevelopmentExpenses": 29700000,
        "generalAndAdministrativeExpenses": 76600000,
        "sellingAndMarketingExpenses": 50600000,
        "sellingGeneralAndAdministrativeExpenses": 127200000,
        "otherExpenses": 200000,
        "operatingExpenses": 157100000,
        "costAndExpenses": 746900000,
        "interestIncome": 1600000,
        "interestExpense": 7400000,
        "depreciationAndAmortization": 32400000,
        "ebitda": 193200000,
        "ebitdaratio": 0.2132685727,
        "operatingIncome": 159000000,
        "operatingIncomeRatio": 0.1755160614,
        "totalOtherIncomeExpensesNet": -5600000,
        "incomeBeforeTax": 153400000,
        "incomeBeforeTaxRatio": 0.1693343636,
        "incomeTaxExpense": 33000000,
        "netIncome": 119200000,
        "netIncomeRatio": 0.1315818523,
        "eps": 1.45,
        "epsdiluted": 1.45,
        "weightedAverageShsOut": 82000000,
        "weightedAverageShsOutDil": 82400000,
        "link": "https://www.sec.gov/Archives/edgar/data/216228/000021622824000055/0000216228-24-000055-index.htm",
        "finalLink": "https://www.sec.gov/Archives/edgar/data/216228/000021622824000055/itt-20240629.htm"
    },
    {
        "date": "2024-03-30",
        "symbol": "ITT",
        "reportedCurrency": "USD",
        "cik": "0000216228",
        "fillingDate": "2024-05-02",
        "acceptedDate": "2024-05-02 10:43:22",
        "calendarYear": "2024",
        "period": "Q1",
        "revenue": 910600000,
        "costOfRevenue": 609800000,
        "grossProfit": 300800000,
        "grossProfitRatio": 0.3303316495,
        "researchAndDevelopmentExpenses": 30000000,
        "generalAndAdministrativeExpenses": 71500000,
        "sellingAndMarketingExpenses": 50100000,
        "sellingGeneralAndAdministrativeExpenses": 121600000,
        "otherExpenses": 0,
        "operatingExpenses": 151600000,
        "costAndExpenses": 761400000,
        "interestIncome": 3300000,
        "interestExpense": 7700000,
        "depreciationAndAmortization": 33600000,
        "ebitda": 186100000,
        "ebitdaratio": 0.2043707446,
        "operatingIncome": 149200000,
        "operatingIncomeRatio": 0.1638480123,
        "totalOtherIncomeExpensesNet": -4400000,
        "incomeBeforeTax": 144800000,
        "incomeBeforeTaxRatio": 0.1590160334,
        "incomeTaxExpense": 32800000,
        "netIncome": 111000000,
        "netIncomeRatio": 0.1218976499,
        "eps": 1.35,
        "epsdiluted": 1.34,
        "weightedAverageShsOut": 82200000,
        "weightedAverageShsOutDil": 82700000,
        "link": "https://www.sec.gov/Archives/edgar/data/216228/000021622824000033/0000216228-24-000033-index.htm",
        "finalLink": "https://www.sec.gov/Archives/edgar/data/216228/000021622824000033/itt-20240330.htm"
    },
    {
        "date": "2023-12-31",
        "symbol": "ITT",
        "reportedCurrency": "USD",
        "cik": "0000216228",
        "fillingDate": "2024-02-12",
        "acceptedDate": "2024-02-12 15:54:42",
        "calendarYear": "2023",
        "period": "Q4",
        "revenue": 829100000,
        "costOfRevenue": 543100000,
        "grossProfit": 286000000,
        "grossProfitRatio": 0.344952358,
        "researchAndDevelopmentExpenses": 25500000,
        "generalAndAdministrativeExpenses": 99000000,
        "sellingAndMarketingExpenses": 42800000,
        "sellingGeneralAndAdministrativeExpenses": 141800000,
        "otherExpenses": -100000,
        "operatingExpenses": 167200000,
        "costAndExpenses": 710300000,
        "interestIncome": 0,
        "interestExpense": 3000000,
        "depreciationAndAmortization": 26400000,
        "ebitda": 146900000,
        "ebitdaratio": 0.1771800748,
        "operatingIncome": 118800000,
        "operatingIncomeRatio": 0.1432879025,
        "totalOtherIncomeExpensesNet": -1300000,
        "incomeBeforeTax": 117500000,
        "incomeBeforeTaxRatio": 0.1417199373,
        "incomeTaxExpense": 24200000,
        "netIncome": 91500000,
        "netIncomeRatio": 0.110360632,
        "eps": 1.11,
        "epsdiluted": 1.11,
        "weightedAverageShsOut": 82100000,
        "weightedAverageShsOutDil": 82600000,
        "link": "https://www.sec.gov/Archives/edgar/data/216228/000021622824000020/0000216228-24-000020-index.htm",
        "finalLink": "https://www.sec.gov/Archives/edgar/data/216228/000021622824000020/itt-20231231.htm"
    },
    {
        "date": "2023-09-30",
        "symbol": "ITT",
        "reportedCurrency": "USD",
        "cik": "0000216228",
        "fillingDate": "2023-11-02",
        "acceptedDate": "2023-11-02 11:53:15",
        "calendarYear": "2023",
        "period": "Q3",
        "revenue": 822100000,
        "costOfRevenue": 542700000,
        "grossProfit": 279400000,
        "grossProfitRatio": 0.3398613307,
        "researchAndDevelopmentExpenses": 25000000,
        "generalAndAdministrativeExpenses": 66900000,
        "sellingAndMarketingExpenses": 44400000,
        "sellingGeneralAndAdministrativeExpenses": 111300000,
        "otherExpenses": 0,
        "operatingExpenses": 136300000,
        "costAndExpenses": 679000000,
        "interestIncome": 1900000,
        "interestExpense": 4200000,
        "depreciationAndAmortization": 29000000,
        "ebitda": 174900000,
        "ebitdaratio": 0.2127478409,
        "operatingIncome": 143100000,
        "operatingIncomeRatio": 0.1740664153,
        "totalOtherIncomeExpensesNet": -1400000,
        "incomeBeforeTax": 141700000,
        "incomeBeforeTaxRatio": 0.1723634594,
        "incomeTaxExpense": 29900000,
        "netIncome": 110800000,
        "netIncomeRatio": 0.1347767911,
        "eps": 1.35,
        "epsdiluted": 1.34,
        "weightedAverageShsOut": 82100000,
        "weightedAverageShsOutDil": 82500000,
        "link": "https://www.sec.gov/Archives/edgar/data/216228/000021622823000039/0000216228-23-000039-index.htm",
        "finalLink": "https://www.sec.gov/Archives/edgar/data/216228/000021622823000039/itt-20230930.htm"
    },
    {
        "date": "2023-07-01",
        "symbol": "ITT",
        "reportedCurrency": "USD",
        "cik": "0000216228",
        "fillingDate": "2023-08-03",
        "acceptedDate": "2023-08-03 13:47:22",
        "calendarYear": "2023",
        "period": "Q2",
        "revenue": 833900000,
        "costOfRevenue": 553900000,
        "grossProfit": 280000000,
        "grossProfitRatio": 0.3357716753,
        "researchAndDevelopmentExpenses": 25700000,
        "generalAndAdministrativeExpenses": 68500000,
        "sellingAndMarketingExpenses": 43900000,
        "sellingGeneralAndAdministrativeExpenses": 112400000,
        "otherExpenses": -100000,
        "operatingExpenses": 138000000,
        "costAndExpenses": 691900000,
        "interestIncome": 2000000,
        "interestExpense": 4500000,
        "depreciationAndAmortization": 27100000,
        "ebitda": 171100000,
        "ebitdaratio": 0.2051804773,
        "operatingIncome": 142000000,
        "operatingIncomeRatio": 0.1702842067,
        "totalOtherIncomeExpensesNet": -2500000,
        "incomeBeforeTax": 139500000,
        "incomeBeforeTaxRatio": 0.1672862454,
        "incomeTaxExpense": 30600000,
        "netIncome": 108200000,
        "netIncomeRatio": 0.1297517688,
        "eps": 1.31,
        "epsdiluted": 1.31,
        "weightedAverageShsOut": 82400000,
        "weightedAverageShsOutDil": 82600000,
        "link": "https://www.sec.gov/Archives/edgar/data/216228/000021622823000030/0000216228-23-000030-index.htm",
        "finalLink": "https://www.sec.gov/Archives/edgar/data/216228/000021622823000030/itt-20230701.htm"
    },
    {
        "date": "2023-04-01",
        "symbol": "ITT",
        "reportedCurrency": "USD",
        "cik": "0000216228",
        "fillingDate": "2023-05-04",
        "acceptedDate": "2023-05-04 13:46:35",
        "calendarYear": "2023",
        "period": "Q1",
        "revenue": 797900000,
        "costOfRevenue": 536000000,
        "grossProfit": 261900000,
        "grossProfitRatio": 0.3282366211,
        "researchAndDevelopmentExpenses": 26400000,
        "generalAndAdministrativeExpenses": 68500000,
        "sellingAndMarketingExpenses": 42900000,
        "sellingGeneralAndAdministrativeExpenses": 111400000,
        "otherExpenses": -200000,
        "operatingExpenses": 137600000,
        "costAndExpenses": 673600000,
        "interestIncome": 3400000,
        "interestExpense": 6700000,
        "depreciationAndAmortization": 26700000,
        "ebitda": 154200000,
        "ebitdaratio": 0.1932573004,
        "operatingIncome": 124300000,
        "operatingIncomeRatio": 0.1557839328,
        "totalOtherIncomeExpensesNet": -3500000,
        "incomeBeforeTax": 120800000,
        "incomeBeforeTaxRatio": 0.1513974182,
        "incomeTaxExpense": 20100000,
        "netIncome": 100000000,
        "netIncomeRatio": 0.1253289886,
        "eps": 1.21,
        "epsdiluted": 1.2,
        "weightedAverageShsOut": 82600000,
        "weightedAverageShsOutDil": 83000000,
        "link": "https://www.sec.gov/Archives/edgar/data/216228/000021622823000011/0000216228-23-000011-index.htm",
        "finalLink": "https://www.sec.gov/Archives/edgar/data/216228/000021622823000011/itt-20230401.htm"
    },
    {
        "date": "2022-12-31",
        "symbol": "ITT",
        "reportedCurrency": "USD",
        "cik": "0000216228",
        "fillingDate": "2023-02-15",
        "acceptedDate": "2023-02-15 13:49:02",
        "calendarYear": "2022",
        "period": "Q4",
        "revenue": 774600000,
        "costOfRevenue": 526300000,
        "grossProfit": 248300000,
        "grossProfitRatio": 0.3205525432,
        "researchAndDevelopmentExpenses": 22800000,
        "generalAndAdministrativeExpenses": 46700000,
        "sellingAndMarketingExpenses": 38600000,
        "sellingGeneralAndAdministrativeExpenses": 85300000,
        "otherExpenses": -10700000,
        "operatingExpenses": 97400000,
        "costAndExpenses": 623700000,
        "interestIncome": 0,
        "interestExpense": 3800000,
        "depreciationAndAmortization": 25900000,
        "ebitda": 177000000,
        "ebitdaratio": 0.2285050349,
        "operatingIncome": 150900000,
        "operatingIncomeRatio": 0.1948102246,
        "totalOtherIncomeExpensesNet": -3600000,
        "incomeBeforeTax": 147300000,
        "incomeBeforeTaxRatio": 0.1901626646,
        "incomeTaxExpense": 31200000,
        "netIncome": 115200000,
        "netIncomeRatio": 0.148721921,
        "eps": 1.39,
        "epsdiluted": 1.39,
        "weightedAverageShsOut": 82700000,
        "weightedAverageShsOutDil": 83100000,
        "link": "https://www.sec.gov/Archives/edgar/data/216228/000021622823000004/0000216228-23-000004-index.htm",
        "finalLink": "https://www.sec.gov/Archives/edgar/data/216228/000021622823000004/itt-20221231.htm"
    },
    {
        "date": "2022-10-01",
        "symbol": "ITT",
        "reportedCurrency": "USD",
        "cik": "0000216228",
        "fillingDate": "2022-11-03",
        "acceptedDate": "2022-11-03 11:36:22",
        "calendarYear": "2022",
        "period": "Q3",
        "revenue": 753600000,
        "costOfRevenue": 520200000,
        "grossProfit": 233400000,
        "grossProfitRatio": 0.3097133758,
        "researchAndDevelopmentExpenses": 24400000,
        "generalAndAdministrativeExpenses": 47500000,
        "sellingAndMarketingExpenses": 39500000,
        "sellingGeneralAndAdministrativeExpenses": 87000000,
        "otherExpenses": 0,
        "operatingExpenses": 111400000,
        "costAndExpenses": 631600000,
        "interestIncome": 0,
        "interestExpense": 2300000,
        "depreciationAndAmortization": 26200000,
        "ebitda": 148200000,
        "ebitdaratio": 0.196656051,
        "operatingIncome": 122000000,
        "operatingIncomeRatio": 0.1618895966,
        "totalOtherIncomeExpensesNet": -2300000,
        "incomeBeforeTax": 119700000,
        "incomeBeforeTaxRatio": 0.1588375796,
        "incomeTaxExpense": 16400000,
        "netIncome": 102400000,
        "netIncomeRatio": 0.135881104,
        "eps": 1.24,
        "epsdiluted": 1.23,
        "weightedAverageShsOut": 82700000,
        "weightedAverageShsOutDil": 83000000,
        "link": "https://www.sec.gov/Archives/edgar/data/216228/000021622822000054/0000216228-22-000054-index.htm",
        "finalLink": "https://www.sec.gov/Archives/edgar/data/216228/000021622822000054/itt-20221001.htm"
    },
    {
        "date": "2022-07-02",
        "symbol": "ITT",
        "reportedCurrency": "USD",
        "cik": "0000216228",
        "fillingDate": "2022-08-04",
        "acceptedDate": "2022-08-04 13:06:53",
        "calendarYear": "2022",
        "period": "Q2",
        "revenue": 733300000,
        "costOfRevenue": 511100000,
        "grossProfit": 222200000,
        "grossProfitRatio": 0.3030137734,
        "researchAndDevelopmentExpenses": 24300000,
        "generalAndAdministrativeExpenses": 57000000,
        "sellingAndMarketingExpenses": 40400000,
        "sellingGeneralAndAdministrativeExpenses": 97400000,
        "otherExpenses": 0,
        "operatingExpenses": 121700000,
        "costAndExpenses": 632800000,
        "interestIncome": 0,
        "interestExpense": 500000,
        "depreciationAndAmortization": 28000000,
        "ebitda": 128500000,
        "ebitdaratio": 0.175235238,
        "operatingIncome": 100500000,
        "operatingIncomeRatio": 0.1370516842,
        "totalOtherIncomeExpensesNet": -500000,
        "incomeBeforeTax": 100000000,
        "incomeBeforeTaxRatio": 0.136369835,
        "incomeTaxExpense": 24000000,
        "netIncome": 74600000,
        "netIncomeRatio": 0.1017318969,
        "eps": 0.9,
        "epsdiluted": 0.89,
        "weightedAverageShsOut": 83100000,
        "weightedAverageShsOutDil": 83400000,
        "link": "https://www.sec.gov/Archives/edgar/data/216228/000021622822000038/0000216228-22-000038-index.htm",
        "finalLink": "https://www.sec.gov/Archives/edgar/data/216228/000021622822000038/itt-20220702.htm"
    },
    {
        "date": "2022-04-02",
        "symbol": "ITT",
        "reportedCurrency": "USD",
        "cik": "0000216228",
        "fillingDate": "2022-05-03",
        "acceptedDate": "2022-05-03 14:31:03",
        "calendarYear": "2022",
        "period": "Q1",
        "revenue": 726200000,
        "costOfRevenue": 507800000,
        "grossProfit": 218400000,
        "grossProfitRatio": 0.3007435968,
        "researchAndDevelopmentExpenses": 25000000,
        "generalAndAdministrativeExpenses": 60400000,
        "sellingAndMarketingExpenses": 38400000,
        "sellingGeneralAndAdministrativeExpenses": 98800000,
        "otherExpenses": 0,
        "operatingExpenses": 123800000,
        "costAndExpenses": 631600000,
        "interestIncome": 0,
        "interestExpense": 200000,
        "depreciationAndAmortization": 27300000,
        "ebitda": 122300000,
        "ebitdaratio": 0.1684109061,
        "operatingIncome": 94600000,
        "operatingIncomeRatio": 0.130267144,
        "totalOtherIncomeExpensesNet": 200000,
        "incomeBeforeTax": 94800000,
        "incomeBeforeTaxRatio": 0.1305425503,
        "incomeTaxExpense": 19500000,
        "netIncome": 74800000,
        "netIncomeRatio": 0.1030019278,
        "eps": 0.88,
        "epsdiluted": 0.88,
        "weightedAverageShsOut": 84800000,
        "weightedAverageShsOutDil": 85200000,
        "link": "https://www.sec.gov/Archives/edgar/data/216228/000021622822000016/0000216228-22-000016-index.htm",
        "finalLink": "https://www.sec.gov/Archives/edgar/data/216228/000021622822000016/itt-20220402.htm"
    },
    {
        "date": "2021-12-31",
        "symbol": "ITT",
        "reportedCurrency": "USD",
        "cik": "0000216228",
        "fillingDate": "2022-02-16",
        "acceptedDate": "2022-02-16 16:03:31",
        "calendarYear": "2021",
        "period": "Q4",
        "revenue": 685400000,
        "costOfRevenue": 461500000,
        "grossProfit": 223900000,
        "grossProfitRatio": 0.3266705573,
        "researchAndDevelopmentExpenses": 24900000,
        "generalAndAdministrativeExpenses": 46100000,
        "sellingAndMarketingExpenses": 38400000,
        "sellingGeneralAndAdministrativeExpenses": 84500000,
        "otherExpenses": 1400000,
        "operatingExpenses": 110800000,
        "costAndExpenses": 572300000,
        "interestIncome": 0,
        "interestExpense": 3200000,
        "depreciationAndAmortization": 27800000,
        "ebitda": 53500000,
        "ebitdaratio": 0.0780566093,
        "operatingIncome": 113100000,
        "operatingIncomeRatio": 0.165013131,
        "totalOtherIncomeExpensesNet": 500000,
        "incomeBeforeTax": 113600000,
        "incomeBeforeTaxRatio": 0.165742632,
        "incomeTaxExpense": 6900000,
        "netIncome": 103600000,
        "netIncomeRatio": 0.1511526116,
        "eps": 1.21,
        "epsdiluted": 1.2,
        "weightedAverageShsOut": 85600000,
        "weightedAverageShsOutDil": 86100000,
        "link": "https://www.sec.gov/Archives/edgar/data/216228/000021622822000006/0000216228-22-000006-index.htm",
        "finalLink": "https://www.sec.gov/Archives/edgar/data/216228/000021622822000006/itt-20211231.htm"
    },
    {
        "date": "2021-10-02",
        "symbol": "ITT",
        "reportedCurrency": "USD",
        "cik": "0000216228",
        "fillingDate": "2021-11-04",
        "acceptedDate": "2021-11-04 16:23:58",
        "calendarYear": "2021",
        "period": "Q3",
        "revenue": 689600000,
        "costOfRevenue": 467600000,
        "grossProfit": 222000000,
        "grossProfitRatio": 0.3219257541,
        "researchAndDevelopmentExpenses": 22500000,
        "generalAndAdministrativeExpenses": 60400000,
        "sellingAndMarketingExpenses": 37400000,
        "sellingGeneralAndAdministrativeExpenses": 97800000,
        "otherExpenses": 0,
        "operatingExpenses": 120300000,
        "costAndExpenses": 587900000,
        "interestIncome": 0,
        "interestExpense": 500000,
        "depreciationAndAmortization": 28100000,
        "ebitda": 129800000,
        "ebitdaratio": 0.188225058,
        "operatingIncome": 101700000,
        "operatingIncomeRatio": 0.1474767981,
        "totalOtherIncomeExpensesNet": -500000,
        "incomeBeforeTax": 101200000,
        "incomeBeforeTaxRatio": 0.1467517401,
        "incomeTaxExpense": 14100000,
        "netIncome": 87500000,
        "netIncomeRatio": 0.1268851508,
        "eps": 1.02,
        "epsdiluted": 1.01,
        "weightedAverageShsOut": 85900000,
        "weightedAverageShsOutDil": 86300000,
        "link": "https://www.sec.gov/Archives/edgar/data/216228/000021622821000049/0000216228-21-000049-index.htm",
        "finalLink": "https://www.sec.gov/Archives/edgar/data/216228/000021622821000049/itt-20211002.htm"
    },
    {
        "date": "2021-07-03",
        "symbol": "ITT",
        "reportedCurrency": "USD",
        "cik": "0000216228",
        "fillingDate": "2021-08-06",
        "acceptedDate": "2021-08-06 10:47:32",
        "calendarYear": "2021",
        "period": "Q2",
        "revenue": 691600000,
        "costOfRevenue": 467000000,
        "grossProfit": 224600000,
        "grossProfitRatio": 0.3247541932,
        "researchAndDevelopmentExpenses": 23200000,
        "generalAndAdministrativeExpenses": 60300000,
        "sellingAndMarketingExpenses": 38300000,
        "sellingGeneralAndAdministrativeExpenses": 98600000,
        "otherExpenses": -76800000,
        "operatingExpenses": 45000000,
        "costAndExpenses": 512000000,
        "interestIncome": 0,
        "interestExpense": 3500000,
        "depreciationAndAmortization": 28700000,
        "ebitda": 119500000,
        "ebitdaratio": 0.1727877386,
        "operatingIncome": 179600000,
        "operatingIncomeRatio": 0.2596876807,
        "totalOtherIncomeExpensesNet": 3500000,
        "incomeBeforeTax": 183100000,
        "incomeBeforeTaxRatio": 0.2647484095,
        "incomeTaxExpense": 143900000,
        "netIncome": 39000000,
        "netIncomeRatio": 0.0563909774,
        "eps": 0.45,
        "epsdiluted": 0.45,
        "weightedAverageShsOut": 86100000,
        "weightedAverageShsOutDil": 86500000,
        "link": "https://www.sec.gov/Archives/edgar/data/216228/000021622821000040/0000216228-21-000040-index.htm",
        "finalLink": "https://www.sec.gov/Archives/edgar/data/216228/000021622821000040/itt-20210703.htm"
    },
    {
        "date": "2021-03-31",
        "symbol": "ITT",
        "reportedCurrency": "USD",
        "cik": "0000216228",
        "fillingDate": "2021-05-07",
        "acceptedDate": "2021-05-07 14:09:35",
        "calendarYear": "2021",
        "period": "Q1",
        "revenue": 698400000,
        "costOfRevenue": 469400000,
        "grossProfit": 229000000,
        "grossProfitRatio": 0.3278923253,
        "researchAndDevelopmentExpenses": 24300000,
        "generalAndAdministrativeExpenses": 58100000,
        "sellingAndMarketingExpenses": 36700000,
        "sellingGeneralAndAdministrativeExpenses": 94800000,
        "otherExpenses": 0,
        "operatingExpenses": 119100000,
        "costAndExpenses": 588500000,
        "interestIncome": 0,
        "interestExpense": 1300000,
        "depreciationAndAmortization": 28500000,
        "ebitda": 138400000,
        "ebitdaratio": 0.1981672394,
        "operatingIncome": 109900000,
        "operatingIncomeRatio": 0.1573596793,
        "totalOtherIncomeExpensesNet": 1300000,
        "incomeBeforeTax": 111200000,
        "incomeBeforeTaxRatio": 0.1592210767,
        "incomeTaxExpense": 24700000,
        "netIncome": 86200000,
        "netIncomeRatio": 0.1234249714,
        "eps": 1,
        "epsdiluted": 0.99,
        "weightedAverageShsOut": 86300000,
        "weightedAverageShsOutDil": 86900000,
        "link": "https://www.sec.gov/Archives/edgar/data/216228/000021622821000012/0000216228-21-000012-index.htm",
        "finalLink": "https://www.sec.gov/Archives/edgar/data/216228/000021622821000012/itt-20210331.htm"
    },
    {
        "date": "2020-12-31",
        "symbol": "ITT",
        "reportedCurrency": "USD",
        "cik": "0000216228",
        "fillingDate": "2021-02-19",
        "acceptedDate": "2021-02-19 15:05:38",
        "calendarYear": "2020",
        "period": "Q4",
        "revenue": 708600000,
        "costOfRevenue": 490000000,
        "grossProfit": 218600000,
        "grossProfitRatio": 0.3084956252,
        "researchAndDevelopmentExpenses": 23600000,
        "generalAndAdministrativeExpenses": 51900000,
        "sellingAndMarketingExpenses": 35800000,
        "sellingGeneralAndAdministrativeExpenses": 87700000,
        "otherExpenses": -51900000,
        "operatingExpenses": 59400000,
        "costAndExpenses": 549400000,
        "interestIncome": 4700000,
        "interestExpense": 0,
        "depreciationAndAmortization": 30200000,
        "ebitda": 87500000,
        "ebitdaratio": 0.1234829241,
        "operatingIncome": 159200000,
        "operatingIncomeRatio": 0.2246683601,
        "totalOtherIncomeExpensesNet": -137300000,
        "incomeBeforeTax": 21900000,
        "incomeBeforeTaxRatio": 0.0309060119,
        "incomeTaxExpense": 34900000,
        "netIncome": -13500000,
        "netIncomeRatio": -0.0190516511,
        "eps": -0.16,
        "epsdiluted": -0.16,
        "weightedAverageShsOut": 83561694,
        "weightedAverageShsOutDil": 86400000,
        "link": "https://www.sec.gov/Archives/edgar/data/216228/000021622821000005/0000216228-21-000005-index.htm",
        "finalLink": "https://www.sec.gov/Archives/edgar/data/216228/000021622821000005/itt-20201231.htm"
    },
    {
        "date": "2020-09-30",
        "symbol": "ITT",
        "reportedCurrency": "USD",
        "cik": "0000216228",
        "fillingDate": "2020-10-30",
        "acceptedDate": "2020-10-30 15:32:33",
        "calendarYear": "2020",
        "period": "Q3",
        "revenue": 591200000,
        "costOfRevenue": 400600000,
        "grossProfit": 190600000,
        "grossProfitRatio": 0.3223951286,
        "researchAndDevelopmentExpenses": 19700000,
        "generalAndAdministrativeExpenses": 47100000,
        "sellingAndMarketingExpenses": 33400000,
        "sellingGeneralAndAdministrativeExpenses": 80500000,
        "otherExpenses": 152900000,
        "operatingExpenses": 253100000,
        "costAndExpenses": 653700000,
        "interestIncome": 0,
        "interestExpense": 1200000,
        "depreciationAndAmortization": 27500000,
        "ebitda": -23500000,
        "ebitdaratio": -0.0397496617,
        "operatingIncome": -62500000,
        "operatingIncomeRatio": -0.1057171854,
        "totalOtherIncomeExpensesNet": -1200000,
        "incomeBeforeTax": -63700000,
        "incomeBeforeTaxRatio": -0.1077469553,
        "incomeTaxExpense": -16200000,
        "netIncome": -46800000,
        "netIncomeRatio": -0.0791610284,
        "eps": -0.54,
        "epsdiluted": -0.54,
        "weightedAverageShsOut": 86400000,
        "weightedAverageShsOutDil": 86400000,
        "link": "https://www.sec.gov/Archives/edgar/data/216228/000021622820000036/0000216228-20-000036-index.htm",
        "finalLink": "https://www.sec.gov/Archives/edgar/data/216228/000021622820000036/itt-20200930.htm"
    },
    {
        "date": "2020-06-30",
        "symbol": "ITT",
        "reportedCurrency": "USD",
        "cik": "0000216228",
        "fillingDate": "2020-07-31",
        "acceptedDate": "2020-07-31 13:15:59",
        "calendarYear": "2020",
        "period": "Q2",
        "revenue": 514700000,
        "costOfRevenue": 351100000,
        "grossProfit": 163600000,
        "grossProfitRatio": 0.3178550612,
        "researchAndDevelopmentExpenses": 18900000,
        "generalAndAdministrativeExpenses": 44600000,
        "sellingAndMarketingExpenses": 35700000,
        "sellingGeneralAndAdministrativeExpenses": 80300000,
        "otherExpenses": 43900000,
        "operatingExpenses": 143100000,
        "costAndExpenses": 494200000,
        "interestIncome": 0,
        "interestExpense": 2200000,
        "depreciationAndAmortization": 27100000,
        "ebitda": 79700000,
        "ebitdaratio": 0.154847484,
        "operatingIncome": 20500000,
        "operatingIncomeRatio": 0.0398290266,
        "totalOtherIncomeExpensesNet": -2200000,
        "incomeBeforeTax": 18300000,
        "incomeBeforeTaxRatio": 0.0355546921,
        "incomeTaxExpense": -28100000,
        "netIncome": 48000000,
        "netIncomeRatio": 0.0932582087,
        "eps": 0.56,
        "epsdiluted": 0.55,
        "weightedAverageShsOut": 86300000,
        "weightedAverageShsOutDil": 86800000,
        "link": "https://www.sec.gov/Archives/edgar/data/216228/000021622820000030/0000216228-20-000030-index.htm",
        "finalLink": "https://www.sec.gov/Archives/edgar/data/216228/000021622820000030/itt-20200630.htm"
    },
    {
        "date": "2020-03-31",
        "symbol": "ITT",
        "reportedCurrency": "USD",
        "cik": "0000216228",
        "fillingDate": "2020-05-01",
        "acceptedDate": "2020-05-01 14:02:53",
        "calendarYear": "2020",
        "period": "Q1",
        "revenue": 663300000,
        "costOfRevenue": 453900000,
        "grossProfit": 209400000,
        "grossProfitRatio": 0.315694256,
        "researchAndDevelopmentExpenses": 22700000,
        "generalAndAdministrativeExpenses": 57100000,
        "sellingAndMarketingExpenses": 41600000,
        "sellingGeneralAndAdministrativeExpenses": 98700000,
        "otherExpenses": -21300000,
        "operatingExpenses": 100100000,
        "costAndExpenses": 554000000,
        "interestIncome": 0,
        "interestExpense": 600000,
        "depreciationAndAmortization": 27400000,
        "ebitda": 156100000,
        "ebitdaratio": 0.2353384592,
        "operatingIncome": 109300000,
        "operatingIncomeRatio": 0.1647821499,
        "totalOtherIncomeExpensesNet": -600000,
        "incomeBeforeTax": 108700000,
        "incomeBeforeTaxRatio": 0.1638775818,
        "incomeTaxExpense": 24700000,
        "netIncome": 84800000,
        "netIncomeRatio": 0.1278456204,
        "eps": 0.97,
        "epsdiluted": 0.96,
        "weightedAverageShsOut": 87400000,
        "weightedAverageShsOutDil": 88200000,
        "link": "https://www.sec.gov/Archives/edgar/data/216228/000021622820000017/0000216228-20-000017-index.htm",
        "finalLink": "https://www.sec.gov/Archives/edgar/data/216228/000021622820000017/ittq1202010-q.htm"
    },
    {
        "date": "2019-12-31",
        "symbol": "ITT",
        "reportedCurrency": "USD",
        "cik": "0000216228",
        "fillingDate": "2020-02-21",
        "acceptedDate": "2020-02-21 13:55:36",
        "calendarYear": "2019",
        "period": "Q4",
        "revenue": 719100000,
        "costOfRevenue": 491100000,
        "grossProfit": 228000000,
        "grossProfitRatio": 0.3170629954,
        "researchAndDevelopmentExpenses": 24800000,
        "generalAndAdministrativeExpenses": 66600000,
        "sellingAndMarketingExpenses": 41400000,
        "sellingGeneralAndAdministrativeExpenses": 108000000,
        "otherExpenses": 12900000,
        "operatingExpenses": 145700000,
        "costAndExpenses": 636800000,
        "interestIncome": 0,
        "interestExpense": 1700000,
        "depreciationAndAmortization": 32300000,
        "ebitda": 115900000,
        "ebitdaratio": 0.1611736893,
        "operatingIncome": 82300000,
        "operatingIncomeRatio": 0.1144486163,
        "totalOtherIncomeExpensesNet": 1700000,
        "incomeBeforeTax": 84000000,
        "incomeBeforeTaxRatio": 0.1168126825,
        "incomeTaxExpense": 16800000,
        "netIncome": 68400000,
        "netIncomeRatio": 0.0951188986,
        "eps": 0.78,
        "epsdiluted": 0.77,
        "weightedAverageShsOut": 87700000,
        "weightedAverageShsOutDil": 88600000,
        "link": "https://www.sec.gov/Archives/edgar/data/216228/000021622820000005/0000216228-20-000005-index.htm",
        "finalLink": "https://www.sec.gov/Archives/edgar/data/216228/000021622820000005/itt10-kx12312019.htm"
    },
    {
        "date": "2019-09-30",
        "symbol": "ITT",
        "reportedCurrency": "USD",
        "cik": "0000216228",
        "fillingDate": "2019-11-01",
        "acceptedDate": "2019-11-01 15:45:42",
        "calendarYear": "2019",
        "period": "Q3",
        "revenue": 711900000,
        "costOfRevenue": 480600000,
        "grossProfit": 231300000,
        "grossProfitRatio": 0.3249051833,
        "researchAndDevelopmentExpenses": 23800000,
        "generalAndAdministrativeExpenses": 61900000,
        "sellingAndMarketingExpenses": 41600000,
        "sellingGeneralAndAdministrativeExpenses": 103500000,
        "otherExpenses": -48500000,
        "operatingExpenses": 78800000,
        "costAndExpenses": 559400000,
        "interestIncome": 0,
        "interestExpense": 400000,
        "depreciationAndAmortization": 28100000,
        "ebitda": 188300000,
        "ebitdaratio": 0.2645034415,
        "operatingIncome": 152500000,
        "operatingIncomeRatio": 0.2142154797,
        "totalOtherIncomeExpensesNet": 400000,
        "incomeBeforeTax": 152900000,
        "incomeBeforeTaxRatio": 0.2147773564,
        "incomeTaxExpense": 34100000,
        "netIncome": 118600000,
        "netIncomeRatio": 0.1665964321,
        "eps": 1.35,
        "epsdiluted": 1.34,
        "weightedAverageShsOut": 87800000,
        "weightedAverageShsOutDil": 88700000,
        "link": "https://www.sec.gov/Archives/edgar/data/216228/000021622819000031/0000216228-19-000031-index.htm",
        "finalLink": "https://www.sec.gov/Archives/edgar/data/216228/000021622819000031/ittq3201910-q.htm"
    },
    {
        "date": "2019-06-30",
        "symbol": "ITT",
        "reportedCurrency": "USD",
        "cik": "0000216228",
        "fillingDate": "2019-08-02",
        "acceptedDate": "2019-08-02 14:06:04",
        "calendarYear": "2019",
        "period": "Q2",
        "revenue": 719900000,
        "costOfRevenue": 487900000,
        "grossProfit": 232000000,
        "grossProfitRatio": 0.3222669815,
        "researchAndDevelopmentExpenses": 25800000,
        "generalAndAdministrativeExpenses": 62600000,
        "sellingAndMarketingExpenses": 42700000,
        "sellingGeneralAndAdministrativeExpenses": 105300000,
        "otherExpenses": 14900000,
        "operatingExpenses": 146000000,
        "costAndExpenses": 633900000,
        "interestIncome": 0,
        "interestExpense": 400000,
        "depreciationAndAmortization": 26600000,
        "ebitda": 115700000,
        "ebitdaratio": 0.1607167662,
        "operatingIncome": 86000000,
        "operatingIncomeRatio": 0.1194610363,
        "totalOtherIncomeExpensesNet": 400000,
        "incomeBeforeTax": 86400000,
        "incomeBeforeTaxRatio": 0.120016669,
        "incomeTaxExpense": 19300000,
        "netIncome": 66800000,
        "netIncomeRatio": 0.0927906654,
        "eps": 0.76,
        "epsdiluted": 0.75,
        "weightedAverageShsOut": 87800000,
        "weightedAverageShsOutDil": 88700000,
        "link": "https://www.sec.gov/Archives/edgar/data/216228/000021622819000025/0000216228-19-000025-index.htm",
        "finalLink": "https://www.sec.gov/Archives/edgar/data/216228/000021622819000025/ittq2201910-q.htm"
    },
    {
        "date": "2019-03-31",
        "symbol": "ITT",
        "reportedCurrency": "USD",
        "cik": "0000216228",
        "fillingDate": "2019-05-03",
        "acceptedDate": "2019-05-03 14:33:07",
        "calendarYear": "2019",
        "period": "Q1",
        "revenue": 695500000,
        "costOfRevenue": 476700000,
        "grossProfit": 218800000,
        "grossProfitRatio": 0.3145938174,
        "researchAndDevelopmentExpenses": 23500000,
        "generalAndAdministrativeExpenses": 51900000,
        "sellingAndMarketingExpenses": 40200000,
        "sellingGeneralAndAdministrativeExpenses": 92100000,
        "otherExpenses": 12600000,
        "operatingExpenses": 128200000,
        "costAndExpenses": 604900000,
        "interestIncome": 0,
        "interestExpense": 500000,
        "depreciationAndAmortization": 26400000,
        "ebitda": 117000000,
        "ebitdaratio": 0.1682242991,
        "operatingIncome": 90600000,
        "operatingIncomeRatio": 0.1302659957,
        "totalOtherIncomeExpensesNet": 500000,
        "incomeBeforeTax": 91100000,
        "incomeBeforeTaxRatio": 0.1309849029,
        "incomeTaxExpense": 19700000,
        "netIncome": 71300000,
        "netIncomeRatio": 0.1025161754,
        "eps": 0.81,
        "epsdiluted": 0.8,
        "weightedAverageShsOut": 87600000,
        "weightedAverageShsOutDil": 88600000,
        "link": "https://www.sec.gov/Archives/edgar/data/216228/000021622819000013/0000216228-19-000013-index.htm",
        "finalLink": "https://www.sec.gov/Archives/edgar/data/216228/000021622819000013/ittq1201910-q.htm"
    },
    {
        "date": "2018-12-31",
        "symbol": "ITT",
        "reportedCurrency": "USD",
        "cik": "0000216228",
        "fillingDate": "2019-02-22",
        "acceptedDate": "2019-02-22 16:28:16",
        "calendarYear": "2018",
        "period": "Q4",
        "revenue": 678400000,
        "costOfRevenue": 467900000,
        "grossProfit": 210500000,
        "grossProfitRatio": 0.3102889151,
        "researchAndDevelopmentExpenses": 23700000,
        "generalAndAdministrativeExpenses": 62500000,
        "sellingAndMarketingExpenses": 40500000,
        "sellingGeneralAndAdministrativeExpenses": 103000000,
        "otherExpenses": 15200000,
        "operatingExpenses": 141900000,
        "costAndExpenses": 609800000,
        "interestIncome": 0,
        "interestExpense": 2300000,
        "depreciationAndAmortization": 26900000,
        "ebitda": 95300000,
        "ebitdaratio": 0.1404775943,
        "operatingIncome": 68600000,
        "operatingIncomeRatio": 0.101120283,
        "totalOtherIncomeExpensesNet": -2300000,
        "incomeBeforeTax": 66300000,
        "incomeBeforeTaxRatio": 0.0977299528,
        "incomeTaxExpense": 15300000,
        "netIncome": 51900000,
        "netIncomeRatio": 0.0765035377,
        "eps": 0.59,
        "epsdiluted": 0.59,
        "weightedAverageShsOut": 87600000,
        "weightedAverageShsOutDil": 88700000,
        "link": "https://www.sec.gov/Archives/edgar/data/216228/000021622819000006/0000216228-19-000006-index.htm",
        "finalLink": "https://www.sec.gov/Archives/edgar/data/216228/000021622819000006/itt10-kx12312018.htm"
    },
    {
        "date": "2018-09-30",
        "symbol": "ITT",
        "reportedCurrency": "USD",
        "cik": "0000216228",
        "fillingDate": "2018-11-02",
        "acceptedDate": "2018-11-02 16:12:57",
        "calendarYear": "2018",
        "period": "Q3",
        "revenue": 680600000,
        "costOfRevenue": 454100000,
        "grossProfit": 226500000,
        "grossProfitRatio": 0.332794593,
        "researchAndDevelopmentExpenses": 24200000,
        "generalAndAdministrativeExpenses": 68000000,
        "sellingAndMarketingExpenses": 40800000,
        "sellingGeneralAndAdministrativeExpenses": 108800000,
        "otherExpenses": -44300000,
        "operatingExpenses": 88700000,
        "costAndExpenses": 542800000,
        "interestIncome": 0,
        "interestExpense": 700000,
        "depreciationAndAmortization": 27300000,
        "ebitda": 100200000,
        "ebitdaratio": 0.1472230385,
        "operatingIncome": 137800000,
        "operatingIncomeRatio": 0.2024684102,
        "totalOtherIncomeExpensesNet": -700000,
        "incomeBeforeTax": 137100000,
        "incomeBeforeTaxRatio": 0.201439906,
        "incomeTaxExpense": 25900000,
        "netIncome": 110900000,
        "netIncomeRatio": 0.1629444608,
        "eps": 1.27,
        "epsdiluted": 1.25,
        "weightedAverageShsOut": 87600000,
        "weightedAverageShsOutDil": 88700000,
        "link": "https://www.sec.gov/Archives/edgar/data/216228/000021622818000043/0000216228-18-000043-index.htm",
        "finalLink": "https://www.sec.gov/Archives/edgar/data/216228/000021622818000043/ittq3201810-q.htm"
    },
    {
        "date": "2018-06-30",
        "symbol": "ITT",
        "reportedCurrency": "USD",
        "cik": "0000216228",
        "fillingDate": "2018-08-03",
        "acceptedDate": "2018-08-03 12:46:51",
        "calendarYear": "2018",
        "period": "Q2",
        "revenue": 696800000,
        "costOfRevenue": 470800000,
        "grossProfit": 226000000,
        "grossProfitRatio": 0.3243398393,
        "researchAndDevelopmentExpenses": 25800000,
        "generalAndAdministrativeExpenses": 63000000,
        "sellingAndMarketingExpenses": 43400000,
        "sellingGeneralAndAdministrativeExpenses": 106400000,
        "otherExpenses": 13500000,
        "operatingExpenses": 145700000,
        "costAndExpenses": 616500000,
        "interestIncome": 0,
        "interestExpense": 1500000,
        "depreciationAndAmortization": 27600000,
        "ebitda": 107900000,
        "ebitdaratio": 0.1548507463,
        "operatingIncome": 80300000,
        "operatingIncomeRatio": 0.1152411022,
        "totalOtherIncomeExpensesNet": -1500000,
        "incomeBeforeTax": 78800000,
        "incomeBeforeTaxRatio": 0.1130884041,
        "incomeTaxExpense": 8900000,
        "netIncome": 69700000,
        "netIncomeRatio": 0.1000287026,
        "eps": 0.8,
        "epsdiluted": 0.79,
        "weightedAverageShsOut": 87500000,
        "weightedAverageShsOutDil": 88400000,
        "link": "https://www.sec.gov/Archives/edgar/data/216228/000021622818000026/0000216228-18-000026-index.htm",
        "finalLink": "https://www.sec.gov/Archives/edgar/data/216228/000021622818000026/ittq2201810-q.htm"
    },
    {
        "date": "2018-03-31",
        "symbol": "ITT",
        "reportedCurrency": "USD",
        "cik": "0000216228",
        "fillingDate": "2018-05-04",
        "acceptedDate": "2018-05-04 13:33:37",
        "calendarYear": "2018",
        "period": "Q1",
        "revenue": 689300000,
        "costOfRevenue": 465100000,
        "grossProfit": 224200000,
        "grossProfitRatio": 0.3252575076,
        "researchAndDevelopmentExpenses": 24700000,
        "generalAndAdministrativeExpenses": 65100000,
        "sellingAndMarketingExpenses": 43500000,
        "sellingGeneralAndAdministrativeExpenses": 108600000,
        "otherExpenses": -19700000,
        "operatingExpenses": 113600000,
        "costAndExpenses": 578700000,
        "interestIncome": 0,
        "interestExpense": 1800000,
        "depreciationAndAmortization": 27600000,
        "ebitda": 138200000,
        "ebitdaratio": 0.200493254,
        "operatingIncome": 110600000,
        "operatingIncomeRatio": 0.1604526331,
        "totalOtherIncomeExpensesNet": -1800000,
        "incomeBeforeTax": 108800000,
        "incomeBeforeTaxRatio": 0.1578412883,
        "incomeTaxExpense": 7600000,
        "netIncome": 101200000,
        "netIncomeRatio": 0.14681561,
        "eps": 1.15,
        "epsdiluted": 1.14,
        "weightedAverageShsOut": 88000000,
        "weightedAverageShsOutDil": 89000000,
        "link": "https://www.sec.gov/Archives/edgar/data/216228/000021622818000012/0000216228-18-000012-index.htm",
        "finalLink": "https://www.sec.gov/Archives/edgar/data/216228/000021622818000012/ittq1201810-q.htm"
    },
    {
        "date": "2017-12-31",
        "symbol": "ITT",
        "reportedCurrency": "USD",
        "cik": "0000216228",
        "fillingDate": "2018-02-16",
        "acceptedDate": "2018-02-16 17:28:21",
        "calendarYear": "2017",
        "period": "Q4",
        "revenue": 683600000,
        "costOfRevenue": 476200000,
        "grossProfit": 207400000,
        "grossProfitRatio": 0.3033937975,
        "researchAndDevelopmentExpenses": 25500000,
        "generalAndAdministrativeExpenses": 58800000,
        "sellingAndMarketingExpenses": 41400000,
        "sellingGeneralAndAdministrativeExpenses": 100200000,
        "otherExpenses": 13100000,
        "operatingExpenses": 138800000,
        "costAndExpenses": 615000000,
        "interestIncome": 0,
        "interestExpense": 200000,
        "depreciationAndAmortization": 27700000,
        "ebitda": 96300000,
        "ebitdaratio": 0.1408718549,
        "operatingIncome": 68600000,
        "operatingIncomeRatio": 0.1003510825,
        "totalOtherIncomeExpensesNet": -200000,
        "incomeBeforeTax": 68400000,
        "incomeBeforeTaxRatio": 0.1000585138,
        "incomeTaxExpense": 134300000,
        "netIncome": -67200000,
        "netIncomeRatio": -0.0983031012,
        "eps": -0.76,
        "epsdiluted": -0.76,
        "weightedAverageShsOut": 88100000,
        "weightedAverageShsOutDil": 88100000,
        "link": "https://www.sec.gov/Archives/edgar/data/216228/000021622818000007/0000216228-18-000007-index.htm",
        "finalLink": "https://www.sec.gov/Archives/edgar/data/216228/000021622818000007/itt10-kx12312017.htm"
    },
    {
        "date": "2017-09-30",
        "symbol": "ITT",
        "reportedCurrency": "USD",
        "cik": "0000216228",
        "fillingDate": "2017-11-02",
        "acceptedDate": "2017-11-02 17:06:12",
        "calendarYear": "2017",
        "period": "Q3",
        "revenue": 645000000,
        "costOfRevenue": 441900000,
        "grossProfit": 203100000,
        "grossProfitRatio": 0.3148837209,
        "researchAndDevelopmentExpenses": 23100000,
        "generalAndAdministrativeExpenses": 70100000,
        "sellingAndMarketingExpenses": 41300000,
        "sellingGeneralAndAdministrativeExpenses": 111400000,
        "otherExpenses": -63700000,
        "operatingExpenses": 70700000,
        "costAndExpenses": 511900000,
        "interestIncome": 0,
        "interestExpense": 5500000,
        "depreciationAndAmortization": 27200000,
        "ebitda": 159400000,
        "ebitdaratio": 0.2471317829,
        "operatingIncome": 133100000,
        "operatingIncomeRatio": 0.2063565891,
        "totalOtherIncomeExpensesNet": -5500000,
        "incomeBeforeTax": 127600000,
        "incomeBeforeTaxRatio": 0.1978294574,
        "incomeTaxExpense": 40600000,
        "netIncome": 86900000,
        "netIncomeRatio": 0.1347286822,
        "eps": 0.99,
        "epsdiluted": 0.98,
        "weightedAverageShsOut": 88000000,
        "weightedAverageShsOutDil": 88700000,
        "link": "https://www.sec.gov/Archives/edgar/data/216228/000021622817000038/0000216228-17-000038-index.htm",
        "finalLink": "https://www.sec.gov/Archives/edgar/data/216228/000021622817000038/itt9301710-q.htm"
    },
    {
        "date": "2017-06-30",
        "symbol": "ITT",
        "reportedCurrency": "USD",
        "cik": "0000216228",
        "fillingDate": "2017-08-04",
        "acceptedDate": "2017-08-04 10:41:05",
        "calendarYear": "2017",
        "period": "Q2",
        "revenue": 630900000,
        "costOfRevenue": 426500000,
        "grossProfit": 204400000,
        "grossProfitRatio": 0.3239816136,
        "researchAndDevelopmentExpenses": 22600000,
        "generalAndAdministrativeExpenses": 64600000,
        "sellingAndMarketingExpenses": 43900000,
        "sellingGeneralAndAdministrativeExpenses": 108400000,
        "otherExpenses": 14900000,
        "operatingExpenses": 145900000,
        "costAndExpenses": 571800000,
        "interestIncome": 0,
        "interestExpense": 500000,
        "depreciationAndAmortization": 25600000,
        "ebitda": 84700000,
        "ebitdaratio": 0.1342526549,
        "operatingIncome": 59100000,
        "operatingIncomeRatio": 0.0936757014,
        "totalOtherIncomeExpensesNet": 900000,
        "incomeBeforeTax": 58600000,
        "incomeBeforeTaxRatio": 0.0928831828,
        "incomeTaxExpense": 10600000,
        "netIncome": 47800000,
        "netIncomeRatio": 0.0757647805,
        "eps": 0.54,
        "epsdiluted": 0.54,
        "weightedAverageShsOut": 88500000,
        "weightedAverageShsOutDil": 89000000,
        "link": "https://www.sec.gov/Archives/edgar/data/216228/000021622817000029/0000216228-17-000029-index.htm",
        "finalLink": "https://www.sec.gov/Archives/edgar/data/216228/000021622817000029/itt6301710-q.htm"
    },
    {
        "date": "2017-03-31",
        "symbol": "ITT",
        "reportedCurrency": "USD",
        "cik": "0000216228",
        "fillingDate": "2017-05-08",
        "acceptedDate": "2017-05-08 15:05:43",
        "calendarYear": "2017",
        "period": "Q1",
        "revenue": 625800000,
        "costOfRevenue": 423500000,
        "grossProfit": 202300000,
        "grossProfitRatio": 0.3232662192,
        "researchAndDevelopmentExpenses": 22500000,
        "generalAndAdministrativeExpenses": 65700000,
        "sellingAndMarketingExpenses": 43100000,
        "sellingGeneralAndAdministrativeExpenses": 108800000,
        "otherExpenses": 14900000,
        "operatingExpenses": 146100000,
        "costAndExpenses": 568800000,
        "interestIncome": 0,
        "interestExpense": 2200000,
        "depreciationAndAmortization": 24800000,
        "ebitda": 81800000,
        "ebitdaratio": 0.1307126878,
        "operatingIncome": 57000000,
        "operatingIncomeRatio": 0.0910834132,
        "totalOtherIncomeExpensesNet": -800000,
        "incomeBeforeTax": 54800000,
        "incomeBeforeTaxRatio": 0.0875679131,
        "incomeTaxExpense": 9100000,
        "netIncome": 46000000,
        "netIncomeRatio": 0.0735059124,
        "eps": 0.52,
        "epsdiluted": 0.52,
        "weightedAverageShsOut": 88500000,
        "weightedAverageShsOutDil": 89200000,
        "link": "https://www.sec.gov/Archives/edgar/data/216228/000021622817000017/0000216228-17-000017-index.htm",
        "finalLink": "https://www.sec.gov/Archives/edgar/data/216228/000021622817000017/itt3311710-q.htm"
    },
    {
        "date": "2016-12-31",
        "symbol": "ITT",
        "reportedCurrency": "USD",
        "cik": "0000216228",
        "fillingDate": "2017-02-17",
        "acceptedDate": "2017-02-17 14:14:25",
        "calendarYear": "2016",
        "period": "Q4",
        "revenue": 588400000,
        "costOfRevenue": 415000000,
        "grossProfit": 173400000,
        "grossProfitRatio": 0.2946974847,
        "researchAndDevelopmentExpenses": 21900000,
        "generalAndAdministrativeExpenses": 74000000,
        "sellingAndMarketingExpenses": 41300000,
        "sellingGeneralAndAdministrativeExpenses": 115300000,
        "otherExpenses": 12600000,
        "operatingExpenses": 149800000,
        "costAndExpenses": 564800000,
        "interestIncome": 0,
        "interestExpense": 0,
        "depreciationAndAmortization": 25500000,
        "ebitda": 47000000,
        "ebitdaratio": 0.0798776343,
        "operatingIncome": 23600000,
        "operatingIncomeRatio": 0.0401087695,
        "totalOtherIncomeExpensesNet": 1000000,
        "incomeBeforeTax": 24600000,
        "incomeBeforeTaxRatio": 0.0418082937,
        "incomeTaxExpense": 700000,
        "netIncome": 25800000,
        "netIncomeRatio": 0.0438477226,
        "eps": 0.29,
        "epsdiluted": 0.29,
        "weightedAverageShsOut": 88300000,
        "weightedAverageShsOutDil": 88900000,
        "link": "https://www.sec.gov/Archives/edgar/data/216228/000021622817000006/0000216228-17-000006-index.htm",
        "finalLink": "https://www.sec.gov/Archives/edgar/data/216228/000021622817000006/itt10-kx12312016.htm"
    },
    {
        "date": "2016-09-30",
        "symbol": "ITT",
        "reportedCurrency": "USD",
        "cik": "0000216228",
        "fillingDate": "2016-11-04",
        "acceptedDate": "2016-11-04 16:02:54",
        "calendarYear": "2016",
        "period": "Q3",
        "revenue": 581700000,
        "costOfRevenue": 397800000,
        "grossProfit": 183900000,
        "grossProfitRatio": 0.3161423414,
        "researchAndDevelopmentExpenses": 18600000,
        "generalAndAdministrativeExpenses": 59200000,
        "sellingAndMarketingExpenses": 39400000,
        "sellingGeneralAndAdministrativeExpenses": 98600000,
        "otherExpenses": -68100000,
        "operatingExpenses": 49100000,
        "costAndExpenses": 446900000,
        "interestIncome": 0,
        "interestExpense": 300000,
        "depreciationAndAmortization": 25400000,
        "ebitda": 160200000,
        "ebitdaratio": 0.2753996906,
        "operatingIncome": 134800000,
        "operatingIncomeRatio": 0.2317345711,
        "totalOtherIncomeExpensesNet": -300000,
        "incomeBeforeTax": 134500000,
        "incomeBeforeTaxRatio": 0.2312188413,
        "incomeTaxExpense": 46100000,
        "netIncome": 90100000,
        "netIncomeRatio": 0.1548908372,
        "eps": 1.01,
        "epsdiluted": 1,
        "weightedAverageShsOut": 89200000,
        "weightedAverageShsOutDil": 89700000,
        "link": "https://www.sec.gov/Archives/edgar/data/216228/000021622816000144/0000216228-16-000144-index.htm",
        "finalLink": "https://www.sec.gov/Archives/edgar/data/216228/000021622816000144/itt9301610-q.htm"
    },
    {
        "date": "2016-06-30",
        "symbol": "ITT",
        "reportedCurrency": "USD",
        "cik": "0000216228",
        "fillingDate": "2016-08-04",
        "acceptedDate": "2016-08-04 16:39:16",
        "calendarYear": "2016",
        "period": "Q2",
        "revenue": 626200000,
        "costOfRevenue": 420600000,
        "grossProfit": 205600000,
        "grossProfitRatio": 0.3283296072,
        "researchAndDevelopmentExpenses": 21100000,
        "generalAndAdministrativeExpenses": 74000000,
        "sellingAndMarketingExpenses": 46000000,
        "sellingGeneralAndAdministrativeExpenses": 120000000,
        "otherExpenses": 15000000,
        "operatingExpenses": 156100000,
        "costAndExpenses": 576700000,
        "interestIncome": 0,
        "interestExpense": 500000,
        "depreciationAndAmortization": 25800000,
        "ebitda": 75300000,
        "ebitdaratio": 0.1202491217,
        "operatingIncome": 49500000,
        "operatingIncomeRatio": 0.0790482274,
        "totalOtherIncomeExpensesNet": 500000,
        "incomeBeforeTax": 50000000,
        "incomeBeforeTaxRatio": 0.0798466943,
        "incomeTaxExpense": 17500000,
        "netIncome": 32800000,
        "netIncomeRatio": 0.0523794315,
        "eps": 0.36,
        "epsdiluted": 0.36,
        "weightedAverageShsOut": 89800000,
        "weightedAverageShsOutDil": 90400000,
        "link": "https://www.sec.gov/Archives/edgar/data/216228/000021622816000135/0000216228-16-000135-index.htm",
        "finalLink": "https://www.sec.gov/Archives/edgar/data/216228/000021622816000135/itt6301610-q.htm"
    },
    {
        "date": "2016-03-31",
        "symbol": "ITT",
        "reportedCurrency": "USD",
        "cik": "0000216228",
        "fillingDate": "2016-05-05",
        "acceptedDate": "2016-05-05 16:24:52",
        "calendarYear": "2016",
        "period": "Q1",
        "revenue": 609100000,
        "costOfRevenue": 413800000,
        "grossProfit": 195300000,
        "grossProfitRatio": 0.3206370054,
        "researchAndDevelopmentExpenses": 19200000,
        "generalAndAdministrativeExpenses": 69000000,
        "sellingAndMarketingExpenses": 43300000,
        "sellingGeneralAndAdministrativeExpenses": 112300000,
        "otherExpenses": 12800000,
        "operatingExpenses": 144300000,
        "costAndExpenses": 558100000,
        "interestIncome": 0,
        "interestExpense": 1700000,
        "depreciationAndAmortization": 25300000,
        "ebitda": 76300000,
        "ebitdaratio": 0.1252667871,
        "operatingIncome": 51000000,
        "operatingIncomeRatio": 0.0837300936,
        "totalOtherIncomeExpensesNet": -1700000,
        "incomeBeforeTax": 49300000,
        "incomeBeforeTaxRatio": 0.0809390905,
        "incomeTaxExpense": 11700000,
        "netIncome": 37400000,
        "netIncomeRatio": 0.0614020686,
        "eps": 0.42,
        "epsdiluted": 0.41,
        "weightedAverageShsOut": 89600000,
        "weightedAverageShsOutDil": 90500000,
        "link": "https://www.sec.gov/Archives/edgar/data/216228/000021622816000089/0000216228-16-000089-index.htm",
        "finalLink": "https://www.sec.gov/Archives/edgar/data/216228/000021622816000089/itt3311610-q.htm"
    },
    {
        "date": "2015-12-31",
        "symbol": "ITT",
        "reportedCurrency": "USD",
        "cik": "0000216228",
        "fillingDate": "2016-02-22",
        "acceptedDate": "2016-02-19 20:09:31",
        "calendarYear": "2015",
        "period": "Q4",
        "revenue": 666800000,
        "costOfRevenue": 465500000,
        "grossProfit": 201300000,
        "grossProfitRatio": 0.3018896221,
        "researchAndDevelopmentExpenses": 23700000,
        "generalAndAdministrativeExpenses": 71500000,
        "sellingAndMarketingExpenses": 44000000,
        "sellingGeneralAndAdministrativeExpenses": 115500000,
        "otherExpenses": 8300000,
        "operatingExpenses": 147500000,
        "costAndExpenses": 613000000,
        "interestIncome": 0,
        "interestExpense": 0,
        "depreciationAndAmortization": 26900000,
        "ebitda": 73000000,
        "ebitdaratio": 0.1094781044,
        "operatingIncome": 53800000,
        "operatingIncomeRatio": 0.0806838632,
        "totalOtherIncomeExpensesNet": -300000,
        "incomeBeforeTax": 53500000,
        "incomeBeforeTaxRatio": 0.0802339532,
        "incomeTaxExpense": 17100000,
        "netIncome": 36700000,
        "netIncomeRatio": 0.0550389922,
        "eps": 0.41,
        "epsdiluted": 0.41,
        "weightedAverageShsOut": 89500000,
        "weightedAverageShsOutDil": 90500000,
        "link": "https://www.sec.gov/Archives/edgar/data/216228/000021622816000077/0000216228-16-000077-index.htm",
        "finalLink": "https://www.sec.gov/Archives/edgar/data/216228/000021622816000077/itt10-kx12312015.htm"
    },
    {
        "date": "2015-09-30",
        "symbol": "ITT",
        "reportedCurrency": "USD",
        "cik": "0000216228",
        "fillingDate": "2015-10-30",
        "acceptedDate": "2015-10-30 12:47:13",
        "calendarYear": "2015",
        "period": "Q3",
        "revenue": 601900000,
        "costOfRevenue": 407000000,
        "grossProfit": 194900000,
        "grossProfitRatio": 0.3238079415,
        "researchAndDevelopmentExpenses": 18000000,
        "generalAndAdministrativeExpenses": 60200000,
        "sellingAndMarketingExpenses": 43100000,
        "sellingGeneralAndAdministrativeExpenses": 103300000,
        "otherExpenses": -30300000,
        "operatingExpenses": 91000000,
        "costAndExpenses": 498000000,
        "interestIncome": 0,
        "interestExpense": 4000000,
        "depreciationAndAmortization": 21200000,
        "ebitda": 123900000,
        "ebitdaratio": 0.2058481475,
        "operatingIncome": 103900000,
        "operatingIncomeRatio": 0.1726200366,
        "totalOtherIncomeExpensesNet": 4000000,
        "incomeBeforeTax": 107900000,
        "incomeBeforeTaxRatio": 0.1792656587,
        "incomeTaxExpense": 11400000,
        "netIncome": 130700000,
        "netIncomeRatio": 0.2171457053,
        "eps": 1.46,
        "epsdiluted": 1.45,
        "weightedAverageShsOut": 89400000,
        "weightedAverageShsOutDil": 90300000,
        "link": "https://www.sec.gov/Archives/edgar/data/216228/000021622815000051/0000216228-15-000051-index.htm",
        "finalLink": "https://www.sec.gov/Archives/edgar/data/216228/000021622815000051/itt9301510-q.htm"
    },
    {
        "date": "2015-06-30",
        "symbol": "ITT",
        "reportedCurrency": "USD",
        "cik": "0000216228",
        "fillingDate": "2015-07-31",
        "acceptedDate": "2015-07-31 16:04:41",
        "calendarYear": "2015",
        "period": "Q2",
        "revenue": 628200000,
        "costOfRevenue": 414300000,
        "grossProfit": 213900000,
        "grossProfitRatio": 0.3404966571,
        "researchAndDevelopmentExpenses": 18900000,
        "generalAndAdministrativeExpenses": 66500000,
        "sellingAndMarketingExpenses": 48800000,
        "sellingGeneralAndAdministrativeExpenses": 115300000,
        "otherExpenses": -84800000,
        "operatingExpenses": 49400000,
        "costAndExpenses": 463700000,
        "interestIncome": 0,
        "interestExpense": 300000,
        "depreciationAndAmortization": 21200000,
        "ebitda": 185700000,
        "ebitdaratio": 0.2956064947,
        "operatingIncome": 164500000,
        "operatingIncomeRatio": 0.2618592805,
        "totalOtherIncomeExpensesNet": -300000,
        "incomeBeforeTax": 164200000,
        "incomeBeforeTaxRatio": 0.2613817256,
        "incomeTaxExpense": 23500000,
        "netIncome": 142300000,
        "netIncomeRatio": 0.2265202165,
        "eps": 1.59,
        "epsdiluted": 1.58,
        "weightedAverageShsOut": 89300000,
        "weightedAverageShsOutDil": 90200000,
        "link": "https://www.sec.gov/Archives/edgar/data/216228/000021622815000039/0000216228-15-000039-index.htm",
        "finalLink": "https://www.sec.gov/Archives/edgar/data/216228/000021622815000039/itt6301510-q.htm"
    },
    {
        "date": "2015-03-31",
        "symbol": "ITT",
        "reportedCurrency": "USD",
        "cik": "0000216228",
        "fillingDate": "2015-05-01",
        "acceptedDate": "2015-05-01 11:40:35",
        "calendarYear": "2015",
        "period": "Q1",
        "revenue": 588700000,
        "costOfRevenue": 389700000,
        "grossProfit": 199000000,
        "grossProfitRatio": 0.338032954,
        "researchAndDevelopmentExpenses": 18300000,
        "generalAndAdministrativeExpenses": 60100000,
        "sellingAndMarketingExpenses": 47300000,
        "sellingGeneralAndAdministrativeExpenses": 107400000,
        "otherExpenses": 15400000,
        "operatingExpenses": 141100000,
        "costAndExpenses": 530800000,
        "interestIncome": 0,
        "interestExpense": 1200000,
        "depreciationAndAmortization": 20700000,
        "ebitda": 78600000,
        "ebitdaratio": 0.1335145235,
        "operatingIncome": 57900000,
        "operatingIncomeRatio": 0.0983523017,
        "totalOtherIncomeExpensesNet": -1200000,
        "incomeBeforeTax": 56700000,
        "incomeBeforeTaxRatio": 0.096313912,
        "incomeTaxExpense": 18100000,
        "netIncome": 42100000,
        "netIncomeRatio": 0.0715135043,
        "eps": 0.46,
        "epsdiluted": 0.46,
        "weightedAverageShsOut": 90600000,
        "weightedAverageShsOutDil": 91600000,
        "link": "https://www.sec.gov/Archives/edgar/data/216228/000021622815000024/0000216228-15-000024-index.htm",
        "finalLink": "https://www.sec.gov/Archives/edgar/data/216228/000021622815000024/itt3311510-q.htm"
    },
    {
        "date": "2014-12-31",
        "symbol": "ITT",
        "reportedCurrency": "USD",
        "cik": "0000216228",
        "fillingDate": "2015-02-20",
        "acceptedDate": "2015-02-20 15:04:34",
        "calendarYear": "2014",
        "period": "Q4",
        "revenue": 660000000,
        "costOfRevenue": 443100000,
        "grossProfit": 216900000,
        "grossProfitRatio": 0.3286363636,
        "researchAndDevelopmentExpenses": 20200000,
        "generalAndAdministrativeExpenses": 83800000,
        "sellingAndMarketingExpenses": 138100000,
        "sellingGeneralAndAdministrativeExpenses": 138100000,
        "otherExpenses": 14700000,
        "operatingExpenses": 173000000,
        "costAndExpenses": 616100000,
        "interestIncome": 0,
        "interestExpense": 1700000,
        "depreciationAndAmortization": 24100000,
        "ebitda": 67600000,
        "ebitdaratio": 0.1024242424,
        "operatingIncome": 43900000,
        "operatingIncomeRatio": 0.0665151515,
        "totalOtherIncomeExpensesNet": -2100000,
        "incomeBeforeTax": 41800000,
        "incomeBeforeTaxRatio": 0.0633333333,
        "incomeTaxExpense": 7900000,
        "netIncome": 33700000,
        "netIncomeRatio": 0.0510606061,
        "eps": 0.37,
        "epsdiluted": 0.36,
        "weightedAverageShsOut": 91400000,
        "weightedAverageShsOutDil": 92500000,
        "link": "https://www.sec.gov/Archives/edgar/data/216228/000021622815000007/0000216228-15-000007-index.htm",
        "finalLink": "https://www.sec.gov/Archives/edgar/data/216228/000021622815000007/itt10-kx12312014.htm"
    },
    {
        "date": "2014-09-30",
        "symbol": "ITT",
        "reportedCurrency": "USD",
        "cik": "0000216228",
        "fillingDate": "2014-10-31",
        "acceptedDate": "2014-10-31 11:08:52",
        "calendarYear": "2014",
        "period": "Q3",
        "revenue": 657100000,
        "costOfRevenue": 437200000,
        "grossProfit": 219900000,
        "grossProfitRatio": 0.3346522599,
        "researchAndDevelopmentExpenses": 20100000,
        "generalAndAdministrativeExpenses": 69100000,
        "sellingAndMarketingExpenses": 53500000,
        "sellingGeneralAndAdministrativeExpenses": 122600000,
        "otherExpenses": -42500000,
        "operatingExpenses": 100200000,
        "costAndExpenses": 537400000,
        "interestIncome": 0,
        "interestExpense": 700000,
        "depreciationAndAmortization": 22000000,
        "ebitda": 141700000,
        "ebitdaratio": 0.2156444986,
        "operatingIncome": 119700000,
        "operatingIncomeRatio": 0.1821640542,
        "totalOtherIncomeExpensesNet": -700000,
        "incomeBeforeTax": 119000000,
        "incomeBeforeTaxRatio": 0.1810987673,
        "incomeTaxExpense": 38000000,
        "netIncome": 80300000,
        "netIncomeRatio": 0.122203622,
        "eps": 0.88,
        "epsdiluted": 0.86,
        "weightedAverageShsOut": 91600000,
        "weightedAverageShsOutDil": 92900000,
        "link": "https://www.sec.gov/Archives/edgar/data/216228/000021622814000046/0000216228-14-000046-index.htm",
        "finalLink": "https://www.sec.gov/Archives/edgar/data/216228/000021622814000046/itt9301410-q.htm"
    },
    {
        "date": "2014-06-30",
        "symbol": "ITT",
        "reportedCurrency": "USD",
        "cik": "0000216228",
        "fillingDate": "2014-07-31",
        "acceptedDate": "2014-07-31 12:42:46",
        "calendarYear": "2014",
        "period": "Q2",
        "revenue": 663000000,
        "costOfRevenue": 448200000,
        "grossProfit": 214800000,
        "grossProfitRatio": 0.3239819005,
        "researchAndDevelopmentExpenses": 18600000,
        "generalAndAdministrativeExpenses": 69500000,
        "sellingAndMarketingExpenses": 56300000,
        "sellingGeneralAndAdministrativeExpenses": 125800000,
        "otherExpenses": 15900000,
        "operatingExpenses": 160300000,
        "costAndExpenses": 608500000,
        "interestIncome": 0,
        "interestExpense": 500000,
        "depreciationAndAmortization": 21100000,
        "ebitda": 75600000,
        "ebitdaratio": 0.1140271493,
        "operatingIncome": 54500000,
        "operatingIncomeRatio": 0.0822021116,
        "totalOtherIncomeExpensesNet": -500000,
        "incomeBeforeTax": 54000000,
        "incomeBeforeTaxRatio": 0.0814479638,
        "incomeTaxExpense": 12400000,
        "netIncome": 38300000,
        "netIncomeRatio": 0.0577677225,
        "eps": 0.42,
        "epsdiluted": 0.41,
        "weightedAverageShsOut": 91700000,
        "weightedAverageShsOutDil": 93000000,
        "link": "https://www.sec.gov/Archives/edgar/data/216228/000021622814000033/0000216228-14-000033-index.htm",
        "finalLink": "https://www.sec.gov/Archives/edgar/data/216228/000021622814000033/itt6301410-q.htm"
    },
    {
        "date": "2014-03-31",
        "symbol": "ITT",
        "reportedCurrency": "USD",
        "cik": "0000216228",
        "fillingDate": "2014-05-01",
        "acceptedDate": "2014-05-01 16:08:07",
        "calendarYear": "2014",
        "period": "Q1",
        "revenue": 674500000,
        "costOfRevenue": 459700000,
        "grossProfit": 214800000,
        "grossProfitRatio": 0.3184581171,
        "researchAndDevelopmentExpenses": 17700000,
        "generalAndAdministrativeExpenses": 77700000,
        "sellingAndMarketingExpenses": 133000000,
        "sellingGeneralAndAdministrativeExpenses": 133000000,
        "otherExpenses": 15800000,
        "operatingExpenses": 166500000,
        "costAndExpenses": 626200000,
        "interestIncome": 0,
        "interestExpense": 1100000,
        "depreciationAndAmortization": 21100000,
        "ebitda": 69400000,
        "ebitdaratio": 0.1028910304,
        "operatingIncome": 48300000,
        "operatingIncomeRatio": 0.071608599,
        "totalOtherIncomeExpensesNet": -1100000,
        "incomeBeforeTax": 47200000,
        "incomeBeforeTaxRatio": 0.0699777613,
        "incomeTaxExpense": 13000000,
        "netIncome": 32200000,
        "netIncomeRatio": 0.047739066,
        "eps": 0.35,
        "epsdiluted": 0.35,
        "weightedAverageShsOut": 91400000,
        "weightedAverageShsOutDil": 92800000,
        "link": "https://www.sec.gov/Archives/edgar/data/216228/000021622814000017/0000216228-14-000017-index.htm",
        "finalLink": "https://www.sec.gov/Archives/edgar/data/216228/000021622814000017/itt3311410-q.htm"
    },
    {
        "date": "2013-12-31",
        "symbol": "ITT",
        "reportedCurrency": "USD",
        "cik": "0000216228",
        "fillingDate": "2014-02-21",
        "acceptedDate": "2014-02-21 13:12:23",
        "calendarYear": "2013",
        "period": "Q4",
        "revenue": 645500000,
        "costOfRevenue": 436900000,
        "grossProfit": 208600000,
        "grossProfitRatio": 0.3231603408,
        "researchAndDevelopmentExpenses": 18400000,
        "generalAndAdministrativeExpenses": 89500000,
        "sellingAndMarketingExpenses": 145900000,
        "sellingGeneralAndAdministrativeExpenses": 143700000,
        "otherExpenses": 18500000,
        "operatingExpenses": 180600000,
        "costAndExpenses": 617500000,
        "interestIncome": 0,
        "interestExpense": 3700000,
        "depreciationAndAmortization": 20400000,
        "ebitda": 82600000,
        "ebitdaratio": 0.1279628195,
        "operatingIncome": 28000000,
        "operatingIncomeRatio": 0.043377227,
        "totalOtherIncomeExpensesNet": -500000,
        "incomeBeforeTax": 27500000,
        "incomeBeforeTaxRatio": 0.0426026336,
        "incomeTaxExpense": 15400000,
        "netIncome": 11200000,
        "netIncomeRatio": 0.0173508908,
        "eps": 0.12,
        "epsdiluted": 0.12,
        "weightedAverageShsOut": 90800000,
        "weightedAverageShsOutDil": 92400000,
        "link": "https://www.sec.gov/Archives/edgar/data/216228/000021622814000008/0000216228-14-000008-index.htm",
        "finalLink": "https://www.sec.gov/Archives/edgar/data/216228/000021622814000008/itt10-kx12312013.htm"
    },
    {
        "date": "2013-09-30",
        "symbol": "ITT",
        "reportedCurrency": "USD",
        "cik": "0000216228",
        "fillingDate": "2013-10-31",
        "acceptedDate": "2013-10-31 13:19:46",
        "calendarYear": "2013",
        "period": "Q3",
        "revenue": 634000000,
        "costOfRevenue": 431100000,
        "grossProfit": 202900000,
        "grossProfitRatio": 0.3200315457,
        "researchAndDevelopmentExpenses": 16100000,
        "generalAndAdministrativeExpenses": 72500000,
        "sellingAndMarketingExpenses": 52700000,
        "sellingGeneralAndAdministrativeExpenses": 125200000,
        "otherExpenses": -15400000,
        "operatingExpenses": 125900000,
        "costAndExpenses": 557000000,
        "interestIncome": 0,
        "interestExpense": 2300000,
        "depreciationAndAmortization": 21900000,
        "ebitda": 67900000,
        "ebitdaratio": 0.1070977918,
        "operatingIncome": 77000000,
        "operatingIncomeRatio": 0.1214511041,
        "totalOtherIncomeExpensesNet": 2300000,
        "incomeBeforeTax": 79300000,
        "incomeBeforeTaxRatio": 0.1250788644,
        "incomeTaxExpense": -354400000,
        "netIncome": 430700000,
        "netIncomeRatio": 0.6793375394,
        "eps": 4.76,
        "epsdiluted": 4.69,
        "weightedAverageShsOut": 90400000,
        "weightedAverageShsOutDil": 91900000,
        "link": "https://www.sec.gov/Archives/edgar/data/216228/000021622813000004/0000216228-13-000004-index.htm",
        "finalLink": "https://www.sec.gov/Archives/edgar/data/216228/000021622813000004/itt9301310-q.htm"
    },
    {
        "date": "2013-06-30",
        "symbol": "ITT",
        "reportedCurrency": "USD",
        "cik": "0000216228",
        "fillingDate": "2013-08-01",
        "acceptedDate": "2013-08-01 15:38:08",
        "calendarYear": "2013",
        "period": "Q2",
        "revenue": 609200000,
        "costOfRevenue": 411400000,
        "grossProfit": 197800000,
        "grossProfitRatio": 0.3246881156,
        "researchAndDevelopmentExpenses": 16400000,
        "generalAndAdministrativeExpenses": 66600000,
        "sellingAndMarketingExpenses": 57500000,
        "sellingGeneralAndAdministrativeExpenses": 124100000,
        "otherExpenses": 15900000,
        "operatingExpenses": 156400000,
        "costAndExpenses": 567800000,
        "interestIncome": 0,
        "interestExpense": 2200000,
        "depreciationAndAmortization": 20100000,
        "ebitda": 61500000,
        "ebitdaratio": 0.1009520683,
        "operatingIncome": 41400000,
        "operatingIncomeRatio": 0.0679579777,
        "totalOtherIncomeExpensesNet": -2200000,
        "incomeBeforeTax": 39200000,
        "incomeBeforeTaxRatio": 0.0643466842,
        "incomeTaxExpense": 14400000,
        "netIncome": 25800000,
        "netIncomeRatio": 0.0423506238,
        "eps": 0.29,
        "epsdiluted": 0.28,
        "weightedAverageShsOut": 90400000,
        "weightedAverageShsOutDil": 91600000,
        "link": "https://www.sec.gov/Archives/edgar/data/216228/000144530513001803/0001445305-13-001803-index.htm",
        "finalLink": "https://www.sec.gov/Archives/edgar/data/216228/000144530513001803/itt6301310-q.htm"
    },
    {
        "date": "2013-03-31",
        "symbol": "ITT",
        "reportedCurrency": "USD",
        "cik": "0000216228",
        "fillingDate": "2013-05-02",
        "acceptedDate": "2013-05-02 14:49:52",
        "calendarYear": "2013",
        "period": "Q1",
        "revenue": 608200000,
        "costOfRevenue": 417700000,
        "grossProfit": 190500000,
        "grossProfitRatio": 0.3132193357,
        "researchAndDevelopmentExpenses": 16400000,
        "generalAndAdministrativeExpenses": 69100000,
        "sellingAndMarketingExpenses": 114700000,
        "sellingGeneralAndAdministrativeExpenses": 120900000,
        "otherExpenses": 16000000,
        "operatingExpenses": 153300000,
        "costAndExpenses": 571000000,
        "interestIncome": 0,
        "interestExpense": 2700000,
        "depreciationAndAmortization": 24500000,
        "ebitda": 61700000,
        "ebitdaratio": 0.1014468925,
        "operatingIncome": 37200000,
        "operatingIncomeRatio": 0.0611640908,
        "totalOtherIncomeExpensesNet": -2700000,
        "incomeBeforeTax": 34500000,
        "incomeBeforeTaxRatio": 0.0567247616,
        "incomeTaxExpense": 15000000,
        "netIncome": 20800000,
        "netIncomeRatio": 0.0341992766,
        "eps": 0.23,
        "epsdiluted": 0.22,
        "weightedAverageShsOut": 92000000,
        "weightedAverageShsOutDil": 93200000,
        "link": "https://www.sec.gov/Archives/edgar/data/216228/000119312513195730/0001193125-13-195730-index.htm",
        "finalLink": "https://www.sec.gov/Archives/edgar/data/216228/000119312513195730/d508519d10q.htm"
    },
    {
        "date": "2012-12-31",
        "symbol": "ITT",
        "reportedCurrency": "USD",
        "cik": "0000216228",
        "fillingDate": "2013-02-27",
        "acceptedDate": "2013-02-27 16:58:21",
        "calendarYear": "2012",
        "period": "Q4",
        "revenue": 527500000,
        "costOfRevenue": 362700000,
        "grossProfit": 164800000,
        "grossProfitRatio": 0.3124170616,
        "researchAndDevelopmentExpenses": 13200000,
        "generalAndAdministrativeExpenses": 24600000,
        "sellingAndMarketingExpenses": 42700000,
        "sellingGeneralAndAdministrativeExpenses": 67300000,
        "otherExpenses": 63900000,
        "operatingExpenses": 144400000,
        "costAndExpenses": 507100000,
        "interestIncome": 0,
        "interestExpense": 0,
        "depreciationAndAmortization": 19400000,
        "ebitda": -31600000,
        "ebitdaratio": -0.0599052133,
        "operatingIncome": 20400000,
        "operatingIncomeRatio": 0.0386729858,
        "totalOtherIncomeExpensesNet": -2500000,
        "incomeBeforeTax": 17900000,
        "incomeBeforeTaxRatio": 0.0339336493,
        "incomeTaxExpense": -3900000,
        "netIncome": 32400000,
        "netIncomeRatio": 0.0614218009,
        "eps": 0.35,
        "epsdiluted": 0.35,
        "weightedAverageShsOut": 92000000,
        "weightedAverageShsOutDil": 92000000,
        "link": "https://www.sec.gov/Archives/edgar/data/216228/000119312513080241/0001193125-13-080241-index.htm",
        "finalLink": "https://www.sec.gov/Archives/edgar/data/216228/000119312513080241/d445968d10k.htm"
    },
    {
        "date": "2012-09-30",
        "symbol": "ITT",
        "reportedCurrency": "USD",
        "cik": "0000216228",
        "fillingDate": "2012-11-02",
        "acceptedDate": "2012-11-02 14:44:22",
        "calendarYear": "2012",
        "period": "Q3",
        "revenue": 555900000,
        "costOfRevenue": 387100000,
        "grossProfit": 168800000,
        "grossProfitRatio": 0.3036517359,
        "researchAndDevelopmentExpenses": 15700000,
        "generalAndAdministrativeExpenses": 60000000,
        "sellingAndMarketingExpenses": 42600000,
        "sellingGeneralAndAdministrativeExpenses": 101600000,
        "otherExpenses": 12800000,
        "operatingExpenses": 129500000,
        "costAndExpenses": 510800000,
        "interestIncome": 20500000,
        "interestExpense": 5000000,
        "depreciationAndAmortization": 17200000,
        "ebitda": 48100000,
        "ebitdaratio": 0.0865263537,
        "operatingIncome": 36700000,
        "operatingIncomeRatio": 0.0660190682,
        "totalOtherIncomeExpensesNet": 4800000,
        "incomeBeforeTax": 42000000,
        "incomeBeforeTaxRatio": 0.075553157,
        "incomeTaxExpense": -18800000,
        "netIncome": 73000000,
        "netIncomeRatio": 0.1313185825,
        "eps": 0.79,
        "epsdiluted": 0.78,
        "weightedAverageShsOut": 92500000,
        "weightedAverageShsOutDil": 93500000,
        "link": "https://www.sec.gov/Archives/edgar/data/216228/000119312512448824/0001193125-12-448824-index.htm",
        "finalLink": "https://www.sec.gov/Archives/edgar/data/216228/000119312512448824/d400319d10q.htm"
    },
    {
        "date": "2012-06-30",
        "symbol": "ITT",
        "reportedCurrency": "USD",
        "cik": "0000216228",
        "fillingDate": "2012-08-03",
        "acceptedDate": "2012-08-03 13:25:46",
        "calendarYear": "2012",
        "period": "Q2",
        "revenue": 567500000,
        "costOfRevenue": 393800000,
        "grossProfit": 173700000,
        "grossProfitRatio": 0.3060792952,
        "researchAndDevelopmentExpenses": 17100000,
        "generalAndAdministrativeExpenses": 41300000,
        "sellingAndMarketingExpenses": 46900000,
        "sellingGeneralAndAdministrativeExpenses": 87100000,
        "otherExpenses": 9700000,
        "operatingExpenses": 113400000,
        "costAndExpenses": 500900000,
        "interestIncome": 400000,
        "interestExpense": 3400000,
        "depreciationAndAmortization": 16600000,
        "ebitda": 73600000,
        "ebitdaratio": 0.12969163,
        "operatingIncome": 57000000,
        "operatingIncomeRatio": 0.1004405286,
        "totalOtherIncomeExpensesNet": -2700000,
        "incomeBeforeTax": 54300000,
        "incomeBeforeTaxRatio": 0.0956828194,
        "incomeTaxExpense": 37600000,
        "netIncome": 16800000,
        "netIncomeRatio": 0.0296035242,
        "eps": 0.18,
        "epsdiluted": 0.18,
        "weightedAverageShsOut": 92800000,
        "weightedAverageShsOutDil": 93900000,
        "link": "https://www.sec.gov/Archives/edgar/data/216228/000119312512334273/0001193125-12-334273-index.htm",
        "finalLink": "https://www.sec.gov/Archives/edgar/data/216228/000119312512334273/d354367d10q.htm"
    },
    {
        "date": "2012-03-31",
        "symbol": "ITT",
        "reportedCurrency": "USD",
        "cik": "0000216228",
        "fillingDate": "2012-05-04",
        "acceptedDate": "2012-05-04 14:45:22",
        "calendarYear": "2012",
        "period": "Q1",
        "revenue": 577000000,
        "costOfRevenue": 404000000,
        "grossProfit": 173000000,
        "grossProfitRatio": 0.2998266898,
        "researchAndDevelopmentExpenses": 17000000,
        "generalAndAdministrativeExpenses": 57700000,
        "sellingAndMarketingExpenses": 48000000,
        "sellingGeneralAndAdministrativeExpenses": 104800000,
        "otherExpenses": 12600000,
        "operatingExpenses": 133500000,
        "costAndExpenses": 531400000,
        "interestIncome": 1000000,
        "interestExpense": 1600000,
        "depreciationAndAmortization": 16200000,
        "ebitda": 52900000,
        "ebitdaratio": 0.0916811092,
        "operatingIncome": 36700000,
        "operatingIncomeRatio": 0.0636048527,
        "totalOtherIncomeExpensesNet": -1900000,
        "incomeBeforeTax": 35000000,
        "incomeBeforeTaxRatio": 0.0606585789,
        "incomeTaxExpense": 25000000,
        "netIncome": 3000000,
        "netIncomeRatio": 0.0051993068,
        "eps": 0.03,
        "epsdiluted": 0.03,
        "weightedAverageShsOut": 94300000,
        "weightedAverageShsOutDil": 95700000,
        "link": "https://www.sec.gov/Archives/edgar/data/216228/000119312512211562/0001193125-12-211562-index.htm",
        "finalLink": "https://www.sec.gov/Archives/edgar/data/216228/000119312512211562/d323203d10q.htm"
    },
    {
        "date": "2011-12-31",
        "symbol": "ITT",
        "reportedCurrency": "USD",
        "cik": "0000216228",
        "fillingDate": "2012-02-29",
        "acceptedDate": "2012-02-29 17:16:53",
        "calendarYear": "2011",
        "period": "Q4",
        "revenue": -6646000000,
        "costOfRevenue": -4822000000,
        "grossProfit": -1824000000,
        "grossProfitRatio": 0.2744507975,
        "researchAndDevelopmentExpenses": -129000000,
        "generalAndAdministrativeExpenses": 0,
        "sellingAndMarketingExpenses": 0,
        "sellingGeneralAndAdministrativeExpenses": -843000000,
        "otherExpenses": -5000000,
        "operatingExpenses": -977000000,
        "costAndExpenses": -5799000000,
        "interestIncome": 0,
        "interestExpense": 4000000,
        "depreciationAndAmortization": -183000000,
        "ebitda": -863000000,
        "ebitdaratio": 0.1298525429,
        "operatingIncome": -847000000,
        "operatingIncomeRatio": 0.1274450797,
        "totalOtherIncomeExpensesNet": -20000000,
        "incomeBeforeTax": -867000000,
        "incomeBeforeTaxRatio": 0.1304544087,
        "incomeTaxExpense": 76000000,
        "netIncome": -500000000,
        "netIncomeRatio": 0.075233223,
        "eps": -5.35,
        "epsdiluted": -5.3,
        "weightedAverageShsOut": 93400000,
        "weightedAverageShsOutDil": 94300000,
        "link": "https://www.sec.gov/Archives/edgar/data/216228/000119312512089618/0001193125-12-089618-index.htm",
        "finalLink": "https://www.sec.gov/Archives/edgar/data/216228/000119312512089618/d261204d10k.htm"
    },
    {
        "date": "2011-09-30",
        "symbol": "ITT",
        "reportedCurrency": "USD",
        "cik": "0000216228",
        "fillingDate": "2011-10-28",
        "acceptedDate": "2011-10-28 16:50:15",
        "calendarYear": "2011",
        "period": "Q3",
        "revenue": 2981000000,
        "costOfRevenue": 2127000000,
        "grossProfit": 854000000,
        "grossProfitRatio": 0.2864810466,
        "researchAndDevelopmentExpenses": 64000000,
        "generalAndAdministrativeExpenses": 107100000,
        "sellingAndMarketingExpenses": 0,
        "sellingGeneralAndAdministrativeExpenses": 150700000,
        "otherExpenses": 0,
        "operatingExpenses": 166500000,
        "costAndExpenses": 527200000,
        "interestIncome": 43500000,
        "interestExpense": 23000000,
        "depreciationAndAmortization": 17300000,
        "ebitda": 6500000,
        "ebitdaratio": 0.0021804764,
        "operatingIncome": -11300000,
        "operatingIncomeRatio": -0.0037906743,
        "totalOtherIncomeExpensesNet": 70300000,
        "incomeBeforeTax": 130000000,
        "incomeBeforeTaxRatio": 0.043609527,
        "incomeTaxExpense": 59000000,
        "netIncome": 78000000,
        "netIncomeRatio": 0.0261657162,
        "eps": 1.17,
        "epsdiluted": 1.17,
        "weightedAverageShsOut": 92700000,
        "weightedAverageShsOutDil": 92700000,
        "link": "https://www.sec.gov/Archives/edgar/data/216228/000095012311093025/0000950123-11-093025-index.htm",
        "finalLink": "https://www.sec.gov/Archives/edgar/data/216228/000095012311093025/y92712e10vq.htm"
    },
    {
        "date": "2011-06-30",
        "symbol": "ITT",
        "reportedCurrency": "USD",
        "cik": "0000216228",
        "fillingDate": "2011-08-01",
        "acceptedDate": "2011-08-01 15:23:29",
        "calendarYear": "2011",
        "period": "Q2",
        "revenue": 3024000000,
        "costOfRevenue": 2184000000,
        "grossProfit": 840000000,
        "grossProfitRatio": 0.2777777778,
        "researchAndDevelopmentExpenses": 70000000,
        "generalAndAdministrativeExpenses": 68500000,
        "sellingAndMarketingExpenses": 0,
        "sellingGeneralAndAdministrativeExpenses": 112400000,
        "otherExpenses": 0,
        "operatingExpenses": 129400000,
        "costAndExpenses": 505800000,
        "interestIncome": 900000,
        "interestExpense": 22000000,
        "depreciationAndAmortization": 18000000,
        "ebitda": 68400000,
        "ebitdaratio": 0.0226190476,
        "operatingIncome": 46600000,
        "operatingIncomeRatio": 0.0154100529,
        "totalOtherIncomeExpensesNet": 201400000,
        "incomeBeforeTax": 248000000,
        "incomeBeforeTaxRatio": 0.082010582,
        "incomeTaxExpense": 80000000,
        "netIncome": 168000000,
        "netIncomeRatio": 0.0555555556,
        "eps": 1.82,
        "epsdiluted": 1.8,
        "weightedAverageShsOut": 92650000,
        "weightedAverageShsOutDil": 93400000,
        "link": "https://www.sec.gov/Archives/edgar/data/216228/000095012311071017/0000950123-11-071017-index.htm",
        "finalLink": "https://www.sec.gov/Archives/edgar/data/216228/000095012311071017/y91354e10vq.htm"
    },
    {
        "date": "2011-03-31",
        "symbol": "ITT",
        "reportedCurrency": "USD",
        "cik": "0000216228",
        "fillingDate": "2011-05-02",
        "acceptedDate": "2011-05-02 16:39:22",
        "calendarYear": "2011",
        "period": "Q1",
        "revenue": 2760000000,
        "costOfRevenue": 1975000000,
        "grossProfit": 785000000,
        "grossProfitRatio": 0.2844202899,
        "researchAndDevelopmentExpenses": 61000000,
        "generalAndAdministrativeExpenses": 121000000,
        "sellingAndMarketingExpenses": 0,
        "sellingGeneralAndAdministrativeExpenses": 162000000,
        "otherExpenses": 0,
        "operatingExpenses": 178000000,
        "costAndExpenses": 543000000,
        "interestIncome": 1000000,
        "interestExpense": 25000000,
        "depreciationAndAmortization": 18000000,
        "ebitda": 8000000,
        "ebitdaratio": 0.0028985507,
        "operatingIncome": -10000000,
        "operatingIncomeRatio": -0.0036231884,
        "totalOtherIncomeExpensesNet": 55000000,
        "incomeBeforeTax": 171000000,
        "incomeBeforeTaxRatio": 0.0619565217,
        "incomeTaxExpense": 45000000,
        "netIncome": 124000000,
        "netIncomeRatio": 0.0449275362,
        "eps": 1.31,
        "epsdiluted": 1.31,
        "weightedAverageShsOut": 92500000,
        "weightedAverageShsOutDil": 92500000,
        "link": "https://www.sec.gov/Archives/edgar/data/216228/000095012311042973/0000950123-11-042973-index.htm",
        "finalLink": "https://www.sec.gov/Archives/edgar/data/216228/000095012311042973/y90613e10vq.htm"
    },
    {
        "date": "2010-12-31",
        "symbol": "ITT",
        "reportedCurrency": "USD",
        "cik": "0000216228",
        "fillingDate": "2011-02-24",
        "acceptedDate": "2011-02-24 16:48:05",
        "calendarYear": "2010",
        "period": "Q4",
        "revenue": 3035000000,
        "costOfRevenue": 2127000000,
        "grossProfit": 908000000,
        "grossProfitRatio": 0.2991762768,
        "researchAndDevelopmentExpenses": 70000000,
        "generalAndAdministrativeExpenses": 0,
        "sellingAndMarketingExpenses": 0,
        "sellingGeneralAndAdministrativeExpenses": 820000000,
        "otherExpenses": -345000000,
        "operatingExpenses": 545000000,
        "costAndExpenses": 2672000000,
        "interestIncome": 2000000,
        "interestExpense": 26000000,
        "depreciationAndAmortization": 83000000,
        "ebitda": 451000000,
        "ebitdaratio": 0.1485996705,
        "operatingIncome": 363000000,
        "operatingIncomeRatio": 0.1196046129,
        "totalOtherIncomeExpensesNet": -21000000,
        "incomeBeforeTax": 342000000,
        "incomeBeforeTaxRatio": 0.1126853377,
        "incomeTaxExpense": 70000000,
        "netIncome": 269000000,
        "netIncomeRatio": 0.0886326194,
        "eps": 2.91,
        "epsdiluted": 2.91,
        "weightedAverageShsOut": 92300000,
        "weightedAverageShsOutDil": 92500000,
        "link": "https://www.sec.gov/Archives/edgar/data/216228/000095012311017908/0000950123-11-017908-index.htm",
        "finalLink": "https://www.sec.gov/Archives/edgar/data/216228/000095012311017908/y87861e10vk.htm"
    },
    {
        "date": "2010-09-30",
        "symbol": "ITT",
        "reportedCurrency": "USD",
        "cik": "0000216228",
        "fillingDate": "2010-11-01",
        "acceptedDate": "2010-11-01 16:35:51",
        "calendarYear": "2010",
        "period": "Q3",
        "revenue": 2643000000,
        "costOfRevenue": 1875000000,
        "grossProfit": 768000000,
        "grossProfitRatio": 0.2905788876,
        "researchAndDevelopmentExpenses": 60000000,
        "generalAndAdministrativeExpenses": 0,
        "sellingAndMarketingExpenses": 0,
        "sellingGeneralAndAdministrativeExpenses": 737000000,
        "otherExpenses": 3000000,
        "operatingExpenses": 800000000,
        "costAndExpenses": 2675000000,
        "interestIncome": 3000000,
        "interestExpense": 26000000,
        "depreciationAndAmortization": 74000000,
        "ebitda": 52000000,
        "ebitdaratio": 0.0196746122,
        "operatingIncome": -32000000,
        "operatingIncomeRatio": -0.0121074537,
        "totalOtherIncomeExpensesNet": -16000000,
        "incomeBeforeTax": -48000000,
        "incomeBeforeTaxRatio": -0.0181611805,
        "incomeTaxExpense": -60000000,
        "netIncome": 145000000,
        "netIncomeRatio": 0.0548618994,
        "eps": 1.58,
        "epsdiluted": 1.56,
        "weightedAverageShsOut": 92050000,
        "weightedAverageShsOutDil": 92650000,
        "link": "https://www.sec.gov/Archives/edgar/data/216228/000095012310098824/0000950123-10-098824-index.htm",
        "finalLink": "https://www.sec.gov/Archives/edgar/data/216228/000095012310098824/y86801e10vq.htm"
    },
    {
        "date": "2010-06-30",
        "symbol": "ITT",
        "reportedCurrency": "USD",
        "cik": "0000216228",
        "fillingDate": "2010-08-02",
        "acceptedDate": "2010-08-02 11:50:51",
        "calendarYear": "2010",
        "period": "Q2",
        "revenue": 2739000000,
        "costOfRevenue": 1958000000,
        "grossProfit": 781000000,
        "grossProfitRatio": 0.2851405622,
        "researchAndDevelopmentExpenses": 60000000,
        "generalAndAdministrativeExpenses": 0,
        "sellingAndMarketingExpenses": 0,
        "sellingGeneralAndAdministrativeExpenses": 387000000,
        "otherExpenses": 10000000,
        "operatingExpenses": 457000000,
        "costAndExpenses": 2415000000,
        "interestIncome": 8000000,
        "interestExpense": 23000000,
        "depreciationAndAmortization": 72000000,
        "ebitda": 400000000,
        "ebitdaratio": 0.1460387003,
        "operatingIncome": 324000000,
        "operatingIncomeRatio": 0.1182913472,
        "totalOtherIncomeExpensesNet": -19000000,
        "incomeBeforeTax": 305000000,
        "incomeBeforeTaxRatio": 0.1113545089,
        "incomeTaxExpense": 79000000,
        "netIncome": 238000000,
        "netIncomeRatio": 0.0868930267,
        "eps": 2.58,
        "epsdiluted": 2.56,
        "weightedAverageShsOut": 92000000,
        "weightedAverageShsOutDil": 92750000,
        "link": "https://www.sec.gov/Archives/edgar/data/216228/000095012310070940/0000950123-10-070940-index.htm",
        "finalLink": "https://www.sec.gov/Archives/edgar/data/216228/000095012310070940/y84560e10vq.htm"
    },
    {
        "date": "2010-03-31",
        "symbol": "ITT",
        "reportedCurrency": "USD",
        "cik": "0000216228",
        "fillingDate": "2010-05-03",
        "acceptedDate": "2010-05-03 11:49:45",
        "calendarYear": "2010",
        "period": "Q1",
        "revenue": 2636000000,
        "costOfRevenue": 1908000000,
        "grossProfit": 728000000,
        "grossProfitRatio": 0.2761760243,
        "researchAndDevelopmentExpenses": 63000000,
        "generalAndAdministrativeExpenses": 0,
        "sellingAndMarketingExpenses": 0,
        "sellingGeneralAndAdministrativeExpenses": 393000000,
        "otherExpenses": 17000000,
        "operatingExpenses": 473000000,
        "costAndExpenses": 2333000000,
        "interestIncome": 3000000,
        "interestExpense": 25000000,
        "depreciationAndAmortization": 68000000,
        "ebitda": 312000000,
        "ebitdaratio": 0.1183611533,
        "operatingIncome": 245000000,
        "operatingIncomeRatio": 0.0929438543,
        "totalOtherIncomeExpensesNet": -27000000,
        "incomeBeforeTax": 223000000,
        "incomeBeforeTaxRatio": 0.0845978756,
        "incomeTaxExpense": 77000000,
        "netIncome": 146000000,
        "netIncomeRatio": 0.0553869499,
        "eps": 1.6,
        "epsdiluted": 1.58,
        "weightedAverageShsOut": 91650000,
        "weightedAverageShsOutDil": 92450000,
        "link": "https://www.sec.gov/Archives/edgar/data/216228/000095012310042480/0000950123-10-042480-index.htm",
        "finalLink": "https://www.sec.gov/Archives/edgar/data/216228/000095012310042480/y83645e10vq.htm"
    },
    {
        "date": "2009-12-31",
        "symbol": "ITT",
        "reportedCurrency": "USD",
        "cik": "0000216228",
        "fillingDate": "2010-03-01",
        "acceptedDate": "2010-02-26 20:22:58",
        "calendarYear": "2009",
        "period": "Q4",
        "revenue": 2869700000,
        "costOfRevenue": 2031300000,
        "grossProfit": 838400000,
        "grossProfitRatio": 0.2921559745,
        "researchAndDevelopmentExpenses": 84100000,
        "generalAndAdministrativeExpenses": 0,
        "sellingAndMarketingExpenses": 0,
        "sellingGeneralAndAdministrativeExpenses": 651500000,
        "otherExpenses": -185200000,
        "operatingExpenses": 550400000,
        "costAndExpenses": 2581700000,
        "interestIncome": 2400000,
        "interestExpense": 25800000,
        "depreciationAndAmortization": 75800000,
        "ebitda": 366800000,
        "ebitdaratio": 0.1278182388,
        "operatingIncome": 288000000,
        "operatingIncomeRatio": 0.1003589225,
        "totalOtherIncomeExpensesNet": -22800000,
        "incomeBeforeTax": 265200000,
        "incomeBeforeTaxRatio": 0.0924138412,
        "incomeTaxExpense": 69600000,
        "netIncome": 199200000,
        "netIncomeRatio": 0.0694149214,
        "eps": 2.17,
        "epsdiluted": 2.17,
        "weightedAverageShsOut": 91400000,
        "weightedAverageShsOutDil": 91650000,
        "link": "https://www.sec.gov/Archives/edgar/data/216228/000095012310018519/0000950123-10-018519-index.htm",
        "finalLink": "https://www.sec.gov/Archives/edgar/data/216228/000095012310018519/y81031e10vk.htm"
    },
    {
        "date": "2009-09-30",
        "symbol": "ITT",
        "reportedCurrency": "USD",
        "cik": "0000216228",
        "fillingDate": "2009-11-03",
        "acceptedDate": "2009-11-02 19:45:31",
        "calendarYear": "2009",
        "period": "Q3",
        "revenue": 2697700000,
        "costOfRevenue": 1923300000,
        "grossProfit": 774400000,
        "grossProfitRatio": 0.2870593469,
        "researchAndDevelopmentExpenses": 63800000,
        "generalAndAdministrativeExpenses": 0,
        "sellingAndMarketingExpenses": 0,
        "sellingGeneralAndAdministrativeExpenses": 381000000,
        "otherExpenses": 232000000,
        "operatingExpenses": 671000000,
        "costAndExpenses": 2551000000,
        "interestIncome": 14000000,
        "interestExpense": 25000000,
        "depreciationAndAmortization": 74000000,
        "ebitda": 174000000,
        "ebitdaratio": 0.0644993884,
        "operatingIncome": 89000000,
        "operatingIncomeRatio": 0.0329910665,
        "totalOtherIncomeExpensesNet": -11100000,
        "incomeBeforeTax": 77900000,
        "incomeBeforeTaxRatio": 0.0288764503,
        "incomeTaxExpense": 11900000,
        "netIncome": 59000000,
        "netIncomeRatio": 0.0218704823,
        "eps": 0.64,
        "epsdiluted": 0.64,
        "weightedAverageShsOut": 91350000,
        "weightedAverageShsOutDil": 92150000,
        "link": "https://www.sec.gov/Archives/edgar/data/216228/000095012309056401/0000950123-09-056401-index.htm",
        "finalLink": "https://www.sec.gov/Archives/edgar/data/216228/000095012309056401/y80012e10vq.htm"
    },
    {
        "date": "2009-06-30",
        "symbol": "ITT",
        "reportedCurrency": "USD",
        "cik": "0000216228",
        "fillingDate": "2009-08-03",
        "acceptedDate": "2009-08-03 15:10:23",
        "calendarYear": "2009",
        "period": "Q2",
        "revenue": 2780000000,
        "costOfRevenue": 2001200000,
        "grossProfit": 778800000,
        "grossProfitRatio": 0.2801438849,
        "researchAndDevelopmentExpenses": 57300000,
        "generalAndAdministrativeExpenses": 0,
        "sellingAndMarketingExpenses": 0,
        "sellingGeneralAndAdministrativeExpenses": 389000000,
        "otherExpenses": 20000000,
        "operatingExpenses": 466000000,
        "costAndExpenses": 2416000000,
        "interestIncome": 4000000,
        "interestExpense": 23000000,
        "depreciationAndAmortization": 74000000,
        "ebitda": 378000000,
        "ebitdaratio": 0.135971223,
        "operatingIncome": 303000000,
        "operatingIncomeRatio": 0.1089928058,
        "totalOtherIncomeExpensesNet": -21600000,
        "incomeBeforeTax": 285600000,
        "incomeBeforeTaxRatio": 0.1027338129,
        "incomeTaxExpense": 83000000,
        "netIncome": 201400000,
        "netIncomeRatio": 0.0724460432,
        "eps": 2.2,
        "epsdiluted": 2.2,
        "weightedAverageShsOut": 91250000,
        "weightedAverageShsOutDil": 91800000,
        "link": "https://www.sec.gov/Archives/edgar/data/216228/000095012309028851/0000950123-09-028851-index.htm",
        "finalLink": "https://www.sec.gov/Archives/edgar/data/216228/000095012309028851/y78517e10vq.htm"
    },
    {
        "date": "2009-03-31",
        "symbol": "ITT",
        "reportedCurrency": "USD",
        "cik": "0000216228",
        "fillingDate": "2009-04-27",
        "acceptedDate": "2009-04-27 15:13:34",
        "calendarYear": "2009",
        "period": "Q1",
        "revenue": 2557100000,
        "costOfRevenue": 1888000000,
        "grossProfit": 669100000,
        "grossProfitRatio": 0.2616636033,
        "researchAndDevelopmentExpenses": 52900000,
        "generalAndAdministrativeExpenses": 0,
        "sellingAndMarketingExpenses": 0,
        "sellingGeneralAndAdministrativeExpenses": 383000000,
        "otherExpenses": 11000000,
        "operatingExpenses": 447000000,
        "costAndExpenses": 2335000000,
        "interestIncome": 4000000,
        "interestExpense": 26000000,
        "depreciationAndAmortization": 66000000,
        "ebitda": 289000000,
        "ebitdaratio": 0.1130186539,
        "operatingIncome": 222000000,
        "operatingIncomeRatio": 0.0868170975,
        "totalOtherIncomeExpensesNet": -24500000,
        "incomeBeforeTax": 196500000,
        "incomeBeforeTaxRatio": 0.0768448633,
        "incomeTaxExpense": 10000000,
        "netIncome": 184100000,
        "netIncomeRatio": 0.07199562,
        "eps": 2.02,
        "epsdiluted": 2.02,
        "weightedAverageShsOut": 91000000,
        "weightedAverageShsOutDil": 91600000,
        "link": "https://www.sec.gov/Archives/edgar/data/216228/000095012309007252/0000950123-09-007252-index.htm",
        "finalLink": "https://www.sec.gov/Archives/edgar/data/216228/000095012309007252/y76590e10vq.htm"
    },
    {
        "date": "2008-12-31",
        "symbol": "ITT",
        "reportedCurrency": "USD",
        "cik": "0000216228",
        "fillingDate": "2009-02-25",
        "acceptedDate": "2009-02-25 14:03:23",
        "calendarYear": "2008",
        "period": "Q4",
        "revenue": 2945000000,
        "costOfRevenue": 2128300000,
        "grossProfit": 816700000,
        "grossProfitRatio": 0.2773174873,
        "researchAndDevelopmentExpenses": 71800000,
        "generalAndAdministrativeExpenses": 0,
        "sellingAndMarketingExpenses": 0,
        "sellingGeneralAndAdministrativeExpenses": 440100000,
        "otherExpenses": 61600000,
        "operatingExpenses": 573500000,
        "costAndExpenses": 2701800000,
        "interestIncome": 0,
        "interestExpense": 0,
        "depreciationAndAmortization": 62500000,
        "ebitda": 308000000,
        "ebitdaratio": 0.1045840407,
        "operatingIncome": 243200000,
        "operatingIncomeRatio": 0.0825806452,
        "totalOtherIncomeExpensesNet": -35300000,
        "incomeBeforeTax": 207900000,
        "incomeBeforeTaxRatio": 0.0705942275,
        "incomeTaxExpense": 32400000,
        "netIncome": 185500000,
        "netIncomeRatio": 0.0629881154,
        "eps": 2.04,
        "epsdiluted": 2.04,
        "weightedAverageShsOut": 90200000,
        "weightedAverageShsOutDil": 91000000,
        "link": "https://www.sec.gov/Archives/edgar/data/216228/000095012309003408/0000950123-09-003408-index.htm",
        "finalLink": "https://www.sec.gov/Archives/edgar/data/216228/000095012309003408/y74061e10vk.htm"
    },
    {
        "date": "2008-09-30",
        "symbol": "ITT",
        "reportedCurrency": "USD",
        "cik": "0000216228",
        "fillingDate": "2008-10-27",
        "acceptedDate": "2008-10-27 16:01:41",
        "calendarYear": "2008",
        "period": "Q3",
        "revenue": 2879300000,
        "costOfRevenue": 2068600000,
        "grossProfit": 810700000,
        "grossProfitRatio": 0.2815614906,
        "researchAndDevelopmentExpenses": 60700000,
        "generalAndAdministrativeExpenses": 0,
        "sellingAndMarketingExpenses": 0,
        "sellingGeneralAndAdministrativeExpenses": 417000000,
        "otherExpenses": 5000000,
        "operatingExpenses": 482700000,
        "costAndExpenses": 2551300000,
        "interestIncome": 0,
        "interestExpense": 0,
        "depreciationAndAmortization": 67200000,
        "ebitda": 400200000,
        "ebitdaratio": 0.1389921161,
        "operatingIncome": 328000000,
        "operatingIncomeRatio": 0.1139165769,
        "totalOtherIncomeExpensesNet": -24900000,
        "incomeBeforeTax": 303100000,
        "incomeBeforeTaxRatio": 0.1052686417,
        "incomeTaxExpense": 98600000,
        "netIncome": 216300000,
        "netIncomeRatio": 0.0751224256,
        "eps": 2.4,
        "epsdiluted": 2.36,
        "weightedAverageShsOut": 90300000,
        "weightedAverageShsOutDil": 91900000,
        "link": "https://www.sec.gov/Archives/edgar/data/216228/000095012308013541/0000950123-08-013541-index.htm",
        "finalLink": "https://www.sec.gov/Archives/edgar/data/216228/000095012308013541/y72035e10vq.htm"
    },
    {
        "date": "2008-06-30",
        "symbol": "ITT",
        "reportedCurrency": "USD",
        "cik": "0000216228",
        "fillingDate": "2008-07-25",
        "acceptedDate": "2008-07-25 16:41:30",
        "calendarYear": "2008",
        "period": "Q2",
        "revenue": 3064100000,
        "costOfRevenue": 2197000000,
        "grossProfit": 867100000,
        "grossProfitRatio": 0.2829868477,
        "researchAndDevelopmentExpenses": 59200000,
        "generalAndAdministrativeExpenses": 0,
        "sellingAndMarketingExpenses": 0,
        "sellingGeneralAndAdministrativeExpenses": 445800000,
        "otherExpenses": 7300000,
        "operatingExpenses": 512300000,
        "costAndExpenses": 2709300000,
        "interestIncome": 0,
        "interestExpense": 0,
        "depreciationAndAmortization": 77400000,
        "ebitda": 439500000,
        "ebitdaratio": 0.1434352665,
        "operatingIncome": 354800000,
        "operatingIncomeRatio": 0.1157925655,
        "totalOtherIncomeExpensesNet": -27200000,
        "incomeBeforeTax": 327600000,
        "incomeBeforeTaxRatio": 0.1069155706,
        "incomeTaxExpense": 103300000,
        "netIncome": 221000000,
        "netIncomeRatio": 0.0721255834,
        "eps": 2.44,
        "epsdiluted": 2.4,
        "weightedAverageShsOut": 90500000,
        "weightedAverageShsOutDil": 92150000,
        "link": "https://www.sec.gov/Archives/edgar/data/216228/000095012308008320/0000950123-08-008320-index.htm",
        "finalLink": "https://www.sec.gov/Archives/edgar/data/216228/000095012308008320/y63658e10vq.htm"
    },
    {
        "date": "2008-03-31",
        "symbol": "ITT",
        "reportedCurrency": "USD",
        "cik": "0000216228",
        "fillingDate": "2008-04-25",
        "acceptedDate": "2008-04-25 17:05:37",
        "calendarYear": "2008",
        "period": "Q1",
        "revenue": 2806400000,
        "costOfRevenue": 2045500000,
        "grossProfit": 760900000,
        "grossProfitRatio": 0.2711302737,
        "researchAndDevelopmentExpenses": 52600000,
        "generalAndAdministrativeExpenses": 0,
        "sellingAndMarketingExpenses": 0,
        "sellingGeneralAndAdministrativeExpenses": 420600000,
        "otherExpenses": 3600000,
        "operatingExpenses": 476800000,
        "costAndExpenses": 2522300000,
        "interestIncome": 0,
        "interestExpense": 0,
        "depreciationAndAmortization": 71200000,
        "ebitda": 358900000,
        "ebitdaratio": 0.12788626,
        "operatingIncome": 284100000,
        "operatingIncomeRatio": 0.1012328962,
        "totalOtherIncomeExpensesNet": -35200000,
        "incomeBeforeTax": 248900000,
        "incomeBeforeTaxRatio": 0.0886901368,
        "incomeTaxExpense": 78000000,
        "netIncome": 171900000,
        "netIncomeRatio": 0.0612528506,
        "eps": 1.9,
        "epsdiluted": 1.88,
        "weightedAverageShsOut": 90350000,
        "weightedAverageShsOutDil": 91700000,
        "link": "https://www.sec.gov/Archives/edgar/data/216228/000095012308004651/0000950123-08-004651-index.htm",
        "finalLink": "https://www.sec.gov/Archives/edgar/data/216228/000095012308004651/y55291e10vq.htm"
    },
    {
        "date": "2007-12-31",
        "symbol": "ITT",
        "reportedCurrency": "USD",
        "cik": "0000216228",
        "fillingDate": "2008-02-28",
        "acceptedDate": "2008-02-28 17:01:13",
        "calendarYear": "2007",
        "period": "Q4",
        "revenue": 2528700000,
        "costOfRevenue": 1828100000,
        "grossProfit": 700600000,
        "grossProfitRatio": 0.2770593586,
        "researchAndDevelopmentExpenses": 52400000,
        "generalAndAdministrativeExpenses": 0,
        "sellingAndMarketingExpenses": 0,
        "sellingGeneralAndAdministrativeExpenses": 364200000,
        "otherExpenses": 35000000,
        "operatingExpenses": 451600000,
        "costAndExpenses": 2279700000,
        "interestIncome": 0,
        "interestExpense": 0,
        "depreciationAndAmortization": 50700000,
        "ebitda": 334700000,
        "ebitdaratio": 0.1323605014,
        "operatingIncome": 249000000,
        "operatingIncomeRatio": 0.0984695693,
        "totalOtherIncomeExpensesNet": -30400000,
        "incomeBeforeTax": 218600000,
        "incomeBeforeTaxRatio": 0.0864475818,
        "incomeTaxExpense": 90200000,
        "netIncome": 158300000,
        "netIncomeRatio": 0.0626013367,
        "eps": 1.75,
        "epsdiluted": 1.75,
        "weightedAverageShsOut": 90150000,
        "weightedAverageShsOutDil": 90350000,
        "link": "https://www.sec.gov/Archives/edgar/data/216228/000095012308002275/0000950123-08-002275-index.htm",
        "finalLink": "https://www.sec.gov/Archives/edgar/data/216228/000095012308002275/y48545e10vk.htm"
    },
    {
        "date": "2007-09-30",
        "symbol": "ITT",
        "reportedCurrency": "USD",
        "cik": "0000216228",
        "fillingDate": "2007-10-26",
        "acceptedDate": "2007-10-26 14:44:45",
        "calendarYear": "2007",
        "period": "Q3",
        "revenue": 2181200000,
        "costOfRevenue": 1540100000,
        "grossProfit": 641100000,
        "grossProfitRatio": 0.2939207776,
        "researchAndDevelopmentExpenses": 46800000,
        "generalAndAdministrativeExpenses": 0,
        "sellingAndMarketingExpenses": 0,
        "sellingGeneralAndAdministrativeExpenses": 327600000,
        "otherExpenses": 7200000,
        "operatingExpenses": 381600000,
        "costAndExpenses": 1921700000,
        "interestIncome": 0,
        "interestExpense": 0,
        "depreciationAndAmortization": 45900000,
        "ebitda": 312600000,
        "ebitdaratio": 0.1433156061,
        "operatingIncome": 259500000,
        "operatingIncomeRatio": 0.1189712085,
        "totalOtherIncomeExpensesNet": -17800000,
        "incomeBeforeTax": 241700000,
        "incomeBeforeTaxRatio": 0.110810563,
        "incomeTaxExpense": 73100000,
        "netIncome": 230100000,
        "netIncomeRatio": 0.1054923895,
        "eps": 2.56,
        "epsdiluted": 2.5,
        "weightedAverageShsOut": 90100000,
        "weightedAverageShsOutDil": 91850000,
        "link": "https://www.sec.gov/Archives/edgar/data/216228/000095012307014326/0000950123-07-014326-index.htm",
        "finalLink": "https://www.sec.gov/Archives/edgar/data/216228/000095012307014326/y41287e10vq.htm"
    },
    {
        "date": "2007-06-30",
        "symbol": "ITT",
        "reportedCurrency": "USD",
        "cik": "0000216228",
        "fillingDate": "2007-07-30",
        "acceptedDate": "2007-07-30 17:02:54",
        "calendarYear": "2007",
        "period": "Q2",
        "revenue": 2223100000,
        "costOfRevenue": 1580700000,
        "grossProfit": 642400000,
        "grossProfitRatio": 0.2889658585,
        "researchAndDevelopmentExpenses": 42800000,
        "generalAndAdministrativeExpenses": 0,
        "sellingAndMarketingExpenses": 0,
        "sellingGeneralAndAdministrativeExpenses": 330900000,
        "otherExpenses": 17500000,
        "operatingExpenses": 391200000,
        "costAndExpenses": 1971900000,
        "interestIncome": 0,
        "interestExpense": 0,
        "depreciationAndAmortization": 44600000,
        "ebitda": 313300000,
        "ebitdaratio": 0.1409293329,
        "operatingIncome": 251200000,
        "operatingIncomeRatio": 0.1129953668,
        "totalOtherIncomeExpensesNet": -11000000,
        "incomeBeforeTax": 240200000,
        "incomeBeforeTaxRatio": 0.1080473213,
        "incomeTaxExpense": 41000000,
        "netIncome": 213700000,
        "netIncomeRatio": 0.0961270298,
        "eps": 2.38,
        "epsdiluted": 2.32,
        "weightedAverageShsOut": 90150000,
        "weightedAverageShsOutDil": 91850000,
        "link": "https://www.sec.gov/Archives/edgar/data/216228/000095012307010475/0000950123-07-010475-index.htm",
        "finalLink": "https://www.sec.gov/Archives/edgar/data/216228/000095012307010475/y37504e10vq.htm"
    },
    {
        "date": "2007-03-31",
        "symbol": "ITT",
        "reportedCurrency": "USD",
        "cik": "0000216228",
        "fillingDate": "2007-05-04",
        "acceptedDate": "2007-05-04 06:02:05",
        "calendarYear": "2007",
        "period": "Q1",
        "revenue": 2070300000,
        "costOfRevenue": 1486100000,
        "grossProfit": 584200000,
        "grossProfitRatio": 0.2821813264,
        "researchAndDevelopmentExpenses": 40300000,
        "generalAndAdministrativeExpenses": 0,
        "sellingAndMarketingExpenses": 0,
        "sellingGeneralAndAdministrativeExpenses": 320000000,
        "otherExpenses": 6400000,
        "operatingExpenses": 366700000,
        "costAndExpenses": 1852800000,
        "interestIncome": 0,
        "interestExpense": 0,
        "depreciationAndAmortization": 44200000,
        "ebitda": 268100000,
        "ebitdaratio": 0.1294981404,
        "operatingIncome": 217500000,
        "operatingIncomeRatio": 0.1050572381,
        "totalOtherIncomeExpensesNet": -19500000,
        "incomeBeforeTax": 198000000,
        "incomeBeforeTaxRatio": 0.0956383133,
        "incomeTaxExpense": 61200000,
        "netIncome": 140000000,
        "netIncomeRatio": 0.0676230498,
        "eps": 1.54,
        "epsdiluted": 1.52,
        "weightedAverageShsOut": 90600000,
        "weightedAverageShsOutDil": 92150000,
        "link": "https://www.sec.gov/Archives/edgar/data/216228/000095012307006720/0000950123-07-006720-index.htm",
        "finalLink": "https://www.sec.gov/Archives/edgar/data/216228/000095012307006720/y34288e10vq.htm"
    },
    {
        "date": "2006-12-31",
        "symbol": "ITT",
        "reportedCurrency": "USD",
        "cik": "0000216228",
        "fillingDate": "2007-02-28",
        "acceptedDate": "2007-02-28 16:09:08",
        "calendarYear": "2006",
        "period": "Q4",
        "revenue": 2051300000,
        "costOfRevenue": 1445200000,
        "grossProfit": 606100000,
        "grossProfitRatio": 0.2954711646,
        "researchAndDevelopmentExpenses": 41300000,
        "generalAndAdministrativeExpenses": 0,
        "sellingAndMarketingExpenses": 0,
        "sellingGeneralAndAdministrativeExpenses": 345400000,
        "otherExpenses": 19700000,
        "operatingExpenses": 406400000,
        "costAndExpenses": 1851600000,
        "interestIncome": 0,
        "interestExpense": 0,
        "depreciationAndAmortization": 50700000,
        "ebitda": 270100000,
        "ebitdaratio": 0.1316725979,
        "operatingIncome": 199700000,
        "operatingIncomeRatio": 0.0973528982,
        "totalOtherIncomeExpensesNet": -14100000,
        "incomeBeforeTax": 185600000,
        "incomeBeforeTaxRatio": 0.0904792083,
        "incomeTaxExpense": 63700000,
        "netIncome": 140800000,
        "netIncomeRatio": 0.0686393994,
        "eps": 1.55,
        "epsdiluted": 1.55,
        "weightedAverageShsOut": 90600000,
        "weightedAverageShsOutDil": 90600000,
        "link": "https://www.sec.gov/Archives/edgar/data/216228/000095012307002916/0000950123-07-002916-index.htm",
        "finalLink": "https://www.sec.gov/Archives/edgar/data/216228/000095012307002916/y29844e10vk.htm"
    },
    {
        "date": "2006-09-30",
        "symbol": "ITT",
        "reportedCurrency": "USD",
        "cik": "0000216228",
        "fillingDate": "2006-11-07",
        "acceptedDate": "2006-11-07 15:24:25",
        "calendarYear": "2006",
        "period": "Q3",
        "revenue": 2001100000,
        "costOfRevenue": 1443200000,
        "grossProfit": 557900000,
        "grossProfitRatio": 0.2787966618,
        "researchAndDevelopmentExpenses": 41700000,
        "generalAndAdministrativeExpenses": 0,
        "sellingAndMarketingExpenses": 0,
        "sellingGeneralAndAdministrativeExpenses": 296900000,
        "otherExpenses": 9800000,
        "operatingExpenses": 348400000,
        "costAndExpenses": 1786200000,
        "interestIncome": 0,
        "interestExpense": 0,
        "depreciationAndAmortization": 42900000,
        "ebitda": 267600000,
        "ebitdaratio": 0.1337264505,
        "operatingIncome": 214900000,
        "operatingIncomeRatio": 0.107390935,
        "totalOtherIncomeExpensesNet": -17200000,
        "incomeBeforeTax": 197700000,
        "incomeBeforeTaxRatio": 0.0987956624,
        "incomeTaxExpense": 57300000,
        "netIncome": 143500000,
        "netIncomeRatio": 0.0717105592,
        "eps": 1.56,
        "epsdiluted": 1.54,
        "weightedAverageShsOut": 92050000,
        "weightedAverageShsOutDil": 93350000,
        "link": "https://www.sec.gov/Archives/edgar/data/216228/000095012306013626/0000950123-06-013626-index.htm",
        "finalLink": "https://www.sec.gov/Archives/edgar/data/216228/000095012306013626/y26570e10vq.htm"
    },
    {
        "date": "2006-06-30",
        "symbol": "ITT",
        "reportedCurrency": "USD",
        "cik": "0000216228",
        "fillingDate": "2006-08-07",
        "acceptedDate": "2006-08-07 15:50:36",
        "calendarYear": "2006",
        "period": "Q2",
        "revenue": 2067900000,
        "costOfRevenue": 1491900000,
        "grossProfit": 576000000,
        "grossProfitRatio": 0.2785434499,
        "researchAndDevelopmentExpenses": 43700000,
        "generalAndAdministrativeExpenses": 0,
        "sellingAndMarketingExpenses": 0,
        "sellingGeneralAndAdministrativeExpenses": 284100000,
        "otherExpenses": 10400000,
        "operatingExpenses": 333800000,
        "costAndExpenses": 1746800000,
        "interestIncome": 0,
        "interestExpense": 0,
        "depreciationAndAmortization": 41900000,
        "ebitda": 269500000,
        "ebitdaratio": 0.1303254509,
        "operatingIncome": 217200000,
        "operatingIncomeRatio": 0.1050340926,
        "totalOtherIncomeExpensesNet": -20900000,
        "incomeBeforeTax": 205900000,
        "incomeBeforeTaxRatio": 0.0995696117,
        "incomeTaxExpense": 63500000,
        "netIncome": 140900000,
        "netIncomeRatio": 0.0681367571,
        "eps": 1.52,
        "epsdiluted": 1.5,
        "weightedAverageShsOut": 92150000,
        "weightedAverageShsOutDil": 93600000,
        "link": "https://www.sec.gov/Archives/edgar/data/216228/000095012306010015/0000950123-06-010015-index.htm",
        "finalLink": "https://www.sec.gov/Archives/edgar/data/216228/000095012306010015/y23772e10vq.htm"
    },
    {
        "date": "2006-03-31",
        "symbol": "ITT",
        "reportedCurrency": "USD",
        "cik": "0000216228",
        "fillingDate": "2006-05-10",
        "acceptedDate": "2006-05-10 15:35:34",
        "calendarYear": "2006",
        "period": "Q1",
        "revenue": 1886700000,
        "costOfRevenue": 1383500000,
        "grossProfit": 503200000,
        "grossProfitRatio": 0.2667090687,
        "researchAndDevelopmentExpenses": 42700000,
        "generalAndAdministrativeExpenses": 0,
        "sellingAndMarketingExpenses": 0,
        "sellingGeneralAndAdministrativeExpenses": 263100000,
        "otherExpenses": 11900000,
        "operatingExpenses": 313600000,
        "costAndExpenses": 1622300000,
        "interestIncome": 0,
        "interestExpense": 0,
        "depreciationAndAmortization": 42300000,
        "ebitda": 223400000,
        "ebitdaratio": 0.118407802,
        "operatingIncome": 169200000,
        "operatingIncomeRatio": 0.0896803943,
        "totalOtherIncomeExpensesNet": -21500000,
        "incomeBeforeTax": 153600000,
        "incomeBeforeTaxRatio": 0.0814119892,
        "incomeTaxExpense": 46100000,
        "netIncome": 155900000,
        "netIncomeRatio": 0.0826310489,
        "eps": 1.7,
        "epsdiluted": 1.66,
        "weightedAverageShsOut": 92300000,
        "weightedAverageShsOutDil": 93900000,
        "link": "https://www.sec.gov/Archives/edgar/data/216228/000095012306006086/0000950123-06-006086-index.htm",
        "finalLink": "https://www.sec.gov/Archives/edgar/data/216228/000095012306006086/y20747e10vq.htm"
    },
    {
        "date": "2005-12-31",
        "symbol": "ITT",
        "reportedCurrency": "USD",
        "cik": "0000216228",
        "fillingDate": "2006-03-10",
        "acceptedDate": "2006-03-10 17:06:05",
        "calendarYear": "2005",
        "period": "Q4",
        "revenue": 1633400000,
        "costOfRevenue": 1478100000,
        "grossProfit": 155300000,
        "grossProfitRatio": 0.0950777519,
        "researchAndDevelopmentExpenses": -324100000,
        "generalAndAdministrativeExpenses": 0,
        "sellingAndMarketingExpenses": 0,
        "sellingGeneralAndAdministrativeExpenses": 280800000,
        "otherExpenses": 232600000,
        "operatingExpenses": 189300000,
        "costAndExpenses": 1667400000,
        "interestIncome": 0,
        "interestExpense": 0,
        "depreciationAndAmortization": 34600000,
        "ebitda": 18800000,
        "ebitdaratio": 0.0115097343,
        "operatingIncome": -34000000,
        "operatingIncomeRatio": -0.0208154769,
        "totalOtherIncomeExpensesNet": -30000000,
        "incomeBeforeTax": -64000000,
        "incomeBeforeTaxRatio": -0.0391820742,
        "incomeTaxExpense": 39800000,
        "netIncome": -84000000,
        "netIncomeRatio": -0.0514264724,
        "eps": -0.91,
        "epsdiluted": -0.91,
        "weightedAverageShsOut": 92300000,
        "weightedAverageShsOutDil": 92300000,
        "link": "https://www.sec.gov/Archives/edgar/data/216228/000095012306002955/0000950123-06-002955-index.htm",
        "finalLink": "https://www.sec.gov/Archives/edgar/data/216228/000095012306002955/y17130e10vk.txt"
    },
    {
        "date": "2005-09-30",
        "symbol": "ITT",
        "reportedCurrency": "USD",
        "cik": "0000216228",
        "fillingDate": "2005-11-07",
        "acceptedDate": "2005-11-07 17:14:33",
        "calendarYear": "2005",
        "period": "Q3",
        "revenue": 1927600000,
        "costOfRevenue": 1306000000,
        "grossProfit": 621600000,
        "grossProfitRatio": 0.3224735422,
        "researchAndDevelopmentExpenses": 168800000,
        "generalAndAdministrativeExpenses": 0,
        "sellingAndMarketingExpenses": 0,
        "sellingGeneralAndAdministrativeExpenses": 223200000,
        "otherExpenses": 23200000,
        "operatingExpenses": 284600000,
        "costAndExpenses": 1554600000,
        "interestIncome": 0,
        "interestExpense": 0,
        "depreciationAndAmortization": 31700000,
        "ebitda": 234900000,
        "ebitdaratio": 0.121861382,
        "operatingIncome": 180000000,
        "operatingIncomeRatio": 0.0933803694,
        "totalOtherIncomeExpensesNet": -3700000,
        "incomeBeforeTax": 178000000,
        "incomeBeforeTaxRatio": 0.0923428097,
        "incomeTaxExpense": 23900000,
        "netIncome": 189300000,
        "netIncomeRatio": 0.0982050218,
        "eps": 2.04,
        "epsdiluted": 2,
        "weightedAverageShsOut": 92400000,
        "weightedAverageShsOutDil": 94450000,
        "link": "https://www.sec.gov/Archives/edgar/data/216228/000095012305013178/0000950123-05-013178-index.htm",
        "finalLink": "https://www.sec.gov/Archives/edgar/data/216228/000095012305013178/y14228e10vq.txt"
    },
    {
        "date": "2005-06-30",
        "symbol": "ITT",
        "reportedCurrency": "USD",
        "cik": "0000216228",
        "fillingDate": "2005-08-05",
        "acceptedDate": "2005-08-05 13:51:49",
        "calendarYear": "2005",
        "period": "Q2",
        "revenue": 1983200000,
        "costOfRevenue": 1318100000,
        "grossProfit": 665100000,
        "grossProfitRatio": 0.3353670835,
        "researchAndDevelopmentExpenses": 180100000,
        "generalAndAdministrativeExpenses": 0,
        "sellingAndMarketingExpenses": 0,
        "sellingGeneralAndAdministrativeExpenses": 262500000,
        "otherExpenses": 5700000,
        "operatingExpenses": 312800000,
        "costAndExpenses": 1665800000,
        "interestIncome": 0,
        "interestExpense": 0,
        "depreciationAndAmortization": 47500000,
        "ebitda": 251300000,
        "ebitdaratio": 0.126714401,
        "operatingIncome": 198100000,
        "operatingIncomeRatio": 0.0998890682,
        "totalOtherIncomeExpensesNet": -13900000,
        "incomeBeforeTax": 192700000,
        "incomeBeforeTaxRatio": 0.097166196,
        "incomeTaxExpense": 55800000,
        "netIncome": 137700000,
        "netIncomeRatio": 0.0694332392,
        "eps": 1.5,
        "epsdiluted": 1.46,
        "weightedAverageShsOut": 92250000,
        "weightedAverageShsOutDil": 94250000,
        "link": "https://www.sec.gov/Archives/edgar/data/216228/000095012305009481/0000950123-05-009481-index.htm",
        "finalLink": "https://www.sec.gov/Archives/edgar/data/216228/000095012305009481/y11405e10vq.txt"
    },
    {
        "date": "2005-03-31",
        "symbol": "ITT",
        "reportedCurrency": "USD",
        "cik": "0000216228",
        "fillingDate": "2005-05-10",
        "acceptedDate": "2005-05-10 11:59:09",
        "calendarYear": "2005",
        "period": "Q1",
        "revenue": 1883100000,
        "costOfRevenue": 1287700000,
        "grossProfit": 595400000,
        "grossProfitRatio": 0.3161807658,
        "researchAndDevelopmentExpenses": 152800000,
        "generalAndAdministrativeExpenses": 0,
        "sellingAndMarketingExpenses": 0,
        "sellingGeneralAndAdministrativeExpenses": 262900000,
        "otherExpenses": 18400000,
        "operatingExpenses": 325600000,
        "costAndExpenses": 1622000000,
        "interestIncome": 0,
        "interestExpense": 0,
        "depreciationAndAmortization": 49500000,
        "ebitda": 211800000,
        "ebitdaratio": 0.1124741118,
        "operatingIncome": 143900000,
        "operatingIncomeRatio": 0.0764165472,
        "totalOtherIncomeExpensesNet": -19300000,
        "incomeBeforeTax": 141400000,
        "incomeBeforeTaxRatio": 0.0750889491,
        "incomeTaxExpense": 14200000,
        "netIncome": 116500000,
        "netIncomeRatio": 0.0618660719,
        "eps": 1.26,
        "epsdiluted": 1.24,
        "weightedAverageShsOut": 92300000,
        "weightedAverageShsOutDil": 94250000,
        "link": "https://www.sec.gov/Archives/edgar/data/216228/000095012305005994/0000950123-05-005994-index.htm",
        "finalLink": "https://www.sec.gov/Archives/edgar/data/216228/000095012305005994/y08831e10vq.txt"
    },
    {
        "date": "2004-12-31",
        "symbol": "ITT",
        "reportedCurrency": "USD",
        "cik": "0000216228",
        "fillingDate": "2005-03-15",
        "acceptedDate": "2005-03-15 16:56:47",
        "calendarYear": "2004",
        "period": "Q4",
        "revenue": 1928000000,
        "costOfRevenue": 1279400000,
        "grossProfit": 648600000,
        "grossProfitRatio": 0.3364107884,
        "researchAndDevelopmentExpenses": 172000000,
        "generalAndAdministrativeExpenses": 0,
        "sellingAndMarketingExpenses": 0,
        "sellingGeneralAndAdministrativeExpenses": 278700000,
        "otherExpenses": 13000000,
        "operatingExpenses": 463700000,
        "costAndExpenses": 1743100000,
        "interestIncome": 0,
        "interestExpense": 0,
        "depreciationAndAmortization": 52600000,
        "ebitda": 250500000,
        "ebitdaratio": 0.1299273859,
        "operatingIncome": 184900000,
        "operatingIncomeRatio": 0.0959024896,
        "totalOtherIncomeExpensesNet": 1000000,
        "incomeBeforeTax": 185900000,
        "incomeBeforeTaxRatio": 0.0964211618,
        "incomeTaxExpense": 58700000,
        "netIncome": 121600000,
        "netIncomeRatio": 0.0630705394,
        "eps": 1.32,
        "epsdiluted": 1.32,
        "weightedAverageShsOut": 92300000,
        "weightedAverageShsOutDil": 92300000,
        "link": "https://www.sec.gov/Archives/edgar/data/216228/000095012305003147/0000950123-05-003147-index.htm",
        "finalLink": "https://www.sec.gov/Archives/edgar/data/216228/000095012305003147/z05013a1e10vkza.txt"
    },
    {
        "date": "2004-09-30",
        "symbol": "ITT",
        "reportedCurrency": "USD",
        "cik": "0000216228",
        "fillingDate": "2004-11-05",
        "acceptedDate": "2004-11-05 16:09:47",
        "calendarYear": "2004",
        "period": "Q3",
        "revenue": 1667700000,
        "costOfRevenue": 1100900000,
        "grossProfit": 566800000,
        "grossProfitRatio": 0.339869281,
        "researchAndDevelopmentExpenses": 150400000,
        "generalAndAdministrativeExpenses": 0,
        "sellingAndMarketingExpenses": 0,
        "sellingGeneralAndAdministrativeExpenses": 242700000,
        "otherExpenses": 5600000,
        "operatingExpenses": 398500000,
        "costAndExpenses": 1495800000,
        "interestIncome": 0,
        "interestExpense": 0,
        "depreciationAndAmortization": 48600000,
        "ebitda": 221600000,
        "ebitdaratio": 0.1328776159,
        "operatingIncome": 167400000,
        "operatingIncomeRatio": 0.1003777658,
        "totalOtherIncomeExpensesNet": -12700000,
        "incomeBeforeTax": 153400000,
        "incomeBeforeTaxRatio": 0.0919829706,
        "incomeTaxExpense": 43900000,
        "netIncome": 109800000,
        "netIncomeRatio": 0.0658391797,
        "eps": 1.19,
        "epsdiluted": 1.16,
        "weightedAverageShsOut": 92300000,
        "weightedAverageShsOutDil": 94300000,
        "link": "https://www.sec.gov/Archives/edgar/data/216228/000095012304013070/0000950123-04-013070-index.htm",
        "finalLink": "https://www.sec.gov/Archives/edgar/data/216228/000095012304013070/y68158e10vq.txt"
    },
    {
        "date": "2004-06-30",
        "symbol": "ITT",
        "reportedCurrency": "USD",
        "cik": "0000216228",
        "fillingDate": "2004-08-06",
        "acceptedDate": "2004-08-06 13:53:19",
        "calendarYear": "2004",
        "period": "Q2",
        "revenue": 1652500000,
        "costOfRevenue": 1079000000,
        "grossProfit": 573500000,
        "grossProfitRatio": 0.3470499244,
        "researchAndDevelopmentExpenses": 166700000,
        "generalAndAdministrativeExpenses": 0,
        "sellingAndMarketingExpenses": 0,
        "sellingGeneralAndAdministrativeExpenses": 235700000,
        "otherExpenses": 14000000,
        "operatingExpenses": 416100000,
        "costAndExpenses": 1490700000,
        "interestIncome": 0,
        "interestExpense": 0,
        "depreciationAndAmortization": 48000000,
        "ebitda": 218100000,
        "ebitdaratio": 0.1319818457,
        "operatingIncome": 156100000,
        "operatingIncomeRatio": 0.0944629349,
        "totalOtherIncomeExpensesNet": -8500000,
        "incomeBeforeTax": 146400000,
        "incomeBeforeTaxRatio": 0.0885930408,
        "incomeTaxExpense": 33700000,
        "netIncome": 112000000,
        "netIncomeRatio": 0.0677760968,
        "eps": 1.21,
        "epsdiluted": 1.18,
        "weightedAverageShsOut": 92400000,
        "weightedAverageShsOutDil": 94500000,
        "link": "https://www.sec.gov/Archives/edgar/data/216228/000095012304009361/0000950123-04-009361-index.htm",
        "finalLink": "https://www.sec.gov/Archives/edgar/data/216228/000095012304009361/z97846e10vq.txt"
    },
    {
        "date": "2004-03-31",
        "symbol": "ITT",
        "reportedCurrency": "USD",
        "cik": "0000216228",
        "fillingDate": "2004-05-07",
        "acceptedDate": "2004-05-07 16:03:29",
        "calendarYear": "2004",
        "period": "Q1",
        "revenue": 1515900000,
        "costOfRevenue": 1007100000,
        "grossProfit": 508800000,
        "grossProfitRatio": 0.3356421928,
        "researchAndDevelopmentExpenses": 144900000,
        "generalAndAdministrativeExpenses": 0,
        "sellingAndMarketingExpenses": 0,
        "sellingGeneralAndAdministrativeExpenses": 228000000,
        "otherExpenses": 4700000,
        "operatingExpenses": 377300000,
        "costAndExpenses": 1380700000,
        "interestIncome": 0,
        "interestExpense": 0,
        "depreciationAndAmortization": 48600000,
        "ebitda": 183700000,
        "ebitdaratio": 0.121182136,
        "operatingIncome": 130400000,
        "operatingIncomeRatio": 0.0860215054,
        "totalOtherIncomeExpensesNet": -6100000,
        "incomeBeforeTax": 124300000,
        "incomeBeforeTaxRatio": 0.0819974932,
        "incomeTaxExpense": 36200000,
        "netIncome": 88900000,
        "netIncomeRatio": 0.0586450294,
        "eps": 0.96,
        "epsdiluted": 0.94,
        "weightedAverageShsOut": 92300000,
        "weightedAverageShsOutDil": 94500000,
        "link": "https://www.sec.gov/Archives/edgar/data/216228/000095012304005954/0000950123-04-005954-index.htm",
        "finalLink": "https://www.sec.gov/Archives/edgar/data/216228/000095012304005954/y97128e10vq.txt"
    },
    {
        "date": "2003-12-31",
        "symbol": "ITT",
        "reportedCurrency": "USD",
        "cik": "0000216228",
        "fillingDate": "2004-03-11",
        "acceptedDate": "2004-03-11 17:27:51",
        "calendarYear": "2003",
        "period": "Q4",
        "revenue": 1516800000,
        "costOfRevenue": 983800000,
        "grossProfit": 533000000,
        "grossProfitRatio": 0.3513976793,
        "researchAndDevelopmentExpenses": 150000000,
        "generalAndAdministrativeExpenses": 0,
        "sellingAndMarketingExpenses": 0,
        "sellingGeneralAndAdministrativeExpenses": 229900000,
        "otherExpenses": 12600000,
        "operatingExpenses": 392500000,
        "costAndExpenses": 1376300000,
        "interestIncome": 0,
        "interestExpense": 0,
        "depreciationAndAmortization": 49300000,
        "ebitda": 202400000,
        "ebitdaratio": 0.1334388186,
        "operatingIncome": 140500000,
        "operatingIncomeRatio": 0.0926292194,
        "totalOtherIncomeExpensesNet": -7600000,
        "incomeBeforeTax": 132900000,
        "incomeBeforeTaxRatio": 0.0876186709,
        "incomeTaxExpense": 23300000,
        "netIncome": 108100000,
        "netIncomeRatio": 0.0712684599,
        "eps": 1.17,
        "epsdiluted": 1.17,
        "weightedAverageShsOut": 92300000,
        "weightedAverageShsOutDil": 92300000,
        "link": "https://www.sec.gov/Archives/edgar/data/216228/000095012304003198/0000950123-04-003198-index.htm",
        "finalLink": "https://www.sec.gov/Archives/edgar/data/216228/000095012304003198/y94494e10vk.txt"
    },
    {
        "date": "2003-09-30",
        "symbol": "ITT",
        "reportedCurrency": "USD",
        "cik": "0000216228",
        "fillingDate": "2003-11-07",
        "acceptedDate": "2003-11-07 15:27:57",
        "calendarYear": "2003",
        "period": "Q3",
        "revenue": 1375200000,
        "costOfRevenue": 903700000,
        "grossProfit": 471500000,
        "grossProfitRatio": 0.3428592205,
        "researchAndDevelopmentExpenses": 137200000,
        "generalAndAdministrativeExpenses": 0,
        "sellingAndMarketingExpenses": 0,
        "sellingGeneralAndAdministrativeExpenses": 195900000,
        "otherExpenses": 1600000,
        "operatingExpenses": 334700000,
        "costAndExpenses": 1238400000,
        "interestIncome": 0,
        "interestExpense": 0,
        "depreciationAndAmortization": 45300000,
        "ebitda": 183700000,
        "ebitdaratio": 0.1335805701,
        "operatingIncome": 136800000,
        "operatingIncomeRatio": 0.0994764398,
        "totalOtherIncomeExpensesNet": 3300000,
        "incomeBeforeTax": 140100000,
        "incomeBeforeTaxRatio": 0.1018760908,
        "incomeTaxExpense": 37600000,
        "netIncome": 109200000,
        "netIncomeRatio": 0.0794066318,
        "eps": 1.18,
        "epsdiluted": 1.16,
        "weightedAverageShsOut": 92300000,
        "weightedAverageShsOutDil": 94300000,
        "link": "https://www.sec.gov/Archives/edgar/data/216228/000095012303012312/0000950123-03-012312-index.htm",
        "finalLink": "https://www.sec.gov/Archives/edgar/data/216228/000095012303012312/y91462e10vq.txt"
    },
    {
        "date": "2003-06-30",
        "symbol": "ITT",
        "reportedCurrency": "USD",
        "cik": "0000216228",
        "fillingDate": "2003-08-08",
        "acceptedDate": "2003-08-08 13:02:31",
        "calendarYear": "2003",
        "period": "Q2",
        "revenue": 1438200000,
        "costOfRevenue": 949600000,
        "grossProfit": 488600000,
        "grossProfitRatio": 0.3397302183,
        "researchAndDevelopmentExpenses": 142600000,
        "generalAndAdministrativeExpenses": 0,
        "sellingAndMarketingExpenses": 0,
        "sellingGeneralAndAdministrativeExpenses": 198600000,
        "otherExpenses": 5900000,
        "operatingExpenses": 347100000,
        "costAndExpenses": 1296700000,
        "interestIncome": 0,
        "interestExpense": 0,
        "depreciationAndAmortization": 47600000,
        "ebitda": 195000000,
        "ebitdaratio": 0.1355861494,
        "operatingIncome": 141500000,
        "operatingIncomeRatio": 0.0983868725,
        "totalOtherIncomeExpensesNet": -7900000,
        "incomeBeforeTax": 133600000,
        "incomeBeforeTaxRatio": 0.0928938951,
        "incomeTaxExpense": 41500000,
        "netIncome": 99900000,
        "netIncomeRatio": 0.0694618273,
        "eps": 1.08,
        "epsdiluted": 1.06,
        "weightedAverageShsOut": 92000000,
        "weightedAverageShsOutDil": 94000000,
        "link": "https://www.sec.gov/Archives/edgar/data/216228/000095012303009122/0000950123-03-009122-index.htm",
        "finalLink": "https://www.sec.gov/Archives/edgar/data/216228/000095012303009122/y89061e10vq.txt"
    },
    {
        "date": "2003-03-31",
        "symbol": "ITT",
        "reportedCurrency": "USD",
        "cik": "0000216228",
        "fillingDate": "2003-05-13",
        "acceptedDate": "2003-05-13 14:41:21",
        "calendarYear": "2003",
        "period": "Q1",
        "revenue": 1296400000,
        "costOfRevenue": 846400000,
        "grossProfit": 450000000,
        "grossProfitRatio": 0.3471150879,
        "researchAndDevelopmentExpenses": 129600000,
        "generalAndAdministrativeExpenses": 0,
        "sellingAndMarketingExpenses": 0,
        "sellingGeneralAndAdministrativeExpenses": 200300000,
        "otherExpenses": 10400000,
        "operatingExpenses": 340300000,
        "costAndExpenses": 1186700000,
        "interestIncome": 0,
        "interestExpense": 0,
        "depreciationAndAmortization": 45800000,
        "ebitda": 165900000,
        "ebitdaratio": 0.1279697624,
        "operatingIncome": 109700000,
        "operatingIncomeRatio": 0.0846189448,
        "totalOtherIncomeExpensesNet": 14400000,
        "incomeBeforeTax": 124100000,
        "incomeBeforeTaxRatio": 0.0957266276,
        "incomeTaxExpense": 37400000,
        "netIncome": 86700000,
        "netIncomeRatio": 0.0668775069,
        "eps": 0.94,
        "epsdiluted": 0.92,
        "weightedAverageShsOut": 91800000,
        "weightedAverageShsOutDil": 93700000,
        "link": "https://www.sec.gov/Archives/edgar/data/216228/000095012303005791/0000950123-03-005791-index.htm",
        "finalLink": "https://www.sec.gov/Archives/edgar/data/216228/000095012303005791/y86521e10vq.txt"
    },
    {
        "date": "2002-12-31",
        "symbol": "ITT",
        "reportedCurrency": "USD",
        "cik": "0000216228",
        "fillingDate": "2003-03-27",
        "acceptedDate": "2003-03-27 15:24:42",
        "calendarYear": "2002",
        "period": "Q4",
        "revenue": 1244300000,
        "costOfRevenue": 776500000,
        "grossProfit": 467800000,
        "grossProfitRatio": 0.3759543518,
        "researchAndDevelopmentExpenses": 132300000,
        "generalAndAdministrativeExpenses": 0,
        "sellingAndMarketingExpenses": 0,
        "sellingGeneralAndAdministrativeExpenses": 197100000,
        "otherExpenses": -1800000,
        "operatingExpenses": 327600000,
        "costAndExpenses": 1104100000,
        "interestIncome": 0,
        "interestExpense": 0,
        "depreciationAndAmortization": 46100000,
        "ebitda": 184500000,
        "ebitdaratio": 0.1482761392,
        "operatingIncome": 140200000,
        "operatingIncomeRatio": 0.1126737925,
        "totalOtherIncomeExpensesNet": -5200000,
        "incomeBeforeTax": 135000000,
        "incomeBeforeTaxRatio": 0.108494736,
        "incomeTaxExpense": 39900000,
        "netIncome": 95100000,
        "netIncomeRatio": 0.076428514,
        "eps": 1.04,
        "epsdiluted": 1.04,
        "weightedAverageShsOut": 91800000,
        "weightedAverageShsOutDil": 91800000,
        "link": "https://www.sec.gov/Archives/edgar/data/216228/000095012303003365/0000950123-03-003365-index.htm",
        "finalLink": "https://www.sec.gov/Archives/edgar/data/216228/000095012303003365/y82463e10vk.txt"
    },
    {
        "date": "2002-09-30",
        "symbol": "ITT",
        "reportedCurrency": "USD",
        "cik": "0000216228",
        "fillingDate": "2002-11-14",
        "acceptedDate": "2002-11-14 14:57:50",
        "calendarYear": "2002",
        "period": "Q3",
        "revenue": 1235100000,
        "costOfRevenue": 798800000,
        "grossProfit": 436300000,
        "grossProfitRatio": 0.3532507489,
        "researchAndDevelopmentExpenses": 130700000,
        "generalAndAdministrativeExpenses": 0,
        "sellingAndMarketingExpenses": 0,
        "sellingGeneralAndAdministrativeExpenses": 170600000,
        "otherExpenses": -1700000,
        "operatingExpenses": 299600000,
        "costAndExpenses": 1098400000,
        "interestIncome": 0,
        "interestExpense": 0,
        "depreciationAndAmortization": 40200000,
        "ebitda": 175200000,
        "ebitdaratio": 0.1418508623,
        "operatingIncome": 136700000,
        "operatingIncomeRatio": 0.1106792972,
        "totalOtherIncomeExpensesNet": -4700000,
        "incomeBeforeTax": 132000000,
        "incomeBeforeTaxRatio": 0.1068739373,
        "incomeTaxExpense": 11600000,
        "netIncome": 120400000,
        "netIncomeRatio": 0.0974819853,
        "eps": 1.31,
        "epsdiluted": 1.28,
        "weightedAverageShsOut": 91700000,
        "weightedAverageShsOutDil": 94200000,
        "link": "https://www.sec.gov/Archives/edgar/data/216228/000095012302010923/0000950123-02-010923-index.htm",
        "finalLink": "https://www.sec.gov/Archives/edgar/data/216228/000095012302010923/y65778e10vq.txt"
    },
    {
        "date": "2002-06-30",
        "symbol": "ITT",
        "reportedCurrency": "USD",
        "cik": "0000216228",
        "fillingDate": "2002-08-09",
        "acceptedDate": "2002-08-09 10:36:11",
        "calendarYear": "2002",
        "period": "Q2",
        "revenue": 1320100000,
        "costOfRevenue": 882300000,
        "grossProfit": 437800000,
        "grossProfitRatio": 0.3316415423,
        "researchAndDevelopmentExpenses": 113500000,
        "generalAndAdministrativeExpenses": 0,
        "sellingAndMarketingExpenses": 0,
        "sellingGeneralAndAdministrativeExpenses": 179200000,
        "otherExpenses": 0,
        "operatingExpenses": 292700000,
        "costAndExpenses": 1175000000,
        "interestIncome": 0,
        "interestExpense": 0,
        "depreciationAndAmortization": 44500000,
        "ebitda": 189600000,
        "ebitdaratio": 0.1436254829,
        "operatingIncome": 145100000,
        "operatingIncomeRatio": 0.1099159155,
        "totalOtherIncomeExpensesNet": -8400000,
        "incomeBeforeTax": 136700000,
        "incomeBeforeTaxRatio": 0.1035527612,
        "incomeTaxExpense": 43800000,
        "netIncome": 92900000,
        "netIncomeRatio": 0.0703734566,
        "eps": 1.02,
        "epsdiluted": 0.99,
        "weightedAverageShsOut": 91000000,
        "weightedAverageShsOutDil": 93900000,
        "link": "https://www.sec.gov/Archives/edgar/data/216228/000095012302007617/0000950123-02-007617-index.htm",
        "finalLink": "https://www.sec.gov/Archives/edgar/data/216228/000095012302007617/y62830e10vq.txt"
    },
    {
        "date": "2002-03-31",
        "symbol": "ITT",
        "reportedCurrency": "USD",
        "cik": "0000216228",
        "fillingDate": "2002-05-14",
        "acceptedDate": "2002-05-14 15:16:32",
        "calendarYear": "2002",
        "period": "Q1",
        "revenue": 1185800000,
        "costOfRevenue": 784900000,
        "grossProfit": 400900000,
        "grossProfitRatio": 0.3380839939,
        "researchAndDevelopmentExpenses": 112000000,
        "generalAndAdministrativeExpenses": 0,
        "sellingAndMarketingExpenses": 0,
        "sellingGeneralAndAdministrativeExpenses": 173300000,
        "otherExpenses": 0,
        "operatingExpenses": 285300000,
        "costAndExpenses": 1070200000,
        "interestIncome": 0,
        "interestExpense": 0,
        "depreciationAndAmortization": 40600000,
        "ebitda": 156200000,
        "ebitdaratio": 0.1317254174,
        "operatingIncome": 115600000,
        "operatingIncomeRatio": 0.0974869287,
        "totalOtherIncomeExpensesNet": -10500000,
        "incomeBeforeTax": 105100000,
        "incomeBeforeTaxRatio": 0.0886321471,
        "incomeTaxExpense": 33600000,
        "netIncome": 71500000,
        "netIncomeRatio": 0.060296846,
        "eps": 0.8,
        "epsdiluted": 0.77,
        "weightedAverageShsOut": 89600000,
        "weightedAverageShsOutDil": 92400000,
        "link": "https://www.sec.gov/Archives/edgar/data/216228/000095012302005126/0000950123-02-005126-index.htm",
        "finalLink": "https://www.sec.gov/Archives/edgar/data/216228/000095012302005126/y60722e10-q.txt"
    },
    {
        "date": "2001-12-31",
        "symbol": "ITT",
        "reportedCurrency": "USD",
        "cik": "0000216228",
        "fillingDate": "2002-03-26",
        "acceptedDate": "2002-03-26 00:00:00",
        "calendarYear": "2001",
        "period": "Q4",
        "revenue": 1181800000,
        "costOfRevenue": 743400000,
        "grossProfit": 438400000,
        "grossProfitRatio": 0.3709595532,
        "researchAndDevelopmentExpenses": 133800000,
        "generalAndAdministrativeExpenses": 0,
        "sellingAndMarketingExpenses": 0,
        "sellingGeneralAndAdministrativeExpenses": 161600000,
        "otherExpenses": 107700000,
        "operatingExpenses": 403100000,
        "costAndExpenses": 1146500000,
        "interestIncome": 0,
        "interestExpense": 0,
        "depreciationAndAmortization": 48300000,
        "ebitda": 181300000,
        "ebitdaratio": 0.1534100525,
        "operatingIncome": 35300000,
        "operatingIncomeRatio": 0.0298696903,
        "totalOtherIncomeExpensesNet": -13700000,
        "incomeBeforeTax": 21600000,
        "incomeBeforeTaxRatio": 0.0182772043,
        "incomeTaxExpense": 7600000,
        "netIncome": 74000000,
        "netIncomeRatio": 0.0626163479,
        "eps": 0.83,
        "epsdiluted": 0.83,
        "weightedAverageShsOut": 88700000,
        "weightedAverageShsOutDil": 89600000,
        "link": "https://www.sec.gov/Archives/edgar/data/216228/000095012302002927/0000950123-02-002927-index.htm",
        "finalLink": "https://www.sec.gov/Archives/edgar/data/216228/000095012302002927/y55533e10-k405.txt"
    },
    {
        "date": "2001-09-30",
        "symbol": "ITT",
        "reportedCurrency": "USD",
        "cik": "0000216228",
        "fillingDate": "2001-11-14",
        "acceptedDate": "2001-11-14 00:00:00",
        "calendarYear": "2001",
        "period": "Q3",
        "revenue": 1123600000,
        "costOfRevenue": 744300000,
        "grossProfit": 379300000,
        "grossProfitRatio": 0.3375756497,
        "researchAndDevelopmentExpenses": 93000000,
        "generalAndAdministrativeExpenses": 0,
        "sellingAndMarketingExpenses": 0,
        "sellingGeneralAndAdministrativeExpenses": 158200000,
        "otherExpenses": 10400000,
        "operatingExpenses": 261600000,
        "costAndExpenses": 1005900000,
        "interestIncome": 0,
        "interestExpense": 0,
        "depreciationAndAmortization": 53300000,
        "ebitda": 171000000,
        "ebitdaratio": 0.1521893912,
        "operatingIncome": 117700000,
        "operatingIncomeRatio": 0.104752581,
        "totalOtherIncomeExpensesNet": -13800000,
        "incomeBeforeTax": 103900000,
        "incomeBeforeTaxRatio": 0.0924706301,
        "incomeTaxExpense": 36400000,
        "netIncome": 67500000,
        "netIncomeRatio": 0.0600747597,
        "eps": 0.77,
        "epsdiluted": 0.75,
        "weightedAverageShsOut": 87900000,
        "weightedAverageShsOutDil": 90300000,
        "link": "https://www.sec.gov/Archives/edgar/data/216228/000095012301508402/0000950123-01-508402-index.htm",
        "finalLink": "https://www.sec.gov/Archives/edgar/data/216228/000095012301508402/y54941e10-q.txt"
    },
    {
        "date": "2001-06-30",
        "symbol": "ITT",
        "reportedCurrency": "USD",
        "cik": "0000216228",
        "fillingDate": "2001-08-09",
        "acceptedDate": "2001-08-09 00:00:00",
        "calendarYear": "2001",
        "period": "Q2",
        "revenue": 1184300000,
        "costOfRevenue": 779800000,
        "grossProfit": 404500000,
        "grossProfitRatio": 0.3415519716,
        "researchAndDevelopmentExpenses": 96100000,
        "generalAndAdministrativeExpenses": 0,
        "sellingAndMarketingExpenses": 0,
        "sellingGeneralAndAdministrativeExpenses": 165700000,
        "otherExpenses": 10300000,
        "operatingExpenses": 272100000,
        "costAndExpenses": 1051900000,
        "interestIncome": 0,
        "interestExpense": 0,
        "depreciationAndAmortization": 56300000,
        "ebitda": 188700000,
        "ebitdaratio": 0.1593346281,
        "operatingIncome": 132400000,
        "operatingIncomeRatio": 0.1117959976,
        "totalOtherIncomeExpensesNet": -15400000,
        "incomeBeforeTax": 117000000,
        "incomeBeforeTaxRatio": 0.0987925357,
        "incomeTaxExpense": 40900000,
        "netIncome": 76100000,
        "netIncomeRatio": 0.0642573672,
        "eps": 0.87,
        "epsdiluted": 0.84,
        "weightedAverageShsOut": 87900000,
        "weightedAverageShsOutDil": 90500000,
        "link": "https://www.sec.gov/Archives/edgar/data/216228/000095012301505240/0000950123-01-505240-index.htm",
        "finalLink": "https://www.sec.gov/Archives/edgar/data/216228/000095012301505240/y52155e10-q.txt"
    },
    {
        "date": "2001-03-31",
        "symbol": "ITT",
        "reportedCurrency": "USD",
        "cik": "0000216228",
        "fillingDate": "2001-05-11",
        "acceptedDate": "2001-05-11 00:00:00",
        "calendarYear": "2001",
        "period": "Q1",
        "revenue": 1186000000,
        "costOfRevenue": 777000000,
        "grossProfit": 409000000,
        "grossProfitRatio": 0.344856661,
        "researchAndDevelopmentExpenses": 101800000,
        "generalAndAdministrativeExpenses": 0,
        "sellingAndMarketingExpenses": 0,
        "sellingGeneralAndAdministrativeExpenses": 185800000,
        "otherExpenses": 10000000,
        "operatingExpenses": 297600000,
        "costAndExpenses": 1074600000,
        "interestIncome": 0,
        "interestExpense": 0,
        "depreciationAndAmortization": 55000000,
        "ebitda": 166400000,
        "ebitdaratio": 0.1403035413,
        "operatingIncome": 111400000,
        "operatingIncomeRatio": 0.0939291737,
        "totalOtherIncomeExpensesNet": -20500000,
        "incomeBeforeTax": 90900000,
        "incomeBeforeTaxRatio": 0.0766441821,
        "incomeTaxExpense": 31800000,
        "netIncome": 59100000,
        "netIncomeRatio": 0.0498313659,
        "eps": 0.67,
        "epsdiluted": 0.65,
        "weightedAverageShsOut": 87900000,
        "weightedAverageShsOutDil": 90400000,
        "link": "https://www.sec.gov/Archives/edgar/data/216228/000095012301502292/0000950123-01-502292-index.htm",
        "finalLink": "https://www.sec.gov/Archives/edgar/data/216228/000095012301502292/y49024e10-q.txt"
    },
    {
        "date": "2000-12-31",
        "symbol": "ITT",
        "reportedCurrency": "USD",
        "cik": "0000216228",
        "fillingDate": "2001-03-26",
        "acceptedDate": "2001-03-26 00:00:00",
        "calendarYear": "2000",
        "period": "Q4",
        "revenue": 1227200000,
        "costOfRevenue": 749900000,
        "grossProfit": 477300000,
        "grossProfitRatio": 0.3889341591,
        "researchAndDevelopmentExpenses": 97200000,
        "generalAndAdministrativeExpenses": 0,
        "sellingAndMarketingExpenses": 0,
        "sellingGeneralAndAdministrativeExpenses": 187800000,
        "otherExpenses": 51000000,
        "operatingExpenses": 336000000,
        "costAndExpenses": 1085900000,
        "interestIncome": 0,
        "interestExpense": 0,
        "depreciationAndAmortization": 51000000,
        "ebitda": 192300000,
        "ebitdaratio": 0.1566981747,
        "operatingIncome": 141300000,
        "operatingIncomeRatio": 0.1151401565,
        "totalOtherIncomeExpensesNet": -17200000,
        "incomeBeforeTax": 124100000,
        "incomeBeforeTaxRatio": 0.1011245111,
        "incomeTaxExpense": 46000000,
        "netIncome": 78100000,
        "netIncomeRatio": 0.0636408083,
        "eps": 0.89,
        "epsdiluted": 0.89,
        "weightedAverageShsOut": 87795017,
        "weightedAverageShsOutDil": 87900000,
        "link": "https://www.sec.gov/Archives/edgar/data/216228/000095012301002627/0000950123-01-002627-index.htm",
        "finalLink": "https://www.sec.gov/Archives/edgar/data/216228/000095012301002627/y42903e10-k405.txt"
    },
    {
        "date": "2000-09-30",
        "symbol": "ITT",
        "reportedCurrency": "USD",
        "cik": "0000216228",
        "fillingDate": "2000-11-13",
        "acceptedDate": "2000-11-13 00:00:00",
        "calendarYear": "2000",
        "period": "Q3",
        "revenue": 1172700000,
        "costOfRevenue": 636000000,
        "grossProfit": 536700000,
        "grossProfitRatio": 0.4576618061,
        "researchAndDevelopmentExpenses": 92700000,
        "generalAndAdministrativeExpenses": 0,
        "sellingAndMarketingExpenses": 0,
        "sellingGeneralAndAdministrativeExpenses": 171400000,
        "otherExpenses": 9200000,
        "operatingExpenses": 273300000,
        "costAndExpenses": 1054100000,
        "interestIncome": 0,
        "interestExpense": 0,
        "depreciationAndAmortization": 51100000,
        "ebitda": 173700000,
        "ebitdaratio": 0.1481197237,
        "operatingIncome": 122600000,
        "operatingIncomeRatio": 0.1045450669,
        "totalOtherIncomeExpensesNet": -19600000,
        "incomeBeforeTax": 103000000,
        "incomeBeforeTaxRatio": 0.0878315,
        "incomeTaxExpense": 38100000,
        "netIncome": 64900000,
        "netIncomeRatio": 0.0553423723,
        "eps": 0.74,
        "epsdiluted": 0.72,
        "weightedAverageShsOut": 87900000,
        "weightedAverageShsOutDil": 90000000,
        "link": "https://www.sec.gov/Archives/edgar/data/216228/000095012300010403/0000950123-00-010403-index.htm",
        "finalLink": "https://www.sec.gov/Archives/edgar/data/216228/000095012300010403/y42467e10-q.txt"
    },
    {
        "date": "2000-06-30",
        "symbol": "ITT",
        "reportedCurrency": "USD",
        "cik": "0000216228",
        "fillingDate": "2000-08-07",
        "acceptedDate": "2000-08-07 00:00:00",
        "calendarYear": "2000",
        "period": "Q2",
        "revenue": 1223500000,
        "costOfRevenue": 768700000,
        "grossProfit": 454800000,
        "grossProfitRatio": 0.371720474,
        "researchAndDevelopmentExpenses": 94300000,
        "generalAndAdministrativeExpenses": 0,
        "sellingAndMarketingExpenses": 0,
        "sellingGeneralAndAdministrativeExpenses": 174100000,
        "otherExpenses": 8300000,
        "operatingExpenses": 284400000,
        "costAndExpenses": 1098300000,
        "interestIncome": 0,
        "interestExpense": 0,
        "depreciationAndAmortization": 48900000,
        "ebitda": 178100000,
        "ebitdaratio": 0.1455659992,
        "operatingIncome": 129200000,
        "operatingIncomeRatio": 0.1055986923,
        "totalOtherIncomeExpensesNet": -17800000,
        "incomeBeforeTax": 111400000,
        "incomeBeforeTaxRatio": 0.0910502656,
        "incomeTaxExpense": 41200000,
        "netIncome": 70200000,
        "netIncomeRatio": 0.0573763792,
        "eps": 0.8,
        "epsdiluted": 0.78,
        "weightedAverageShsOut": 87914595,
        "weightedAverageShsOutDil": 87914595,
        "link": "https://www.sec.gov/Archives/edgar/data/216228/000095012300007216/0000950123-00-007216-index.htm",
        "finalLink": "https://www.sec.gov/Archives/edgar/data/216228/000095012300007216/e10-q.txt"
    },
    {
        "date": "2000-03-31",
        "symbol": "ITT",
        "reportedCurrency": "USD",
        "cik": "0000216228",
        "fillingDate": "2000-05-11",
        "acceptedDate": "2000-05-11 00:00:00",
        "calendarYear": "2000",
        "period": "Q1",
        "revenue": 1206000000,
        "costOfRevenue": 792000000,
        "grossProfit": 414000000,
        "grossProfitRatio": 0.3432835821,
        "researchAndDevelopmentExpenses": 64200000,
        "generalAndAdministrativeExpenses": 0,
        "sellingAndMarketingExpenses": 0,
        "sellingGeneralAndAdministrativeExpenses": 190900000,
        "otherExpenses": 58900000,
        "operatingExpenses": 349100000,
        "costAndExpenses": 1110000000,
        "interestIncome": 0,
        "interestExpense": 0,
        "depreciationAndAmortization": 50800000,
        "ebitda": 158900000,
        "ebitdaratio": 0.1317578773,
        "operatingIncome": 100000000,
        "operatingIncomeRatio": 0.0829187396,
        "totalOtherIncomeExpensesNet": -18600000,
        "incomeBeforeTax": 81400000,
        "incomeBeforeTaxRatio": 0.0674958541,
        "incomeTaxExpense": 30100000,
        "netIncome": 51300000,
        "netIncomeRatio": 0.0425373134,
        "eps": 0.58,
        "epsdiluted": 0.57,
        "weightedAverageShsOut": 87915000,
        "weightedAverageShsOutDil": 87915000,
        "link": "https://www.sec.gov/Archives/edgar/data/216228/000095012300004852/0000950123-00-004852-index.html",
        "finalLink": "https://www.sec.gov/Archives/edgar/data/216228/000095012300004852/"
    },
    {
        "date": "1999-12-31",
        "symbol": "ITT",
        "reportedCurrency": "USD",
        "cik": "0000216228",
        "fillingDate": "2000-03-28",
        "acceptedDate": "2000-03-28 00:00:00",
        "calendarYear": "1999",
        "period": "Q4",
        "revenue": 1242400000,
        "costOfRevenue": 827200000,
        "grossProfit": 415200000,
        "grossProfitRatio": 0.3341918867,
        "researchAndDevelopmentExpenses": 64500000,
        "generalAndAdministrativeExpenses": 0,
        "sellingAndMarketingExpenses": 0,
        "sellingGeneralAndAdministrativeExpenses": 180500000,
        "otherExpenses": 44900000,
        "operatingExpenses": 289900000,
        "costAndExpenses": 1117100000,
        "interestIncome": 0,
        "interestExpense": 0,
        "depreciationAndAmortization": 44900000,
        "ebitda": 170200000,
        "ebitdaratio": 0.1369929169,
        "operatingIncome": 125300000,
        "operatingIncomeRatio": 0.1008531874,
        "totalOtherIncomeExpensesNet": -9900000,
        "incomeBeforeTax": 115400000,
        "incomeBeforeTaxRatio": 0.0928847392,
        "incomeTaxExpense": 42700000,
        "netIncome": 72700000,
        "netIncomeRatio": 0.0585157759,
        "eps": 0.82,
        "epsdiluted": 0.82,
        "weightedAverageShsOut": 88308380,
        "weightedAverageShsOutDil": 88448276,
        "link": "https://www.sec.gov/Archives/edgar/data/216228/000095012300002801/0000950123-00-002801-index.html",
        "finalLink": "https://www.sec.gov/Archives/edgar/data/216228/000095012300002801/"
    },
    {
        "date": "1999-09-30",
        "symbol": "ITT",
        "reportedCurrency": "USD",
        "cik": "0000216228",
        "fillingDate": "1999-11-15",
        "acceptedDate": "1999-11-15 00:00:00",
        "calendarYear": "1999",
        "period": "Q3",
        "revenue": 1106400000,
        "costOfRevenue": 736800000,
        "grossProfit": 369600000,
        "grossProfitRatio": 0.3340563991,
        "researchAndDevelopmentExpenses": 63700000,
        "generalAndAdministrativeExpenses": 0,
        "sellingAndMarketingExpenses": 0,
        "sellingGeneralAndAdministrativeExpenses": 164000000,
        "otherExpenses": 43700000,
        "operatingExpenses": 271400000,
        "costAndExpenses": 1008200000,
        "interestIncome": 0,
        "interestExpense": 0,
        "depreciationAndAmortization": 43700000,
        "ebitda": 141900000,
        "ebitdaratio": 0.1282537961,
        "operatingIncome": 98200000,
        "operatingIncomeRatio": 0.0887563268,
        "totalOtherIncomeExpensesNet": -11900000,
        "incomeBeforeTax": 86300000,
        "incomeBeforeTaxRatio": 0.0780007231,
        "incomeTaxExpense": 31900000,
        "netIncome": 54400000,
        "netIncomeRatio": 0.0491684743,
        "eps": 0.62,
        "epsdiluted": 0.6,
        "weightedAverageShsOut": 87741935,
        "weightedAverageShsOutDil": 90666667,
        "link": "https://www.sec.gov/Archives/edgar/data/216228/000095012399010203/0000950123-99-010203-index.html",
        "finalLink": "https://www.sec.gov/Archives/edgar/data/216228/000095012399010203/"
    },
    {
        "date": "1999-06-30",
        "symbol": "ITT",
        "reportedCurrency": "USD",
        "cik": "0000216228",
        "fillingDate": "1999-08-10",
        "acceptedDate": "1999-08-10 00:00:00",
        "calendarYear": "1999",
        "period": "Q2",
        "revenue": 1191700000,
        "costOfRevenue": 793900000,
        "grossProfit": 397800000,
        "grossProfitRatio": 0.3338088445,
        "researchAndDevelopmentExpenses": 70200000,
        "generalAndAdministrativeExpenses": 0,
        "sellingAndMarketingExpenses": 0,
        "sellingGeneralAndAdministrativeExpenses": 170100000,
        "otherExpenses": 46300000,
        "operatingExpenses": 286600000,
        "costAndExpenses": 1080500000,
        "interestIncome": 0,
        "interestExpense": 0,
        "depreciationAndAmortization": 46300000,
        "ebitda": 157500000,
        "ebitdaratio": 0.1321641353,
        "operatingIncome": 111200000,
        "operatingIncomeRatio": 0.0933120752,
        "totalOtherIncomeExpensesNet": -10600000,
        "incomeBeforeTax": 100600000,
        "incomeBeforeTaxRatio": 0.0844172191,
        "incomeTaxExpense": 37300000,
        "netIncome": 63300000,
        "netIncomeRatio": 0.0531173953,
        "eps": 0.36,
        "epsdiluted": 0.35,
        "weightedAverageShsOut": 87915000,
        "weightedAverageShsOutDil": 87915000,
        "link": "https://www.sec.gov/Archives/edgar/data/216228/000095012399007371/0000950123-99-007371-index.html",
        "finalLink": "https://www.sec.gov/Archives/edgar/data/216228/000095012399007371/"
    },
    {
        "date": "1999-03-31",
        "symbol": "ITT",
        "reportedCurrency": "USD",
        "cik": "0000216228",
        "fillingDate": "1999-05-12",
        "acceptedDate": "1999-05-12 00:00:00",
        "calendarYear": "1999",
        "period": "Q1",
        "revenue": 1091700000,
        "costOfRevenue": 734900000,
        "grossProfit": 356800000,
        "grossProfitRatio": 0.3268297151,
        "researchAndDevelopmentExpenses": 66000000,
        "generalAndAdministrativeExpenses": 0,
        "sellingAndMarketingExpenses": 0,
        "sellingGeneralAndAdministrativeExpenses": 168700000,
        "otherExpenses": 46200000,
        "operatingExpenses": 280900000,
        "costAndExpenses": 1015800000,
        "interestIncome": 0,
        "interestExpense": 0,
        "depreciationAndAmortization": 46200000,
        "ebitda": 122100000,
        "ebitdaratio": 0.1118439132,
        "operatingIncome": 75900000,
        "operatingIncomeRatio": 0.0695245947,
        "totalOtherIncomeExpensesNet": -8500000,
        "incomeBeforeTax": 67400000,
        "incomeBeforeTaxRatio": 0.0617385729,
        "incomeTaxExpense": 24900000,
        "netIncome": 42500000,
        "netIncomeRatio": 0.038930109,
        "eps": 0.46,
        "epsdiluted": 0.45,
        "weightedAverageShsOut": 92391304,
        "weightedAverageShsOutDil": 94444444,
        "link": "https://www.sec.gov/Archives/edgar/data/216228/000095012399004495/0000950123-99-004495-index.html",
        "finalLink": "https://www.sec.gov/Archives/edgar/data/216228/"
    },
    {
        "date": "1998-12-31",
        "symbol": "ITT",
        "reportedCurrency": "USD",
        "cik": "0000216228",
        "fillingDate": "1999-03-29",
        "acceptedDate": "1999-03-29 00:00:00",
        "calendarYear": "1998",
        "period": "Q4",
        "revenue": 1260200000,
        "costOfRevenue": 867400000,
        "grossProfit": 392800000,
        "grossProfitRatio": 0.3116965561,
        "researchAndDevelopmentExpenses": 65000000,
        "generalAndAdministrativeExpenses": 0,
        "sellingAndMarketingExpenses": 0,
        "sellingGeneralAndAdministrativeExpenses": 193800000,
        "otherExpenses": 43400000,
        "operatingExpenses": 302200000,
        "costAndExpenses": 1169600000,
        "interestIncome": 0,
        "interestExpense": 0,
        "depreciationAndAmortization": 43400000,
        "ebitda": 134000000,
        "ebitdaratio": 0.1063323282,
        "operatingIncome": 90600000,
        "operatingIncomeRatio": 0.0718933503,
        "totalOtherIncomeExpensesNet": -357400000,
        "incomeBeforeTax": -266800000,
        "incomeBeforeTaxRatio": -0.2117124266,
        "incomeTaxExpense": -104100000,
        "netIncome": -181200000,
        "netIncomeRatio": -0.1437867005,
        "eps": -2.06,
        "epsdiluted": -2.06,
        "weightedAverageShsOut": 87915000,
        "weightedAverageShsOutDil": 87915000,
        "link": "https://www.sec.gov/Archives/edgar/data/216228/000095012399002646/0000950123-99-002646-index.html",
        "finalLink": "https://www.sec.gov/Archives/edgar/data/216228/"
    },
    {
        "date": "1998-09-30",
        "symbol": "ITT",
        "reportedCurrency": "USD",
        "cik": "0000216228",
        "fillingDate": "1998-11-16",
        "acceptedDate": "1998-11-16 00:00:00",
        "calendarYear": "1998",
        "period": "Q3",
        "revenue": 1039100000,
        "costOfRevenue": 775400000,
        "grossProfit": 263700000,
        "grossProfitRatio": 0.2537773073,
        "researchAndDevelopmentExpenses": 75500000,
        "generalAndAdministrativeExpenses": 0,
        "sellingAndMarketingExpenses": 0,
        "sellingGeneralAndAdministrativeExpenses": 177300000,
        "otherExpenses": 61200000,
        "operatingExpenses": 314000000,
        "costAndExpenses": 975900000,
        "interestIncome": 0,
        "interestExpense": 0,
        "depreciationAndAmortization": 48600000,
        "ebitda": 133300000,
        "ebitdaratio": 0.128284092,
        "operatingIncome": 72100000,
        "operatingIncomeRatio": 0.0693869695,
        "totalOtherIncomeExpensesNet": -28000000,
        "incomeBeforeTax": 44100000,
        "incomeBeforeTaxRatio": 0.0424405736,
        "incomeTaxExpense": 17200000,
        "netIncome": 1579300000,
        "netIncomeRatio": 1.519872967,
        "eps": 13.81,
        "epsdiluted": 13.45,
        "weightedAverageShsOut": 115047067,
        "weightedAverageShsOutDil": 118126394,
        "link": "https://www.sec.gov/Archives/edgar/data/216228/000095012398009992/0000950123-98-009992-index.html",
        "finalLink": "https://www.sec.gov/Archives/edgar/data/216228/"
    },
    {
        "date": "1998-06-30",
        "symbol": "ITT",
        "reportedCurrency": "USD",
        "cik": "0000216228",
        "fillingDate": "1998-08-11",
        "acceptedDate": "1998-08-11 00:00:00",
        "calendarYear": "1998",
        "period": "Q2",
        "revenue": 2154400000,
        "costOfRevenue": 1582600000,
        "grossProfit": 571800000,
        "grossProfitRatio": 0.2654103231,
        "researchAndDevelopmentExpenses": 107200000,
        "generalAndAdministrativeExpenses": 0,
        "sellingAndMarketingExpenses": 0,
        "sellingGeneralAndAdministrativeExpenses": 180900000,
        "otherExpenses": 51800000,
        "operatingExpenses": 287800000,
        "costAndExpenses": 1033400000,
        "interestIncome": 0,
        "interestExpense": 0,
        "depreciationAndAmortization": 50800000,
        "ebitda": 143700000,
        "ebitdaratio": 0.0667007055,
        "operatingIncome": 91900000,
        "operatingIncomeRatio": 0.0426568882,
        "totalOtherIncomeExpensesNet": 21700000,
        "incomeBeforeTax": 113600000,
        "incomeBeforeTaxRatio": 0.0527292982,
        "incomeTaxExpense": 44300000,
        "netIncome": 69300000,
        "netIncomeRatio": 0.0321667286,
        "eps": 0.59,
        "epsdiluted": 0.57,
        "weightedAverageShsOut": 117457627,
        "weightedAverageShsOutDil": 121578947,
        "link": "https://www.sec.gov/Archives/edgar/data/216228/000095012398007342/0000950123-98-007342-index.html",
        "finalLink": "https://www.sec.gov/Archives/edgar/data/216228/"
    },
    {
        "date": "1998-03-31",
        "symbol": "ITT",
        "reportedCurrency": "USD",
        "cik": "0000216228",
        "fillingDate": "1998-05-06",
        "acceptedDate": "1998-05-06 00:00:00",
        "calendarYear": "1998",
        "period": "Q1",
        "revenue": 2143500000,
        "costOfRevenue": 1574100000,
        "grossProfit": 569400000,
        "grossProfitRatio": 0.2656403079,
        "researchAndDevelopmentExpenses": 121000000,
        "generalAndAdministrativeExpenses": 0,
        "sellingAndMarketingExpenses": 0,
        "sellingGeneralAndAdministrativeExpenses": 178900000,
        "otherExpenses": 52800000,
        "operatingExpenses": 303700000,
        "costAndExpenses": 1032800000,
        "interestIncome": 0,
        "interestExpense": 0,
        "depreciationAndAmortization": 52800000,
        "ebitda": 119200000,
        "ebitdaratio": 0.0556099837,
        "operatingIncome": 66400000,
        "operatingIncomeRatio": 0.0309773735,
        "totalOtherIncomeExpensesNet": 24800000,
        "incomeBeforeTax": 91200000,
        "incomeBeforeTaxRatio": 0.0425472358,
        "incomeTaxExpense": 35600000,
        "netIncome": 55600000,
        "netIncomeRatio": 0.025938885,
        "eps": 0.47,
        "epsdiluted": 0.46,
        "weightedAverageShsOut": 118297872,
        "weightedAverageShsOutDil": 120869565,
        "link": "https://www.sec.gov/Archives/edgar/data/216228/000021622898000018/0000216228-98-000018-index.html",
        "finalLink": "https://www.sec.gov/Archives/edgar/data/216228/"
    },
    {
        "date": "1997-12-31",
        "symbol": "ITT",
        "reportedCurrency": "USD",
        "cik": "0000216228",
        "fillingDate": "1998-03-27",
        "acceptedDate": "1998-03-27 00:00:00",
        "calendarYear": "1997",
        "period": "Q4",
        "revenue": 2299100000,
        "costOfRevenue": 1704100000,
        "grossProfit": 595000000,
        "grossProfitRatio": 0.2587969205,
        "researchAndDevelopmentExpenses": 123100000,
        "generalAndAdministrativeExpenses": 0,
        "sellingAndMarketingExpenses": 0,
        "sellingGeneralAndAdministrativeExpenses": 208100000,
        "otherExpenses": 113800000,
        "operatingExpenses": 445000000,
        "costAndExpenses": 2149100000,
        "interestIncome": 0,
        "interestExpense": 0,
        "depreciationAndAmortization": 113800000,
        "ebitda": 263800000,
        "ebitdaratio": 0.1147405507,
        "operatingIncome": 150000000,
        "operatingIncomeRatio": 0.0652429211,
        "totalOtherIncomeExpensesNet": -22200000,
        "incomeBeforeTax": 127800000,
        "incomeBeforeTaxRatio": 0.0555869688,
        "incomeTaxExpense": 49900000,
        "netIncome": 72300000,
        "netIncomeRatio": 0.031447088,
        "eps": 0.61,
        "epsdiluted": 0.61,
        "weightedAverageShsOut": 117164835,
        "weightedAverageShsOutDil": 118297872,
        "link": "https://www.sec.gov/Archives/edgar/data/216228/000095012398002979/0000950123-98-002979-index.html",
        "finalLink": "https://www.sec.gov/Archives/edgar/data/216228/"
    },
    {
        "date": "1997-09-30",
        "symbol": "ITT",
        "reportedCurrency": "USD",
        "cik": "0000216228",
        "fillingDate": "1997-11-14",
        "acceptedDate": "1997-11-14 00:00:00",
        "calendarYear": "1997",
        "period": "Q3",
        "revenue": 2060400000,
        "costOfRevenue": 1516600000,
        "grossProfit": 543800000,
        "grossProfitRatio": 0.2639293341,
        "researchAndDevelopmentExpenses": 121200000,
        "generalAndAdministrativeExpenses": 0,
        "sellingAndMarketingExpenses": 0,
        "sellingGeneralAndAdministrativeExpenses": 173700000,
        "otherExpenses": 102300000,
        "operatingExpenses": 335800000,
        "costAndExpenses": 1000500000,
        "interestIncome": 0,
        "interestExpense": 0,
        "depreciationAndAmortization": -73700000,
        "ebitda": 169300000,
        "ebitdaratio": 0.082168511,
        "operatingIncome": 67000000,
        "operatingIncomeRatio": 0.0325179577,
        "totalOtherIncomeExpensesNet": -174200000,
        "incomeBeforeTax": -149400000,
        "incomeBeforeTaxRatio": -0.0725101922,
        "incomeTaxExpense": -58300000,
        "netIncome": -91100000,
        "netIncomeRatio": -0.0442147156,
        "eps": -0.77,
        "epsdiluted": -0.77,
        "weightedAverageShsOut": 118311688,
        "weightedAverageShsOutDil": 118311688,
        "link": "https://www.sec.gov/Archives/edgar/data/216228/000021622897000036/0000216228-97-000036-index.html",
        "finalLink": "https://www.sec.gov/Archives/edgar/data/216228/"
    },
    {
        "date": "1997-06-30",
        "symbol": "ITT",
        "reportedCurrency": "USD",
        "cik": "0000216228",
        "fillingDate": "1997-08-14",
        "acceptedDate": "1997-08-14 00:00:00",
        "calendarYear": "1997",
        "period": "Q2",
        "revenue": 2250900000,
        "costOfRevenue": 1659300000,
        "grossProfit": 591600000,
        "grossProfitRatio": 0.2628282021,
        "researchAndDevelopmentExpenses": 126700000,
        "generalAndAdministrativeExpenses": 0,
        "sellingAndMarketingExpenses": 0,
        "sellingGeneralAndAdministrativeExpenses": 193500000,
        "otherExpenses": 110300000,
        "operatingExpenses": 430500000,
        "costAndExpenses": 2089800000,
        "interestIncome": 0,
        "interestExpense": 0,
        "depreciationAndAmortization": 110300000,
        "ebitda": 271400000,
        "ebitdaratio": 0.1205739926,
        "operatingIncome": 161100000,
        "operatingIncomeRatio": 0.0715713715,
        "totalOtherIncomeExpensesNet": -25700000,
        "incomeBeforeTax": 135400000,
        "incomeBeforeTaxRatio": 0.0601537163,
        "incomeTaxExpense": 52800000,
        "netIncome": 82600000,
        "netIncomeRatio": 0.0366964325,
        "eps": 0.7,
        "epsdiluted": 0.69,
        "weightedAverageShsOut": 118000000,
        "weightedAverageShsOutDil": 119710145,
        "link": "https://www.sec.gov/Archives/edgar/data/216228/000095012397006829/0000950123-97-006829-index.html",
        "finalLink": "https://www.sec.gov/Archives/edgar/data/216228/"
    },
    {
        "date": "1997-03-31",
        "symbol": "ITT",
        "reportedCurrency": "USD",
        "cik": "0000216228",
        "fillingDate": "1997-04-30",
        "acceptedDate": "1997-04-30 00:00:00",
        "calendarYear": "1997",
        "period": "Q1",
        "revenue": 2166600000,
        "costOfRevenue": 1632700000,
        "grossProfit": 533900000,
        "grossProfitRatio": 0.2464229669,
        "researchAndDevelopmentExpenses": 126000000,
        "generalAndAdministrativeExpenses": 0,
        "sellingAndMarketingExpenses": 0,
        "sellingGeneralAndAdministrativeExpenses": 186400000,
        "otherExpenses": 110000000,
        "operatingExpenses": 422400000,
        "costAndExpenses": 2055100000,
        "interestIncome": 0,
        "interestExpense": 0,
        "depreciationAndAmortization": 110000000,
        "ebitda": 221500000,
        "ebitdaratio": 0.1022339149,
        "operatingIncome": 111500000,
        "operatingIncomeRatio": 0.0514631219,
        "totalOtherIncomeExpensesNet": -38900000,
        "incomeBeforeTax": 72600000,
        "incomeBeforeTaxRatio": 0.0335087233,
        "incomeTaxExpense": 28300000,
        "netIncome": 44300000,
        "netIncomeRatio": 0.020446783,
        "eps": 0.37,
        "epsdiluted": 0.37,
        "weightedAverageShsOut": 119729730,
        "weightedAverageShsOutDil": 119729730,
        "link": "https://www.sec.gov/Archives/edgar/data/216228/000021622897000018/0000216228-97-000018-index.html",
        "finalLink": "https://www.sec.gov/Archives/edgar/data/216228/"
    },
    {
        "date": "1996-12-31",
        "symbol": "ITT",
        "reportedCurrency": "USD",
        "cik": "0000216228",
        "fillingDate": "1997-03-26",
        "acceptedDate": "1997-03-26 00:00:00",
        "calendarYear": "1996",
        "period": "Q4",
        "revenue": 2231100000,
        "costOfRevenue": 1805600000,
        "grossProfit": 425500000,
        "grossProfitRatio": 0.1907131012,
        "researchAndDevelopmentExpenses": 0,
        "generalAndAdministrativeExpenses": 0,
        "sellingAndMarketingExpenses": 0,
        "sellingGeneralAndAdministrativeExpenses": 190400000,
        "otherExpenses": 107000000,
        "operatingExpenses": 297400000,
        "costAndExpenses": 2103000000,
        "interestIncome": 0,
        "interestExpense": 0,
        "depreciationAndAmortization": 107000000,
        "ebitda": 235100000,
        "ebitdaratio": 0.1053740307,
        "operatingIncome": 128100000,
        "operatingIncomeRatio": 0.0574156246,
        "totalOtherIncomeExpensesNet": -11100000,
        "incomeBeforeTax": 117000000,
        "incomeBeforeTaxRatio": 0.0524405002,
        "incomeTaxExpense": 45400000,
        "netIncome": 71600000,
        "netIncomeRatio": 0.0320917933,
        "eps": 0.6,
        "epsdiluted": 0.6,
        "weightedAverageShsOut": 117204861,
        "weightedAverageShsOutDil": 119729730,
        "link": "https://www.sec.gov/Archives/edgar/data/216228/000095012397002482/0000950123-97-002482-index.html",
        "finalLink": "https://www.sec.gov/Archives/edgar/data/216228/"
    },
    {
        "date": "1996-09-30",
        "symbol": "ITT",
        "reportedCurrency": "USD",
        "cik": "0000216228",
        "fillingDate": "1996-10-28",
        "acceptedDate": "1996-10-28 00:00:00",
        "calendarYear": "1996",
        "period": "Q3",
        "revenue": 2045000000,
        "costOfRevenue": 1653000000,
        "grossProfit": 392000000,
        "grossProfitRatio": 0.1916870416,
        "researchAndDevelopmentExpenses": 0,
        "generalAndAdministrativeExpenses": 0,
        "sellingAndMarketingExpenses": 0,
        "sellingGeneralAndAdministrativeExpenses": 180000000,
        "otherExpenses": 102000000,
        "operatingExpenses": 282000000,
        "costAndExpenses": 1935000000,
        "interestIncome": 0,
        "interestExpense": 0,
        "depreciationAndAmortization": 102000000,
        "ebitda": 212000000,
        "ebitdaratio": 0.1036674817,
        "operatingIncome": 110000000,
        "operatingIncomeRatio": 0.0537897311,
        "totalOtherIncomeExpensesNet": -39000000,
        "incomeBeforeTax": 71000000,
        "incomeBeforeTaxRatio": 0.0347188264,
        "incomeTaxExpense": 28000000,
        "netIncome": 43000000,
        "netIncomeRatio": 0.0210268949,
        "eps": 0.37,
        "epsdiluted": 0.36,
        "weightedAverageShsOut": 116216216,
        "weightedAverageShsOutDil": 119444444,
        "link": "https://www.sec.gov/Archives/edgar/data/216228/000021622896000023/0000216228-96-000023-index.html",
        "finalLink": "https://www.sec.gov/Archives/edgar/data/216228/"
    },
    {
        "date": "1996-06-30",
        "symbol": "ITT",
        "reportedCurrency": "USD",
        "cik": "0000216228",
        "fillingDate": "1996-07-31",
        "acceptedDate": "1996-07-31 00:00:00",
        "calendarYear": "1996",
        "period": "Q2",
        "revenue": 2241000000,
        "costOfRevenue": 1796000000,
        "grossProfit": 445000000,
        "grossProfitRatio": 0.198572066,
        "researchAndDevelopmentExpenses": 0,
        "generalAndAdministrativeExpenses": 0,
        "sellingAndMarketingExpenses": 0,
        "sellingGeneralAndAdministrativeExpenses": 181000000,
        "otherExpenses": 112000000,
        "operatingExpenses": 293000000,
        "costAndExpenses": 2089000000,
        "interestIncome": 0,
        "interestExpense": 0,
        "depreciationAndAmortization": 112000000,
        "ebitda": 264000000,
        "ebitdaratio": 0.1178045515,
        "operatingIncome": 152000000,
        "operatingIncomeRatio": 0.067826863,
        "totalOtherIncomeExpensesNet": -38000000,
        "incomeBeforeTax": 114000000,
        "incomeBeforeTaxRatio": 0.0508701473,
        "incomeTaxExpense": 46000000,
        "netIncome": 68000000,
        "netIncomeRatio": 0.0303435966,
        "eps": 0.57,
        "epsdiluted": 0.56,
        "weightedAverageShsOut": 119298246,
        "weightedAverageShsOutDil": 121428571,
        "link": "https://www.sec.gov/Archives/edgar/data/216228/000095012396003940/0000950123-96-003940-index.html",
        "finalLink": "https://www.sec.gov/Archives/edgar/data/216228/"
    },
    {
        "date": "1996-03-31",
        "symbol": "ITT",
        "reportedCurrency": "USD",
        "cik": "0000216228",
        "fillingDate": "1996-04-30",
        "acceptedDate": "1996-04-30 00:00:00",
        "calendarYear": "1996",
        "period": "Q1",
        "revenue": 2201000000,
        "costOfRevenue": 1796000000,
        "grossProfit": 405000000,
        "grossProfitRatio": 0.1840072694,
        "researchAndDevelopmentExpenses": 0,
        "generalAndAdministrativeExpenses": 0,
        "sellingAndMarketingExpenses": 0,
        "sellingGeneralAndAdministrativeExpenses": 188000000,
        "otherExpenses": 112000000,
        "operatingExpenses": 300000000,
        "costAndExpenses": 2096000000,
        "interestIncome": 0,
        "interestExpense": 0,
        "depreciationAndAmortization": 112000000,
        "ebitda": 217000000,
        "ebitdaratio": 0.0985915493,
        "operatingIncome": 105000000,
        "operatingIncomeRatio": 0.0477055884,
        "totalOtherIncomeExpensesNet": -36000000,
        "incomeBeforeTax": 69000000,
        "incomeBeforeTaxRatio": 0.0313493866,
        "incomeTaxExpense": 29000000,
        "netIncome": 40000000,
        "netIncomeRatio": 0.0181735575,
        "eps": 0.34,
        "epsdiluted": 0.33,
        "weightedAverageShsOut": 117647059,
        "weightedAverageShsOutDil": 121212121,
        "link": "https://www.sec.gov/Archives/edgar/data/216228/000095012396001935/0000950123-96-001935-index.html",
        "finalLink": "https://www.sec.gov/Archives/edgar/data/216228/"
    },
    {
        "date": "1995-12-31",
        "symbol": "ITT",
        "reportedCurrency": "USD",
        "cik": "0000216228",
        "fillingDate": "1996-03-25",
        "acceptedDate": "1996-03-25 00:00:00",
        "calendarYear": "1995",
        "period": "Q4",
        "revenue": 2251000000,
        "costOfRevenue": 0,
        "grossProfit": 2251000000,
        "grossProfitRatio": 1,
        "researchAndDevelopmentExpenses": 0,
        "generalAndAdministrativeExpenses": 0,
        "sellingAndMarketingExpenses": 0,
        "sellingGeneralAndAdministrativeExpenses": 0,
        "otherExpenses": 2251000000,
        "operatingExpenses": 2251000000,
        "costAndExpenses": 2251000000,
        "interestIncome": 0,
        "interestExpense": 0,
        "depreciationAndAmortization": 0,
        "ebitda": -6107000000,
        "ebitdaratio": -2.7130164371,
        "operatingIncome": -6107000000,
        "operatingIncomeRatio": -2.7130164371,
        "totalOtherIncomeExpensesNet": 6107000000,
        "incomeBeforeTax": 0,
        "incomeBeforeTaxRatio": 0,
        "incomeTaxExpense": 8000000,
        "netIncome": -8000000,
        "netIncomeRatio": -0.003553976,
        "eps": -0.068,
        "epsdiluted": -0.068,
        "weightedAverageShsOut": 117647059,
        "weightedAverageShsOutDil": 117647059,
        "link": "https://www.sec.gov/Archives/edgar/data/216228/000095012396001278/0000950123-96-001278-index.html",
        "finalLink": "https://www.sec.gov/Archives/edgar/data/216228/"
    },
    {
        "date": "1995-09-30",
        "symbol": "ITT",
        "reportedCurrency": "USD",
        "cik": "0000216228",
        "fillingDate": "1995-11-01",
        "acceptedDate": "1995-11-01 00:00:00",
        "calendarYear": "1995",
        "period": "Q3",
        "revenue": 2048000000,
        "costOfRevenue": 0,
        "grossProfit": 2048000000,
        "grossProfitRatio": 1,
        "researchAndDevelopmentExpenses": 0,
        "generalAndAdministrativeExpenses": 0,
        "sellingAndMarketingExpenses": 0,
        "sellingGeneralAndAdministrativeExpenses": 0,
        "otherExpenses": 2048000000,
        "operatingExpenses": 2048000000,
        "costAndExpenses": 2048000000,
        "interestIncome": 0,
        "interestExpense": 0,
        "depreciationAndAmortization": 0,
        "ebitda": 2048000000,
        "ebitdaratio": 1,
        "operatingIncome": 2048000000,
        "operatingIncomeRatio": 1,
        "totalOtherIncomeExpensesNet": -2048000000,
        "incomeBeforeTax": 0,
        "incomeBeforeTaxRatio": 0,
        "incomeTaxExpense": 174000000,
        "netIncome": -174000000,
        "netIncomeRatio": -0.0849609375,
        "eps": -1.52,
        "epsdiluted": -1.49,
        "weightedAverageShsOut": 114473684,
        "weightedAverageShsOutDil": 116778523,
        "link": "https://www.sec.gov/Archives/edgar/data/216228/000095012395003102/0000950123-95-003102-index.html",
        "finalLink": "https://www.sec.gov/Archives/edgar/data/216228/"
    },
    {
        "date": "1995-06-30",
        "symbol": "ITT",
        "reportedCurrency": "USD",
        "cik": "0000216228",
        "fillingDate": "1995-08-14",
        "acceptedDate": "1995-08-14 00:00:00",
        "calendarYear": "1995",
        "period": "Q2",
        "revenue": 2337000000,
        "costOfRevenue": 0,
        "grossProfit": 2337000000,
        "grossProfitRatio": 1,
        "researchAndDevelopmentExpenses": 0,
        "generalAndAdministrativeExpenses": 0,
        "sellingAndMarketingExpenses": 0,
        "sellingGeneralAndAdministrativeExpenses": 0,
        "otherExpenses": 2337000000,
        "operatingExpenses": 2337000000,
        "costAndExpenses": 2337000000,
        "interestIncome": 0,
        "interestExpense": 0,
        "depreciationAndAmortization": 0,
        "ebitda": 2337000000,
        "ebitdaratio": 1,
        "operatingIncome": 2337000000,
        "operatingIncomeRatio": 1,
        "totalOtherIncomeExpensesNet": -2337000000,
        "incomeBeforeTax": 0,
        "incomeBeforeTaxRatio": 0,
        "incomeTaxExpense": -612000000,
        "netIncome": 612000000,
        "netIncomeRatio": 0.2618741977,
        "eps": 5.61,
        "epsdiluted": 5.17,
        "weightedAverageShsOut": 109090909,
        "weightedAverageShsOutDil": 118375242,
        "link": "https://www.sec.gov/Archives/edgar/data/216228/000095012395002322/0000950123-95-002322-index.html",
        "finalLink": "https://www.sec.gov/Archives/edgar/data/216228/"
    },
    {
        "date": "1995-03-31",
        "symbol": "ITT",
        "reportedCurrency": "USD",
        "cik": "0000216228",
        "fillingDate": "1995-05-15",
        "acceptedDate": "1995-05-15 00:00:00",
        "calendarYear": "1995",
        "period": "Q1",
        "revenue": 2248000000,
        "costOfRevenue": 0,
        "grossProfit": 2248000000,
        "grossProfitRatio": 1,
        "researchAndDevelopmentExpenses": 0,
        "generalAndAdministrativeExpenses": 0,
        "sellingAndMarketingExpenses": 0,
        "sellingGeneralAndAdministrativeExpenses": 0,
        "otherExpenses": 2248000000,
        "operatingExpenses": 2248000000,
        "costAndExpenses": 2248000000,
        "interestIncome": 0,
        "interestExpense": 0,
        "depreciationAndAmortization": 0,
        "ebitda": 2248000000,
        "ebitdaratio": 1,
        "operatingIncome": 2248000000,
        "operatingIncomeRatio": 1,
        "totalOtherIncomeExpensesNet": -2248000000,
        "incomeBeforeTax": 0,
        "incomeBeforeTaxRatio": 0,
        "incomeTaxExpense": -228000000,
        "netIncome": 228000000,
        "netIncomeRatio": 0.1014234875,
        "eps": 2.05,
        "epsdiluted": 1.91,
        "weightedAverageShsOut": 111219512,
        "weightedAverageShsOutDil": 119371728,
        "link": "https://www.sec.gov/Archives/edgar/data/216228/000021622895000003/0000216228-95-000003-index.html",
        "finalLink": "https://www.sec.gov/Archives/edgar/data/216228/"
    },
    {
        "date": "1994-12-31",
        "symbol": "ITT",
        "reportedCurrency": "USD",
        "cik": "0000216228",
        "fillingDate": "1995-03-15",
        "acceptedDate": "1995-03-15 00:00:00",
        "calendarYear": "1994",
        "period": "Q4",
        "revenue": 2168000000,
        "costOfRevenue": 1489000000,
        "grossProfit": 679000000,
        "grossProfitRatio": 0.3131918819,
        "researchAndDevelopmentExpenses": 0,
        "generalAndAdministrativeExpenses": 0,
        "sellingAndMarketingExpenses": 0,
        "sellingGeneralAndAdministrativeExpenses": 523000000,
        "otherExpenses": 0,
        "operatingExpenses": 523000000,
        "costAndExpenses": 2012000000,
        "interestIncome": 0,
        "interestExpense": -21000000,
        "depreciationAndAmortization": 88000000,
        "ebitda": 419000000,
        "ebitdaratio": 0.1932656827,
        "operatingIncome": 156000000,
        "operatingIncomeRatio": 0.0719557196,
        "totalOtherIncomeExpensesNet": -25000000,
        "incomeBeforeTax": 131000000,
        "incomeBeforeTaxRatio": 0.0604243542,
        "incomeTaxExpense": 47000000,
        "netIncome": 305000000,
        "netIncomeRatio": 0.1406826568,
        "eps": 2.56,
        "epsdiluted": 2.56,
        "weightedAverageShsOut": 119000000,
        "weightedAverageShsOutDil": 119000000,
        "link": "https://www.sec.gov/Archives/edgar/data/216228/000095012395000558/0000950123-95-000558-index.html",
        "finalLink": "https://www.sec.gov/Archives/edgar/data/216228/"
    },
    {
        "date": "1994-09-30",
        "symbol": "ITT",
        "reportedCurrency": "USD",
        "cik": "0000216228",
        "fillingDate": "1994-10-31",
        "acceptedDate": "1994-10-31 00:00:00",
        "calendarYear": "1994",
        "period": "Q3",
        "revenue": 1863000000,
        "costOfRevenue": 1609000000,
        "grossProfit": 254000000,
        "grossProfitRatio": 0.1363392378,
        "researchAndDevelopmentExpenses": 0,
        "generalAndAdministrativeExpenses": 0,
        "sellingAndMarketingExpenses": 0,
        "sellingGeneralAndAdministrativeExpenses": 173000000,
        "otherExpenses": 0,
        "operatingExpenses": 173000000,
        "costAndExpenses": 1782000000,
        "interestIncome": 0,
        "interestExpense": -13000000,
        "depreciationAndAmortization": 100000000,
        "ebitda": 375000000,
        "ebitdaratio": 0.2012882448,
        "operatingIncome": 81000000,
        "operatingIncomeRatio": 0.0434782609,
        "totalOtherIncomeExpensesNet": -30000000,
        "incomeBeforeTax": 51000000,
        "incomeBeforeTaxRatio": 0.0273752013,
        "incomeTaxExpense": 31000000,
        "netIncome": 257000000,
        "netIncomeRatio": 0.1379495437,
        "eps": 2.12,
        "epsdiluted": 2.03,
        "weightedAverageShsOut": 121500000,
        "weightedAverageShsOutDil": 126500000,
        "link": "https://www.sec.gov/Archives/edgar/data/216228/000095012394001752/0000950123-94-001752-index.html",
        "finalLink": "https://www.sec.gov/Archives/edgar/data/216228/"
    },
    {
        "date": "1994-06-30",
        "symbol": "ITT",
        "reportedCurrency": "USD",
        "cik": "0000216228",
        "fillingDate": "1994-08-12",
        "acceptedDate": "1994-08-12 00:00:00",
        "calendarYear": "1994",
        "period": "Q2",
        "revenue": 2036000000,
        "costOfRevenue": 1894000000,
        "grossProfit": 142000000,
        "grossProfitRatio": 0.0697445972,
        "researchAndDevelopmentExpenses": 0,
        "generalAndAdministrativeExpenses": 0,
        "sellingAndMarketingExpenses": 0,
        "sellingGeneralAndAdministrativeExpenses": 23000000,
        "otherExpenses": 0,
        "operatingExpenses": 23000000,
        "costAndExpenses": 1917000000,
        "interestIncome": 0,
        "interestExpense": -15000000,
        "depreciationAndAmortization": 45000000,
        "ebitda": 331000000,
        "ebitdaratio": 0.1625736739,
        "operatingIncome": 119000000,
        "operatingIncomeRatio": 0.0584479371,
        "totalOtherIncomeExpensesNet": -15000000,
        "incomeBeforeTax": 104000000,
        "incomeBeforeTaxRatio": 0.0510805501,
        "incomeTaxExpense": 43000000,
        "netIncome": 258000000,
        "netIncomeRatio": 0.126719057,
        "eps": 2.02,
        "epsdiluted": 2.02,
        "weightedAverageShsOut": 128000000,
        "weightedAverageShsOutDil": 128000000,
        "link": "https://www.sec.gov/Archives/edgar/data/216228/000021622894000006/0000216228-94-000006-index.html",
        "finalLink": "https://www.sec.gov/Archives/edgar/data/216228/"
    },
    {
        "date": "1994-03-31",
        "symbol": "ITT",
        "reportedCurrency": "USD",
        "cik": "0000216228",
        "fillingDate": "1994-05-12",
        "acceptedDate": "1994-05-12 00:00:00",
        "calendarYear": "1994",
        "period": "Q1",
        "revenue": 1691000000,
        "costOfRevenue": 1615000000,
        "grossProfit": 76000000,
        "grossProfitRatio": 0.0449438202,
        "researchAndDevelopmentExpenses": 0,
        "generalAndAdministrativeExpenses": 0,
        "sellingAndMarketingExpenses": 0,
        "sellingGeneralAndAdministrativeExpenses": 14000000,
        "otherExpenses": 0,
        "operatingExpenses": 14000000,
        "costAndExpenses": 1629000000,
        "interestIncome": 0,
        "interestExpense": 1000000,
        "depreciationAndAmortization": 140000000,
        "ebitda": 369000000,
        "ebitdaratio": 0.2182140745,
        "operatingIncome": 62000000,
        "operatingIncomeRatio": 0.0366646954,
        "totalOtherIncomeExpensesNet": 1000000,
        "incomeBeforeTax": 63000000,
        "incomeBeforeTaxRatio": 0.0372560615,
        "incomeTaxExpense": 26000000,
        "netIncome": 202000000,
        "netIncomeRatio": 0.1194559432,
        "eps": 1.46,
        "epsdiluted": 1.46,
        "weightedAverageShsOut": 138000000,
        "weightedAverageShsOutDil": 138000000,
        "link": "https://www.sec.gov/Archives/edgar/data/216228/000021622894000002/0000216228-94-000002-index.html",
        "finalLink": "https://www.sec.gov/Archives/edgar/data/216228/"
    }
]