[
    {
        "date": "2017-03-31",
        "symbol": "JNS",
        "reportedCurrency": "USD",
        "cik": "0001065865",
        "fillingDate": "2017-04-20",
        "acceptedDate": "2017-04-20 16:51:03",
        "calendarYear": "2017",
        "period": "Q1",
        "revenue": 257600000,
        "costOfRevenue": 0,
        "grossProfit": 257600000,
        "grossProfitRatio": 1,
        "researchAndDevelopmentExpenses": 0,
        "generalAndAdministrativeExpenses": 72900000,
        "sellingAndMarketingExpenses": 18000000,
        "sellingGeneralAndAdministrativeExpenses": 90900000,
        "otherExpenses": 70100000,
        "operatingExpenses": 161000000,
        "costAndExpenses": 202300000,
        "interestIncome": 0,
        "interestExpense": 5200000,
        "depreciationAndAmortization": 8900000,
        "ebitda": 66200000,
        "ebitdaratio": 0.2569875776,
        "operatingIncome": 55300000,
        "operatingIncomeRatio": 0.214673913,
        "totalOtherIncomeExpensesNet": -1800000,
        "incomeBeforeTax": 53500000,
        "incomeBeforeTaxRatio": 0.2076863354,
        "incomeTaxExpense": 21200000,
        "netIncome": 30900000,
        "netIncomeRatio": 0.1199534161,
        "eps": 0.17,
        "epsdiluted": 0.17,
        "weightedAverageShsOut": 177300000,
        "weightedAverageShsOutDil": 179700000,
        "link": "https://www.sec.gov/Archives/edgar/data/1065865/000110465917024920/0001104659-17-024920-index.htm",
        "finalLink": "https://www.sec.gov/Archives/edgar/data/1065865/000110465917024920/a17-8912_110q.htm"
    },
    {
        "date": "2016-12-31",
        "symbol": "JNS",
        "reportedCurrency": "USD",
        "cik": "0001065865",
        "fillingDate": "2017-02-16",
        "acceptedDate": "2017-02-16 16:21:35",
        "calendarYear": "2016",
        "period": "Q4",
        "revenue": 251400000,
        "costOfRevenue": 0,
        "grossProfit": 251400000,
        "grossProfitRatio": 1,
        "researchAndDevelopmentExpenses": 0,
        "generalAndAdministrativeExpenses": 79600000,
        "sellingAndMarketingExpenses": 7000000,
        "sellingGeneralAndAdministrativeExpenses": 86600000,
        "otherExpenses": 59200000,
        "operatingExpenses": 145800000,
        "costAndExpenses": 189600000,
        "interestIncome": 0,
        "interestExpense": 5200000,
        "depreciationAndAmortization": 9700000,
        "ebitda": 64800000,
        "ebitdaratio": 0.2577565632,
        "operatingIncome": 61800000,
        "operatingIncomeRatio": 0.245823389,
        "totalOtherIncomeExpensesNet": -11700000,
        "incomeBeforeTax": 50100000,
        "incomeBeforeTaxRatio": 0.1992840095,
        "incomeTaxExpense": 19000000,
        "netIncome": 30900000,
        "netIncomeRatio": 0.1229116945,
        "eps": 0.17,
        "epsdiluted": 0.17,
        "weightedAverageShsOut": 177000000,
        "weightedAverageShsOutDil": 181200000,
        "link": "https://www.sec.gov/Archives/edgar/data/1065865/000104746917000706/0001047469-17-000706-index.htm",
        "finalLink": "https://www.sec.gov/Archives/edgar/data/1065865/000104746917000706/a2230904z10-k.htm"
    },
    {
        "date": "2016-09-30",
        "symbol": "JNS",
        "reportedCurrency": "USD",
        "cik": "0001065865",
        "fillingDate": "2016-10-25",
        "acceptedDate": "2016-10-25 16:27:04",
        "calendarYear": "2016",
        "period": "Q3",
        "revenue": 258900000,
        "costOfRevenue": 0,
        "grossProfit": 258900000,
        "grossProfitRatio": 1,
        "researchAndDevelopmentExpenses": 0,
        "generalAndAdministrativeExpenses": 81900000,
        "sellingAndMarketingExpenses": 4000000,
        "sellingGeneralAndAdministrativeExpenses": 85900000,
        "otherExpenses": 59300000,
        "operatingExpenses": 145200000,
        "costAndExpenses": 189600000,
        "interestIncome": 0,
        "interestExpense": 5300000,
        "depreciationAndAmortization": 10100000,
        "ebitda": 80000000,
        "ebitdaratio": 0.3089996138,
        "operatingIncome": 69300000,
        "operatingIncomeRatio": 0.2676709154,
        "totalOtherIncomeExpensesNet": -2800000,
        "incomeBeforeTax": 66500000,
        "incomeBeforeTaxRatio": 0.2568559289,
        "incomeTaxExpense": 23500000,
        "netIncome": 41100000,
        "netIncomeRatio": 0.1587485516,
        "eps": 0.23,
        "epsdiluted": 0.23,
        "weightedAverageShsOut": 177400000,
        "weightedAverageShsOutDil": 181600000,
        "link": "https://www.sec.gov/Archives/edgar/data/1065865/000110465916151936/0001104659-16-151936-index.htm",
        "finalLink": "https://www.sec.gov/Archives/edgar/data/1065865/000110465916151936/a16-17237_110q.htm"
    },
    {
        "date": "2016-06-30",
        "symbol": "JNS",
        "reportedCurrency": "USD",
        "cik": "0001065865",
        "fillingDate": "2016-07-26",
        "acceptedDate": "2016-07-26 16:11:28",
        "calendarYear": "2016",
        "period": "Q2",
        "revenue": 251900000,
        "costOfRevenue": 0,
        "grossProfit": 251900000,
        "grossProfitRatio": 1,
        "researchAndDevelopmentExpenses": 0,
        "generalAndAdministrativeExpenses": 76600000,
        "sellingAndMarketingExpenses": 7000000,
        "sellingGeneralAndAdministrativeExpenses": 83600000,
        "otherExpenses": 59200000,
        "operatingExpenses": 142800000,
        "costAndExpenses": 184000000,
        "interestIncome": 0,
        "interestExpense": 5100000,
        "depreciationAndAmortization": 10000000,
        "ebitda": 78600000,
        "ebitdaratio": 0.3120285828,
        "operatingIncome": 67900000,
        "operatingIncomeRatio": 0.2695514093,
        "totalOtherIncomeExpensesNet": -3200000,
        "incomeBeforeTax": 64700000,
        "incomeBeforeTaxRatio": 0.2568479555,
        "incomeTaxExpense": 24500000,
        "netIncome": 39000000,
        "netIncomeRatio": 0.1548233426,
        "eps": 0.22,
        "epsdiluted": 0.21,
        "weightedAverageShsOut": 178000000,
        "weightedAverageShsOutDil": 181800000,
        "link": "https://www.sec.gov/Archives/edgar/data/1065865/000110465916134359/0001104659-16-134359-index.htm",
        "finalLink": "https://www.sec.gov/Archives/edgar/data/1065865/000110465916134359/a16-11646_110q.htm"
    },
    {
        "date": "2016-03-31",
        "symbol": "JNS",
        "reportedCurrency": "USD",
        "cik": "0001065865",
        "fillingDate": "2016-04-26",
        "acceptedDate": "2016-04-26 17:15:12",
        "calendarYear": "2016",
        "period": "Q1",
        "revenue": 248500000,
        "costOfRevenue": 0,
        "grossProfit": 248500000,
        "grossProfitRatio": 1,
        "researchAndDevelopmentExpenses": 0,
        "generalAndAdministrativeExpenses": 82900000,
        "sellingAndMarketingExpenses": 5000000,
        "sellingGeneralAndAdministrativeExpenses": 87900000,
        "otherExpenses": 57200000,
        "operatingExpenses": 145100000,
        "costAndExpenses": 185900000,
        "interestIncome": 0,
        "interestExpense": 5200000,
        "depreciationAndAmortization": 10200000,
        "ebitda": 74400000,
        "ebitdaratio": 0.2993963783,
        "operatingIncome": 62600000,
        "operatingIncomeRatio": 0.2519114688,
        "totalOtherIncomeExpensesNet": -1700000,
        "incomeBeforeTax": 60900000,
        "incomeBeforeTaxRatio": 0.2450704225,
        "incomeTaxExpense": 23900000,
        "netIncome": 35100000,
        "netIncomeRatio": 0.1412474849,
        "eps": 0.2,
        "epsdiluted": 0.19,
        "weightedAverageShsOut": 178400000,
        "weightedAverageShsOutDil": 181300000,
        "link": "https://www.sec.gov/Archives/edgar/data/1065865/000110465916114273/0001104659-16-114273-index.htm",
        "finalLink": "https://www.sec.gov/Archives/edgar/data/1065865/000110465916114273/a16-6549_110q.htm"
    },
    {
        "date": "2015-12-31",
        "symbol": "JNS",
        "reportedCurrency": "USD",
        "cik": "0001065865",
        "fillingDate": "2016-02-24",
        "acceptedDate": "2016-02-24 17:22:52",
        "calendarYear": "2015",
        "period": "Q4",
        "revenue": 267800000,
        "costOfRevenue": 0,
        "grossProfit": 267800000,
        "grossProfitRatio": 1,
        "researchAndDevelopmentExpenses": 0,
        "generalAndAdministrativeExpenses": 78000000,
        "sellingAndMarketingExpenses": 6000000,
        "sellingGeneralAndAdministrativeExpenses": 84000000,
        "otherExpenses": 60500000,
        "operatingExpenses": 144500000,
        "costAndExpenses": 187000000,
        "interestIncome": 0,
        "interestExpense": 5200000,
        "depreciationAndAmortization": 10100000,
        "ebitda": 91200000,
        "ebitdaratio": 0.3405526512,
        "operatingIncome": 80800000,
        "operatingIncomeRatio": 0.3017176998,
        "totalOtherIncomeExpensesNet": -3200000,
        "incomeBeforeTax": 77600000,
        "incomeBeforeTaxRatio": 0.2897684839,
        "incomeTaxExpense": 29300000,
        "netIncome": 46600000,
        "netIncomeRatio": 0.1740104556,
        "eps": 0.26,
        "epsdiluted": 0.25,
        "weightedAverageShsOut": 179700000,
        "weightedAverageShsOutDil": 186800000,
        "link": "https://www.sec.gov/Archives/edgar/data/1065865/000104746916010380/0001047469-16-010380-index.htm",
        "finalLink": "https://www.sec.gov/Archives/edgar/data/1065865/000104746916010380/a2227369z10-k.htm"
    },
    {
        "date": "2015-09-30",
        "symbol": "JNS",
        "reportedCurrency": "USD",
        "cik": "0001065865",
        "fillingDate": "2015-10-22",
        "acceptedDate": "2015-10-22 17:20:11",
        "calendarYear": "2015",
        "period": "Q3",
        "revenue": 273800000,
        "costOfRevenue": 0,
        "grossProfit": 273800000,
        "grossProfitRatio": 1,
        "researchAndDevelopmentExpenses": 0,
        "generalAndAdministrativeExpenses": 80900000,
        "sellingAndMarketingExpenses": 5000000,
        "sellingGeneralAndAdministrativeExpenses": 85900000,
        "otherExpenses": 59300000,
        "operatingExpenses": 145200000,
        "costAndExpenses": 190400000,
        "interestIncome": 0,
        "interestExpense": 8000000,
        "depreciationAndAmortization": 10100000,
        "ebitda": 51200000,
        "ebitdaratio": 0.1869978086,
        "operatingIncome": 83400000,
        "operatingIncomeRatio": 0.3046018992,
        "totalOtherIncomeExpensesNet": -50300000,
        "incomeBeforeTax": 33100000,
        "incomeBeforeTaxRatio": 0.1208911614,
        "incomeTaxExpense": 13200000,
        "netIncome": 19900000,
        "netIncomeRatio": 0.0726807889,
        "eps": 0.11,
        "epsdiluted": 0.11,
        "weightedAverageShsOut": 180300000,
        "weightedAverageShsOutDil": 188000000,
        "link": "https://www.sec.gov/Archives/edgar/data/1065865/000110465915072211/0001104659-15-072211-index.htm",
        "finalLink": "https://www.sec.gov/Archives/edgar/data/1065865/000110465915072211/a15-17906_110q.htm"
    },
    {
        "date": "2015-06-30",
        "symbol": "JNS",
        "reportedCurrency": "USD",
        "cik": "0001065865",
        "fillingDate": "2015-07-23",
        "acceptedDate": "2015-07-23 16:31:04",
        "calendarYear": "2015",
        "period": "Q2",
        "revenue": 271900000,
        "costOfRevenue": 0,
        "grossProfit": 271900000,
        "grossProfitRatio": 1,
        "researchAndDevelopmentExpenses": 0,
        "generalAndAdministrativeExpenses": 85200000,
        "sellingAndMarketingExpenses": 6000000,
        "sellingGeneralAndAdministrativeExpenses": 91200000,
        "otherExpenses": 59900000,
        "operatingExpenses": 151100000,
        "costAndExpenses": 189800000,
        "interestIncome": 0,
        "interestExpense": 7200000,
        "depreciationAndAmortization": 12000000,
        "ebitda": 88600000,
        "ebitdaratio": 0.3258550938,
        "operatingIncome": 82100000,
        "operatingIncomeRatio": 0.301949246,
        "totalOtherIncomeExpensesNet": -12500000,
        "incomeBeforeTax": 69600000,
        "incomeBeforeTaxRatio": 0.2559764619,
        "incomeTaxExpense": 24700000,
        "netIncome": 44700000,
        "netIncomeRatio": 0.164398676,
        "eps": 0.25,
        "epsdiluted": 0.24,
        "weightedAverageShsOut": 180500000,
        "weightedAverageShsOutDil": 188800000,
        "link": "https://www.sec.gov/Archives/edgar/data/1065865/000110465915052876/0001104659-15-052876-index.htm",
        "finalLink": "https://www.sec.gov/Archives/edgar/data/1065865/000110465915052876/a15-11990_110q.htm"
    },
    {
        "date": "2015-03-31",
        "symbol": "JNS",
        "reportedCurrency": "USD",
        "cik": "0001065865",
        "fillingDate": "2015-05-01",
        "acceptedDate": "2015-05-01 16:17:30",
        "calendarYear": "2015",
        "period": "Q1",
        "revenue": 262700000,
        "costOfRevenue": 0,
        "grossProfit": 262700000,
        "grossProfitRatio": 1,
        "researchAndDevelopmentExpenses": 0,
        "generalAndAdministrativeExpenses": 86400000,
        "sellingAndMarketingExpenses": 5000000,
        "sellingGeneralAndAdministrativeExpenses": 91400000,
        "otherExpenses": 60100000,
        "operatingExpenses": 151500000,
        "costAndExpenses": 186700000,
        "interestIncome": 0,
        "interestExpense": 7300000,
        "depreciationAndAmortization": 5100000,
        "ebitda": 83800000,
        "ebitdaratio": 0.3189950514,
        "operatingIncome": 76000000,
        "operatingIncomeRatio": 0.2893033879,
        "totalOtherIncomeExpensesNet": -3000000,
        "incomeBeforeTax": 73000000,
        "incomeBeforeTaxRatio": 0.2778835173,
        "incomeTaxExpense": 26800000,
        "netIncome": 44600000,
        "netIncomeRatio": 0.1697754092,
        "eps": 0.25,
        "epsdiluted": 0.24,
        "weightedAverageShsOut": 180200000,
        "weightedAverageShsOutDil": 188200000,
        "link": "https://www.sec.gov/Archives/edgar/data/1065865/000110465915033203/0001104659-15-033203-index.htm",
        "finalLink": "https://www.sec.gov/Archives/edgar/data/1065865/000110465915033203/a15-7227_110q.htm"
    },
    {
        "date": "2014-12-31",
        "symbol": "JNS",
        "reportedCurrency": "USD",
        "cik": "0001065865",
        "fillingDate": "2015-02-24",
        "acceptedDate": "2015-02-24 17:23:58",
        "calendarYear": "2014",
        "period": "Q4",
        "revenue": 254800000,
        "costOfRevenue": 0,
        "grossProfit": 254800000,
        "grossProfitRatio": 1,
        "researchAndDevelopmentExpenses": 0,
        "generalAndAdministrativeExpenses": 76300000,
        "sellingAndMarketingExpenses": 6000000,
        "sellingGeneralAndAdministrativeExpenses": 82300000,
        "otherExpenses": 53600000,
        "operatingExpenses": 135900000,
        "costAndExpenses": 174300000,
        "interestIncome": 0,
        "interestExpense": 7200000,
        "depreciationAndAmortization": 5000000,
        "ebitda": 85500000,
        "ebitdaratio": 0.3355572998,
        "operatingIncome": 80500000,
        "operatingIncomeRatio": 0.3159340659,
        "totalOtherIncomeExpensesNet": -7100000,
        "incomeBeforeTax": 73400000,
        "incomeBeforeTaxRatio": 0.2880690738,
        "incomeTaxExpense": 26600000,
        "netIncome": 46700000,
        "netIncomeRatio": 0.1832810047,
        "eps": 0.26,
        "epsdiluted": 0.25,
        "weightedAverageShsOut": 182200000,
        "weightedAverageShsOutDil": 184900000,
        "link": "https://www.sec.gov/Archives/edgar/data/1065865/000104746915001127/0001047469-15-001127-index.htm",
        "finalLink": "https://www.sec.gov/Archives/edgar/data/1065865/000104746915001127/a2223079z10-k.htm"
    },
    {
        "date": "2014-09-30",
        "symbol": "JNS",
        "reportedCurrency": "USD",
        "cik": "0001065865",
        "fillingDate": "2014-10-23",
        "acceptedDate": "2014-10-23 16:06:05",
        "calendarYear": "2014",
        "period": "Q3",
        "revenue": 237000000,
        "costOfRevenue": 0,
        "grossProfit": 237000000,
        "grossProfitRatio": 1,
        "researchAndDevelopmentExpenses": 0,
        "generalAndAdministrativeExpenses": 78200000,
        "sellingAndMarketingExpenses": 4000000,
        "sellingGeneralAndAdministrativeExpenses": 82200000,
        "otherExpenses": 48900000,
        "operatingExpenses": 131100000,
        "costAndExpenses": 165400000,
        "interestIncome": 0,
        "interestExpense": 7600000,
        "depreciationAndAmortization": 5800000,
        "ebitda": 77900000,
        "ebitdaratio": 0.3286919831,
        "operatingIncome": 71600000,
        "operatingIncomeRatio": 0.3021097046,
        "totalOtherIncomeExpensesNet": -7400000,
        "incomeBeforeTax": 64200000,
        "incomeBeforeTaxRatio": 0.2708860759,
        "incomeTaxExpense": 23600000,
        "netIncome": 40900000,
        "netIncomeRatio": 0.1725738397,
        "eps": 0.22,
        "epsdiluted": 0.22,
        "weightedAverageShsOut": 183000000,
        "weightedAverageShsOutDil": 184000000,
        "link": "https://www.sec.gov/Archives/edgar/data/1065865/000110465914073389/0001104659-14-073389-index.htm",
        "finalLink": "https://www.sec.gov/Archives/edgar/data/1065865/000110465914073389/a14-19664_110q.htm"
    },
    {
        "date": "2014-06-30",
        "symbol": "JNS",
        "reportedCurrency": "USD",
        "cik": "0001065865",
        "fillingDate": "2014-07-23",
        "acceptedDate": "2014-07-23 16:05:48",
        "calendarYear": "2014",
        "period": "Q2",
        "revenue": 231200000,
        "costOfRevenue": 0,
        "grossProfit": 231200000,
        "grossProfitRatio": 1,
        "researchAndDevelopmentExpenses": 0,
        "generalAndAdministrativeExpenses": 73800000,
        "sellingAndMarketingExpenses": 4000000,
        "sellingGeneralAndAdministrativeExpenses": 77800000,
        "otherExpenses": 49500000,
        "operatingExpenses": 127300000,
        "costAndExpenses": 160500000,
        "interestIncome": 0,
        "interestExpense": 8900000,
        "depreciationAndAmortization": 7500000,
        "ebitda": 78900000,
        "ebitdaratio": 0.3412629758,
        "operatingIncome": 70700000,
        "operatingIncomeRatio": 0.3057958478,
        "totalOtherIncomeExpensesNet": 17300000,
        "incomeBeforeTax": 88000000,
        "incomeBeforeTaxRatio": 0.3806228374,
        "incomeTaxExpense": 26200000,
        "netIncome": 36300000,
        "netIncomeRatio": 0.1570069204,
        "eps": 0.2,
        "epsdiluted": 0.2,
        "weightedAverageShsOut": 183900000,
        "weightedAverageShsOutDil": 184800000,
        "link": "https://www.sec.gov/Archives/edgar/data/1065865/000110465914052976/0001104659-14-052976-index.htm",
        "finalLink": "https://www.sec.gov/Archives/edgar/data/1065865/000110465914052976/a14-13917_110q.htm"
    },
    {
        "date": "2014-03-31",
        "symbol": "JNS",
        "reportedCurrency": "USD",
        "cik": "0001065865",
        "fillingDate": "2014-04-24",
        "acceptedDate": "2014-04-24 17:21:33",
        "calendarYear": "2014",
        "period": "Q1",
        "revenue": 230200000,
        "costOfRevenue": 0,
        "grossProfit": 230200000,
        "grossProfitRatio": 1,
        "researchAndDevelopmentExpenses": 0,
        "generalAndAdministrativeExpenses": 75500000,
        "sellingAndMarketingExpenses": 5000000,
        "sellingGeneralAndAdministrativeExpenses": 80500000,
        "otherExpenses": 49800000,
        "operatingExpenses": 130300000,
        "costAndExpenses": 163300000,
        "interestIncome": 0,
        "interestExpense": 9400000,
        "depreciationAndAmortization": 8200000,
        "ebitda": 74000000,
        "ebitdaratio": 0.3214596003,
        "operatingIncome": 66900000,
        "operatingIncomeRatio": 0.2906168549,
        "totalOtherIncomeExpensesNet": -34800000,
        "incomeBeforeTax": 32100000,
        "incomeBeforeTaxRatio": 0.1394439618,
        "incomeTaxExpense": 25900000,
        "netIncome": 30500000,
        "netIncomeRatio": 0.1324934839,
        "eps": 0.17,
        "epsdiluted": 0.16,
        "weightedAverageShsOut": 184300000,
        "weightedAverageShsOutDil": 185200000,
        "link": "https://www.sec.gov/Archives/edgar/data/1065865/000110465914029984/0001104659-14-029984-index.htm",
        "finalLink": "https://www.sec.gov/Archives/edgar/data/1065865/000110465914029984/a14-8886_110q.htm"
    },
    {
        "date": "2013-12-31",
        "symbol": "JNS",
        "reportedCurrency": "USD",
        "cik": "0001065865",
        "fillingDate": "2014-02-25",
        "acceptedDate": "2014-02-25 17:21:22",
        "calendarYear": "2013",
        "period": "Q4",
        "revenue": 226200000,
        "costOfRevenue": 0,
        "grossProfit": 226200000,
        "grossProfitRatio": 1,
        "researchAndDevelopmentExpenses": 0,
        "generalAndAdministrativeExpenses": 50700000,
        "sellingAndMarketingExpenses": 20000000,
        "sellingGeneralAndAdministrativeExpenses": 70700000,
        "otherExpenses": 55400000,
        "operatingExpenses": 126100000,
        "costAndExpenses": 159200000,
        "interestIncome": 0,
        "interestExpense": 9400000,
        "depreciationAndAmortization": 8700000,
        "ebitda": 76700000,
        "ebitdaratio": 0.3390804598,
        "operatingIncome": 67000000,
        "operatingIncomeRatio": 0.2961980548,
        "totalOtherIncomeExpensesNet": -26800000,
        "incomeBeforeTax": 40200000,
        "incomeBeforeTaxRatio": 0.1777188329,
        "incomeTaxExpense": 20300000,
        "netIncome": 38300000,
        "netIncomeRatio": 0.1693191866,
        "eps": 0.21,
        "epsdiluted": 0.21,
        "weightedAverageShsOut": 184600000,
        "weightedAverageShsOutDil": 185900000,
        "link": "https://www.sec.gov/Archives/edgar/data/1065865/000104746914001324/0001047469-14-001324-index.htm",
        "finalLink": "https://www.sec.gov/Archives/edgar/data/1065865/000104746914001324/a2218357z10-k.htm"
    },
    {
        "date": "2013-09-30",
        "symbol": "JNS",
        "reportedCurrency": "USD",
        "cik": "0001065865",
        "fillingDate": "2013-10-24",
        "acceptedDate": "2013-10-24 16:31:15",
        "calendarYear": "2013",
        "period": "Q3",
        "revenue": 217700000,
        "costOfRevenue": 0,
        "grossProfit": 217700000,
        "grossProfitRatio": 1,
        "researchAndDevelopmentExpenses": 0,
        "generalAndAdministrativeExpenses": 68300000,
        "sellingAndMarketingExpenses": 5000000,
        "sellingGeneralAndAdministrativeExpenses": 73300000,
        "otherExpenses": 51200000,
        "operatingExpenses": 124500000,
        "costAndExpenses": 158700000,
        "interestIncome": 0,
        "interestExpense": 9500000,
        "depreciationAndAmortization": 8200000,
        "ebitda": 72000000,
        "ebitdaratio": 0.3307303629,
        "operatingIncome": 59000000,
        "operatingIncomeRatio": 0.2710151585,
        "totalOtherIncomeExpensesNet": -23400000,
        "incomeBeforeTax": 35600000,
        "incomeBeforeTaxRatio": 0.1635277905,
        "incomeTaxExpense": 21700000,
        "netIncome": 32600000,
        "netIncomeRatio": 0.1497473588,
        "eps": 0.18,
        "epsdiluted": 0.18,
        "weightedAverageShsOut": 184800000,
        "weightedAverageShsOutDil": 186000000,
        "link": "https://www.sec.gov/Archives/edgar/data/1065865/000110465913077654/0001104659-13-077654-index.htm",
        "finalLink": "https://www.sec.gov/Archives/edgar/data/1065865/000110465913077654/a13-19501_110q.htm"
    },
    {
        "date": "2013-06-30",
        "symbol": "JNS",
        "reportedCurrency": "USD",
        "cik": "0001065865",
        "fillingDate": "2013-07-25",
        "acceptedDate": "2013-07-25 16:31:06",
        "calendarYear": "2013",
        "period": "Q2",
        "revenue": 215800000,
        "costOfRevenue": 0,
        "grossProfit": 215800000,
        "grossProfitRatio": 1,
        "researchAndDevelopmentExpenses": 0,
        "generalAndAdministrativeExpenses": 69400000,
        "sellingAndMarketingExpenses": 5000000,
        "sellingGeneralAndAdministrativeExpenses": 74400000,
        "otherExpenses": 50300000,
        "operatingExpenses": 124700000,
        "costAndExpenses": 157400000,
        "interestIncome": 0,
        "interestExpense": 11000000,
        "depreciationAndAmortization": 9000000,
        "ebitda": 46900000,
        "ebitdaratio": 0.2173308619,
        "operatingIncome": 58400000,
        "operatingIncomeRatio": 0.2706209453,
        "totalOtherIncomeExpensesNet": -42300000,
        "incomeBeforeTax": 16100000,
        "incomeBeforeTaxRatio": 0.0746061168,
        "incomeTaxExpense": 11100000,
        "netIncome": 15800000,
        "netIncomeRatio": 0.0732159407,
        "eps": 0.0855,
        "epsdiluted": 0.0849,
        "weightedAverageShsOut": 184900000,
        "weightedAverageShsOutDil": 186000000,
        "link": "https://www.sec.gov/Archives/edgar/data/1065865/000110465913056691/0001104659-13-056691-index.htm",
        "finalLink": "https://www.sec.gov/Archives/edgar/data/1065865/000110465913056691/a13-13454_110q.htm"
    },
    {
        "date": "2013-03-31",
        "symbol": "JNS",
        "reportedCurrency": "USD",
        "cik": "0001065865",
        "fillingDate": "2013-04-25",
        "acceptedDate": "2013-04-25 16:07:43",
        "calendarYear": "2013",
        "period": "Q1",
        "revenue": 214200000,
        "costOfRevenue": 0,
        "grossProfit": 214200000,
        "grossProfitRatio": 1,
        "researchAndDevelopmentExpenses": 0,
        "generalAndAdministrativeExpenses": 70300000,
        "sellingAndMarketingExpenses": 4000000,
        "sellingGeneralAndAdministrativeExpenses": 74300000,
        "otherExpenses": 52100000,
        "operatingExpenses": 126400000,
        "costAndExpenses": 159500000,
        "interestIncome": 0,
        "interestExpense": 11200000,
        "depreciationAndAmortization": 9300000,
        "ebitda": 68700000,
        "ebitdaratio": 0.3207282913,
        "operatingIncome": 54700000,
        "operatingIncomeRatio": 0.2553688142,
        "totalOtherIncomeExpensesNet": -26100000,
        "incomeBeforeTax": 28600000,
        "incomeBeforeTaxRatio": 0.1335200747,
        "incomeTaxExpense": 20200000,
        "netIncome": 28000000,
        "netIncomeRatio": 0.1307189542,
        "eps": 0.15,
        "epsdiluted": 0.15,
        "weightedAverageShsOut": 184800000,
        "weightedAverageShsOutDil": 186300000,
        "link": "https://www.sec.gov/Archives/edgar/data/1065865/000110465913032986/0001104659-13-032986-index.htm",
        "finalLink": "https://www.sec.gov/Archives/edgar/data/1065865/000110465913032986/a13-7047_110q.htm"
    },
    {
        "date": "2012-12-31",
        "symbol": "JNS",
        "reportedCurrency": "USD",
        "cik": "0001065865",
        "fillingDate": "2013-02-25",
        "acceptedDate": "2013-02-25 16:58:06",
        "calendarYear": "2012",
        "period": "Q4",
        "revenue": 216600000,
        "costOfRevenue": 0,
        "grossProfit": 216600000,
        "grossProfitRatio": 1,
        "researchAndDevelopmentExpenses": 0,
        "generalAndAdministrativeExpenses": 58100000,
        "sellingAndMarketingExpenses": 7000000,
        "sellingGeneralAndAdministrativeExpenses": 65100000,
        "otherExpenses": 53800000,
        "operatingExpenses": 118900000,
        "costAndExpenses": 158600000,
        "interestIncome": 0,
        "interestExpense": 11100000,
        "depreciationAndAmortization": 14200000,
        "ebitda": 75800000,
        "ebitdaratio": 0.3499538319,
        "operatingIncome": 58000000,
        "operatingIncomeRatio": 0.2677746999,
        "totalOtherIncomeExpensesNet": -24700000,
        "incomeBeforeTax": 33300000,
        "incomeBeforeTaxRatio": 0.1537396122,
        "incomeTaxExpense": 19300000,
        "netIncome": 31200000,
        "netIncomeRatio": 0.1440443213,
        "eps": 0.17,
        "epsdiluted": 0.17,
        "weightedAverageShsOut": 183700000,
        "weightedAverageShsOutDil": 185100000,
        "link": "https://www.sec.gov/Archives/edgar/data/1065865/000104746913001632/0001047469-13-001632-index.htm",
        "finalLink": "https://www.sec.gov/Archives/edgar/data/1065865/000104746913001632/a2212988z10-k.htm"
    },
    {
        "date": "2012-09-30",
        "symbol": "JNS",
        "reportedCurrency": "USD",
        "cik": "0001065865",
        "fillingDate": "2012-10-25",
        "acceptedDate": "2012-10-25 16:35:53",
        "calendarYear": "2012",
        "period": "Q3",
        "revenue": 209000000,
        "costOfRevenue": 0,
        "grossProfit": 209000000,
        "grossProfitRatio": 1,
        "researchAndDevelopmentExpenses": 0,
        "generalAndAdministrativeExpenses": 64800000,
        "sellingAndMarketingExpenses": 6000000,
        "sellingGeneralAndAdministrativeExpenses": 70800000,
        "otherExpenses": 53900000,
        "operatingExpenses": 124700000,
        "costAndExpenses": 161100000,
        "interestIncome": 0,
        "interestExpense": 11100000,
        "depreciationAndAmortization": 11500000,
        "ebitda": 64700000,
        "ebitdaratio": 0.309569378,
        "operatingIncome": 47900000,
        "operatingIncomeRatio": 0.2291866029,
        "totalOtherIncomeExpensesNet": -19600000,
        "incomeBeforeTax": 28300000,
        "incomeBeforeTaxRatio": 0.1354066986,
        "incomeTaxExpense": 17000000,
        "netIncome": 25100000,
        "netIncomeRatio": 0.1200956938,
        "eps": 0.14,
        "epsdiluted": 0.14,
        "weightedAverageShsOut": 183800000,
        "weightedAverageShsOutDil": 185100000,
        "link": "https://www.sec.gov/Archives/edgar/data/1065865/000110465912071209/0001104659-12-071209-index.htm",
        "finalLink": "https://www.sec.gov/Archives/edgar/data/1065865/000110465912071209/a12-18826_110q.htm"
    },
    {
        "date": "2012-06-30",
        "symbol": "JNS",
        "reportedCurrency": "USD",
        "cik": "0001065865",
        "fillingDate": "2012-07-26",
        "acceptedDate": "2012-07-26 17:11:25",
        "calendarYear": "2012",
        "period": "Q2",
        "revenue": 206000000,
        "costOfRevenue": 0,
        "grossProfit": 206000000,
        "grossProfitRatio": 1,
        "researchAndDevelopmentExpenses": 0,
        "generalAndAdministrativeExpenses": 60600000,
        "sellingAndMarketingExpenses": 6000000,
        "sellingGeneralAndAdministrativeExpenses": 66600000,
        "otherExpenses": 52700000,
        "operatingExpenses": 119300000,
        "costAndExpenses": 153900000,
        "interestIncome": 0,
        "interestExpense": 11000000,
        "depreciationAndAmortization": 9400000,
        "ebitda": 55000000,
        "ebitdaratio": 0.2669902913,
        "operatingIncome": 52100000,
        "operatingIncomeRatio": 0.2529126214,
        "totalOtherIncomeExpensesNet": -28900000,
        "incomeBeforeTax": 23200000,
        "incomeBeforeTaxRatio": 0.1126213592,
        "incomeTaxExpense": 11200000,
        "netIncome": 23400000,
        "netIncomeRatio": 0.113592233,
        "eps": 0.13,
        "epsdiluted": 0.13,
        "weightedAverageShsOut": 184000000,
        "weightedAverageShsOutDil": 185400000,
        "link": "https://www.sec.gov/Archives/edgar/data/1065865/000110465912051509/0001104659-12-051509-index.htm",
        "finalLink": "https://www.sec.gov/Archives/edgar/data/1065865/000110465912051509/a12-13797_110q.htm"
    },
    {
        "date": "2012-03-31",
        "symbol": "JNS",
        "reportedCurrency": "USD",
        "cik": "0001065865",
        "fillingDate": "2012-04-26",
        "acceptedDate": "2012-04-26 17:01:11",
        "calendarYear": "2012",
        "period": "Q1",
        "revenue": 218400000,
        "costOfRevenue": 0,
        "grossProfit": 218400000,
        "grossProfitRatio": 1,
        "researchAndDevelopmentExpenses": 0,
        "generalAndAdministrativeExpenses": 68000000,
        "sellingAndMarketingExpenses": 4000000,
        "sellingGeneralAndAdministrativeExpenses": 72000000,
        "otherExpenses": 56700000,
        "operatingExpenses": 128700000,
        "costAndExpenses": 161900000,
        "interestIncome": 0,
        "interestExpense": 11800000,
        "depreciationAndAmortization": 9600000,
        "ebitda": 61200000,
        "ebitdaratio": 0.2802197802,
        "operatingIncome": 56500000,
        "operatingIncomeRatio": 0.2586996337,
        "totalOtherIncomeExpensesNet": -28300000,
        "incomeBeforeTax": 28200000,
        "incomeBeforeTaxRatio": 0.1291208791,
        "incomeTaxExpense": 17200000,
        "netIncome": 22600000,
        "netIncomeRatio": 0.1034798535,
        "eps": 0.12,
        "epsdiluted": 0.12,
        "weightedAverageShsOut": 184000000,
        "weightedAverageShsOutDil": 185400000,
        "link": "https://www.sec.gov/Archives/edgar/data/1065865/000110465912029103/0001104659-12-029103-index.htm",
        "finalLink": "https://www.sec.gov/Archives/edgar/data/1065865/000110465912029103/a12-8594_110q.htm"
    },
    {
        "date": "2011-12-31",
        "symbol": "JNS",
        "reportedCurrency": "USD",
        "cik": "0001065865",
        "fillingDate": "2012-02-27",
        "acceptedDate": "2012-02-27 17:23:22",
        "calendarYear": "2011",
        "period": "Q4",
        "revenue": 215600000,
        "costOfRevenue": 0,
        "grossProfit": 215600000,
        "grossProfitRatio": 1,
        "researchAndDevelopmentExpenses": 0,
        "generalAndAdministrativeExpenses": 54100000,
        "sellingAndMarketingExpenses": 8000000,
        "sellingGeneralAndAdministrativeExpenses": 62100000,
        "otherExpenses": 48700000,
        "operatingExpenses": 110800000,
        "costAndExpenses": 145000000,
        "interestIncome": 0,
        "interestExpense": 11700000,
        "depreciationAndAmortization": 9700000,
        "ebitda": 79500000,
        "ebitdaratio": 0.3687384045,
        "operatingIncome": 70600000,
        "operatingIncomeRatio": 0.327458256,
        "totalOtherIncomeExpensesNet": 40800000,
        "incomeBeforeTax": 111400000,
        "incomeBeforeTaxRatio": 0.5166975881,
        "incomeTaxExpense": 22400000,
        "netIncome": 35700000,
        "netIncomeRatio": 0.1655844156,
        "eps": 0.2,
        "epsdiluted": 0.19,
        "weightedAverageShsOut": 182500000,
        "weightedAverageShsOutDil": 184200000,
        "link": "https://www.sec.gov/Archives/edgar/data/1065865/000104746912001631/0001047469-12-001631-index.htm",
        "finalLink": "https://www.sec.gov/Archives/edgar/data/1065865/000104746912001631/a2207450z10-k.htm"
    },
    {
        "date": "2011-09-30",
        "symbol": "JNS",
        "reportedCurrency": "USD",
        "cik": "0001065865",
        "fillingDate": "2011-10-26",
        "acceptedDate": "2011-10-26 16:36:40",
        "calendarYear": "2011",
        "period": "Q3",
        "revenue": 236900000,
        "costOfRevenue": 0,
        "grossProfit": 236900000,
        "grossProfitRatio": 1,
        "researchAndDevelopmentExpenses": 0,
        "generalAndAdministrativeExpenses": 65200000,
        "sellingAndMarketingExpenses": 6000000,
        "sellingGeneralAndAdministrativeExpenses": 71200000,
        "otherExpenses": 58100000,
        "operatingExpenses": 129300000,
        "costAndExpenses": 162700000,
        "interestIncome": 0,
        "interestExpense": 13000000,
        "depreciationAndAmortization": 10000000,
        "ebitda": 62300000,
        "ebitdaratio": 0.2629801604,
        "operatingIncome": 74200000,
        "operatingIncomeRatio": 0.3132123259,
        "totalOtherIncomeExpensesNet": -49200000,
        "incomeBeforeTax": 25000000,
        "incomeBeforeTaxRatio": 0.1055297594,
        "incomeTaxExpense": 11900000,
        "netIncome": 27400000,
        "netIncomeRatio": 0.1156606163,
        "eps": 0.15,
        "epsdiluted": 0.15,
        "weightedAverageShsOut": 182300000,
        "weightedAverageShsOutDil": 184200000,
        "link": "https://www.sec.gov/Archives/edgar/data/1065865/000110465911058061/0001104659-11-058061-index.htm",
        "finalLink": "https://www.sec.gov/Archives/edgar/data/1065865/000110465911058061/a11-24701_110q.htm"
    },
    {
        "date": "2011-06-30",
        "symbol": "JNS",
        "reportedCurrency": "USD",
        "cik": "0001065865",
        "fillingDate": "2011-07-28",
        "acceptedDate": "2011-07-28 17:01:26",
        "calendarYear": "2011",
        "period": "Q2",
        "revenue": 264000000,
        "costOfRevenue": 0,
        "grossProfit": 264000000,
        "grossProfitRatio": 1,
        "researchAndDevelopmentExpenses": 0,
        "generalAndAdministrativeExpenses": 71900000,
        "sellingAndMarketingExpenses": 8000000,
        "sellingGeneralAndAdministrativeExpenses": 79900000,
        "otherExpenses": 65500000,
        "operatingExpenses": 145400000,
        "costAndExpenses": 182200000,
        "interestIncome": 0,
        "interestExpense": 13100000,
        "depreciationAndAmortization": 9900000,
        "ebitda": 87200000,
        "ebitdaratio": 0.3303030303,
        "operatingIncome": 81800000,
        "operatingIncomeRatio": 0.3098484848,
        "totalOtherIncomeExpensesNet": -63500000,
        "incomeBeforeTax": 18300000,
        "incomeBeforeTaxRatio": 0.0693181818,
        "incomeTaxExpense": 22300000,
        "netIncome": 41900000,
        "netIncomeRatio": 0.1587121212,
        "eps": 0.23,
        "epsdiluted": 0.23,
        "weightedAverageShsOut": 182200000,
        "weightedAverageShsOutDil": 184200000,
        "link": "https://www.sec.gov/Archives/edgar/data/1065865/000110465911041542/0001104659-11-041542-index.htm",
        "finalLink": "https://www.sec.gov/Archives/edgar/data/1065865/000110465911041542/a11-13845_110q.htm"
    },
    {
        "date": "2011-03-31",
        "symbol": "JNS",
        "reportedCurrency": "USD",
        "cik": "0001065865",
        "fillingDate": "2011-04-27",
        "acceptedDate": "2011-04-27 17:00:39",
        "calendarYear": "2011",
        "period": "Q1",
        "revenue": 265400000,
        "costOfRevenue": 0,
        "grossProfit": 265400000,
        "grossProfitRatio": 1,
        "researchAndDevelopmentExpenses": 0,
        "generalAndAdministrativeExpenses": 75700000,
        "sellingAndMarketingExpenses": 6000000,
        "sellingGeneralAndAdministrativeExpenses": 81700000,
        "otherExpenses": 60400000,
        "operatingExpenses": 142100000,
        "costAndExpenses": 180200000,
        "interestIncome": 0,
        "interestExpense": 13200000,
        "depreciationAndAmortization": 10300000,
        "ebitda": 84200000,
        "ebitdaratio": 0.3172569706,
        "operatingIncome": 85200000,
        "operatingIncomeRatio": 0.3210248681,
        "totalOtherIncomeExpensesNet": -21500000,
        "incomeBeforeTax": 63700000,
        "incomeBeforeTaxRatio": 0.2400150716,
        "incomeTaxExpense": 22800000,
        "netIncome": 37900000,
        "netIncomeRatio": 0.1428033157,
        "eps": 0.21,
        "epsdiluted": 0.21,
        "weightedAverageShsOut": 182200000,
        "weightedAverageShsOutDil": 184200000,
        "link": "https://www.sec.gov/Archives/edgar/data/1065865/000110465911023001/0001104659-11-023001-index.htm",
        "finalLink": "https://www.sec.gov/Archives/edgar/data/1065865/000110465911023001/a11-8834_110q.htm"
    },
    {
        "date": "2010-12-31",
        "symbol": "JNS",
        "reportedCurrency": "USD",
        "cik": "0001065865",
        "fillingDate": "2011-02-24",
        "acceptedDate": "2011-02-24 17:07:18",
        "calendarYear": "2010",
        "period": "Q4",
        "revenue": 275700000,
        "costOfRevenue": 0,
        "grossProfit": 275700000,
        "grossProfitRatio": 1,
        "researchAndDevelopmentExpenses": 0,
        "generalAndAdministrativeExpenses": 72200000,
        "sellingAndMarketingExpenses": 7000000,
        "sellingGeneralAndAdministrativeExpenses": 79200000,
        "otherExpenses": 68000000,
        "operatingExpenses": 147200000,
        "costAndExpenses": 179900000,
        "interestIncome": 0,
        "interestExpense": 15900000,
        "depreciationAndAmortization": 11100000,
        "ebitda": 124800000,
        "ebitdaratio": 0.4526659412,
        "operatingIncome": 95800000,
        "operatingIncomeRatio": 0.347479144,
        "totalOtherIncomeExpensesNet": 4500000,
        "incomeBeforeTax": 100300000,
        "incomeBeforeTaxRatio": 0.3638012332,
        "incomeTaxExpense": 31900000,
        "netIncome": 65900000,
        "netIncomeRatio": 0.2390279289,
        "eps": 0.36,
        "epsdiluted": 0.36,
        "weightedAverageShsOut": 182200000,
        "weightedAverageShsOutDil": 184200000,
        "link": "https://www.sec.gov/Archives/edgar/data/1065865/000104746911001289/0001047469-11-001289-index.htm",
        "finalLink": "https://www.sec.gov/Archives/edgar/data/1065865/000104746911001289/a2202052z10-k.htm"
    },
    {
        "date": "2010-09-30",
        "symbol": "JNS",
        "reportedCurrency": "USD",
        "cik": "0001065865",
        "fillingDate": "2010-10-21",
        "acceptedDate": "2010-10-21 17:01:10",
        "calendarYear": "2010",
        "period": "Q3",
        "revenue": 243800000,
        "costOfRevenue": 0,
        "grossProfit": 243800000,
        "grossProfitRatio": 1,
        "researchAndDevelopmentExpenses": 0,
        "generalAndAdministrativeExpenses": 70300000,
        "sellingAndMarketingExpenses": 6000000,
        "sellingGeneralAndAdministrativeExpenses": 76300000,
        "otherExpenses": 59200000,
        "operatingExpenses": 135500000,
        "costAndExpenses": 186700000,
        "interestIncome": 0,
        "interestExpense": 15900000,
        "depreciationAndAmortization": 11100000,
        "ebitda": 66700000,
        "ebitdaratio": 0.2735849057,
        "operatingIncome": 57100000,
        "operatingIncomeRatio": 0.2342083675,
        "totalOtherIncomeExpensesNet": -14500000,
        "incomeBeforeTax": 42600000,
        "incomeBeforeTaxRatio": 0.174733388,
        "incomeTaxExpense": 7200000,
        "netIncome": 32500000,
        "netIncomeRatio": 0.1333059885,
        "eps": 0.18,
        "epsdiluted": 0.18,
        "weightedAverageShsOut": 182200000,
        "weightedAverageShsOutDil": 184200000,
        "link": "https://www.sec.gov/Archives/edgar/data/1065865/000110465910053175/0001104659-10-053175-index.htm",
        "finalLink": "https://www.sec.gov/Archives/edgar/data/1065865/000110465910053175/a10-17263_110q.htm"
    },
    {
        "date": "2010-06-30",
        "symbol": "JNS",
        "reportedCurrency": "USD",
        "cik": "0001065865",
        "fillingDate": "2010-07-26",
        "acceptedDate": "2010-07-26 17:11:00",
        "calendarYear": "2010",
        "period": "Q2",
        "revenue": 465366000,
        "costOfRevenue": 18143000,
        "grossProfit": 447223000,
        "grossProfitRatio": 0.9610134819,
        "researchAndDevelopmentExpenses": -2029000,
        "generalAndAdministrativeExpenses": 132393000,
        "sellingAndMarketingExpenses": 16000000,
        "sellingGeneralAndAdministrativeExpenses": 148393000,
        "otherExpenses": 130818000,
        "operatingExpenses": 277182000,
        "costAndExpenses": 335739000,
        "interestIncome": 0,
        "interestExpense": 31400000,
        "depreciationAndAmortization": 19489000,
        "ebitda": 150131000,
        "ebitdaratio": 0.3226084415,
        "operatingIncome": 129627000,
        "operatingIncomeRatio": 0.2785484973,
        "totalOtherIncomeExpensesNet": -27085000,
        "incomeBeforeTax": 102542000,
        "incomeBeforeTaxRatio": 0.2203469957,
        "incomeTaxExpense": 37000000,
        "netIncome": 62242000,
        "netIncomeRatio": 0.1337484904,
        "eps": 0.34,
        "epsdiluted": 0.34,
        "weightedAverageShsOut": 182200000,
        "weightedAverageShsOutDil": 184200000,
        "link": "https://www.sec.gov/Archives/edgar/data/1065865/000110465910039536/0001104659-10-039536-index.htm",
        "finalLink": "https://www.sec.gov/Archives/edgar/data/1065865/000110465910039536/a10-12598_110q.htm"
    },
    {
        "date": "2010-03-31",
        "symbol": "JNS",
        "reportedCurrency": "USD",
        "cik": "0001065865",
        "fillingDate": "2010-04-29",
        "acceptedDate": "2010-04-29 16:12:17",
        "calendarYear": "2010",
        "period": "Q1",
        "revenue": 36000000,
        "costOfRevenue": 0,
        "grossProfit": 36000000,
        "grossProfitRatio": 1,
        "researchAndDevelopmentExpenses": 0,
        "generalAndAdministrativeExpenses": 23000000,
        "sellingAndMarketingExpenses": 6000000,
        "sellingGeneralAndAdministrativeExpenses": 29000000,
        "otherExpenses": 6000000,
        "operatingExpenses": 35000000,
        "costAndExpenses": 35000000,
        "interestIncome": 0,
        "interestExpense": 15000000,
        "depreciationAndAmortization": 9000000,
        "ebitda": 38000000,
        "ebitdaratio": 1.0555555556,
        "operatingIncome": 67000000,
        "operatingIncomeRatio": 1.8611111111,
        "totalOtherIncomeExpensesNet": -15000000,
        "incomeBeforeTax": 52000000,
        "incomeBeforeTaxRatio": 1.4444444444,
        "incomeTaxExpense": -19000000,
        "netIncome": 33000000,
        "netIncomeRatio": 0.9166666667,
        "eps": 36.4,
        "epsdiluted": 36.4,
        "weightedAverageShsOut": 906593,
        "weightedAverageShsOutDil": 906593,
        "link": "https://www.sec.gov/Archives/edgar/data/1065865/000110465910023342/0001104659-10-023342-index.htm",
        "finalLink": "https://www.sec.gov/Archives/edgar/data/1065865/000110465910023342/a10-5150_110q.htm"
    },
    {
        "date": "2009-12-31",
        "symbol": "JNS",
        "reportedCurrency": "USD",
        "cik": "0001065865",
        "fillingDate": "2010-02-24",
        "acceptedDate": "2010-02-24 17:19:26",
        "calendarYear": "2009",
        "period": "Q4",
        "revenue": 37000000,
        "costOfRevenue": 0,
        "grossProfit": 37000000,
        "grossProfitRatio": 1,
        "researchAndDevelopmentExpenses": 0,
        "generalAndAdministrativeExpenses": 20000000,
        "sellingAndMarketingExpenses": 7000000,
        "sellingGeneralAndAdministrativeExpenses": 27000000,
        "otherExpenses": 7000000,
        "operatingExpenses": 34000000,
        "costAndExpenses": 34000000,
        "interestIncome": 0,
        "interestExpense": 16000000,
        "depreciationAndAmortization": 10000000,
        "ebitda": 46000000,
        "ebitdaratio": 1.2432432432,
        "operatingIncome": 76000000,
        "operatingIncomeRatio": 2.0540540541,
        "totalOtherIncomeExpensesNet": -15000000,
        "incomeBeforeTax": 61000000,
        "incomeBeforeTaxRatio": 1.6486486486,
        "incomeTaxExpense": -20000000,
        "netIncome": 40000000,
        "netIncomeRatio": 1.0810810811,
        "eps": 44.12,
        "epsdiluted": 44.12,
        "weightedAverageShsOut": 906593,
        "weightedAverageShsOutDil": 906593,
        "link": "https://www.sec.gov/Archives/edgar/data/1065865/000104746910001261/0001047469-10-001261-index.htm",
        "finalLink": "https://www.sec.gov/Archives/edgar/data/1065865/000104746910001261/a2196649z10-k.htm"
    },
    {
        "date": "2009-09-30",
        "symbol": "JNS",
        "reportedCurrency": "USD",
        "cik": "0001065865",
        "fillingDate": "2009-10-22",
        "acceptedDate": "2009-10-22 17:12:18",
        "calendarYear": "2009",
        "period": "Q3",
        "revenue": 34000000,
        "costOfRevenue": 0,
        "grossProfit": 34000000,
        "grossProfitRatio": 1,
        "researchAndDevelopmentExpenses": 0,
        "generalAndAdministrativeExpenses": 42000000,
        "sellingAndMarketingExpenses": 7000000,
        "sellingGeneralAndAdministrativeExpenses": 49000000,
        "otherExpenses": 7000000,
        "operatingExpenses": 56000000,
        "costAndExpenses": 56000000,
        "interestIncome": 0,
        "interestExpense": 19000000,
        "depreciationAndAmortization": 9000000,
        "ebitda": 34000000,
        "ebitdaratio": 1,
        "operatingIncome": 29000000,
        "operatingIncomeRatio": 0.8529411765,
        "totalOtherIncomeExpensesNet": -12000000,
        "incomeBeforeTax": 17000000,
        "incomeBeforeTaxRatio": 0.5,
        "incomeTaxExpense": -6000000,
        "netIncome": 12000000,
        "netIncomeRatio": 0.3529411765,
        "eps": 13.24,
        "epsdiluted": 13.24,
        "weightedAverageShsOut": 906593,
        "weightedAverageShsOutDil": 906593,
        "link": "https://www.sec.gov/Archives/edgar/data/1065865/000110465909059996/0001104659-09-059996-index.htm",
        "finalLink": "https://www.sec.gov/Archives/edgar/data/1065865/000110465909059996/a09-31229_110q.htm"
    },
    {
        "date": "2009-06-30",
        "symbol": "JNS",
        "reportedCurrency": "USD",
        "cik": "0001065865",
        "fillingDate": "2009-07-22",
        "acceptedDate": "2009-07-22 17:13:30",
        "calendarYear": "2009",
        "period": "Q2",
        "revenue": 34000000,
        "costOfRevenue": 0,
        "grossProfit": 34000000,
        "grossProfitRatio": 1,
        "researchAndDevelopmentExpenses": 0,
        "generalAndAdministrativeExpenses": 23000000,
        "sellingAndMarketingExpenses": 8000000,
        "sellingGeneralAndAdministrativeExpenses": 31000000,
        "otherExpenses": 8000000,
        "operatingExpenses": 39000000,
        "costAndExpenses": 39000000,
        "interestIncome": 0,
        "interestExpense": 20000000,
        "depreciationAndAmortization": 8000000,
        "ebitda": 38000000,
        "ebitdaratio": 1.1176470588,
        "operatingIncome": 47000000,
        "operatingIncomeRatio": 1.3823529412,
        "totalOtherIncomeExpensesNet": -19000000,
        "incomeBeforeTax": 28000000,
        "incomeBeforeTaxRatio": 0.8235294118,
        "incomeTaxExpense": -9000000,
        "netIncome": 19000000,
        "netIncomeRatio": 0.5588235294,
        "eps": 20.96,
        "epsdiluted": 20.96,
        "weightedAverageShsOut": 906593,
        "weightedAverageShsOutDil": 906593,
        "link": "https://www.sec.gov/Archives/edgar/data/1065865/000110465909044320/0001104659-09-044320-index.htm",
        "finalLink": "https://www.sec.gov/Archives/edgar/data/1065865/000110465909044320/a09-18930_110q.htm"
    },
    {
        "date": "2009-03-31",
        "symbol": "JNS",
        "reportedCurrency": "USD",
        "cik": "0001065865",
        "fillingDate": "2009-05-11",
        "acceptedDate": "2009-05-11 17:23:55",
        "calendarYear": "2009",
        "period": "Q1",
        "revenue": 30000000,
        "costOfRevenue": 0,
        "grossProfit": 30000000,
        "grossProfitRatio": 1,
        "researchAndDevelopmentExpenses": 0,
        "generalAndAdministrativeExpenses": 28000000,
        "sellingAndMarketingExpenses": 5000000,
        "sellingGeneralAndAdministrativeExpenses": 33000000,
        "otherExpenses": 5000000,
        "operatingExpenses": 38000000,
        "costAndExpenses": 38000000,
        "interestIncome": 0,
        "interestExpense": 19000000,
        "depreciationAndAmortization": 8000000,
        "ebitda": -747000000,
        "ebitdaratio": -24.9,
        "operatingIncome": -829000000,
        "operatingIncomeRatio": -27.6333333333,
        "totalOtherIncomeExpensesNet": -27000000,
        "incomeBeforeTax": -856000000,
        "incomeBeforeTaxRatio": -28.5333333333,
        "incomeTaxExpense": 41000000,
        "netIncome": -815000000,
        "netIncomeRatio": -27.1666666667,
        "eps": -898.97,
        "epsdiluted": -898.97,
        "weightedAverageShsOut": 906593,
        "weightedAverageShsOutDil": 906593,
        "link": "https://www.sec.gov/Archives/edgar/data/1065865/000110465909031610/0001104659-09-031610-index.htm",
        "finalLink": "https://www.sec.gov/Archives/edgar/data/1065865/000110465909031610/a09-12981_110q.htm"
    },
    {
        "date": "2008-12-31",
        "symbol": "JNS",
        "reportedCurrency": "USD",
        "cik": "0001065865",
        "fillingDate": "2009-02-26",
        "acceptedDate": "2009-02-26 17:05:10",
        "calendarYear": "2008",
        "period": "Q4",
        "revenue": 33000000,
        "costOfRevenue": 0,
        "grossProfit": 33000000,
        "grossProfitRatio": 1,
        "researchAndDevelopmentExpenses": 0,
        "generalAndAdministrativeExpenses": 20000000,
        "sellingAndMarketingExpenses": 9000000,
        "sellingGeneralAndAdministrativeExpenses": 29000000,
        "otherExpenses": 9000000,
        "operatingExpenses": 38000000,
        "costAndExpenses": 38000000,
        "interestIncome": 0,
        "interestExpense": 19000000,
        "depreciationAndAmortization": 10000000,
        "ebitda": 33000000,
        "ebitdaratio": 1,
        "operatingIncome": 46000000,
        "operatingIncomeRatio": 1.3939393939,
        "totalOtherIncomeExpensesNet": -39000000,
        "incomeBeforeTax": 7000000,
        "incomeBeforeTaxRatio": 0.2121212121,
        "incomeTaxExpense": 0,
        "netIncome": 7000000,
        "netIncomeRatio": 0.2121212121,
        "eps": 0.0095,
        "epsdiluted": 0.0095,
        "weightedAverageShsOut": 740740000,
        "weightedAverageShsOutDil": 740740000,
        "link": "https://www.sec.gov/Archives/edgar/data/1065865/000104746909001892/0001047469-09-001892-index.htm",
        "finalLink": "https://www.sec.gov/Archives/edgar/data/1065865/000104746909001892/a2190868z10-k.htm"
    },
    {
        "date": "2008-09-30",
        "symbol": "JNS",
        "reportedCurrency": "USD",
        "cik": "0001065865",
        "fillingDate": "2008-10-23",
        "acceptedDate": "2008-10-23 17:18:19",
        "calendarYear": "2008",
        "period": "Q3",
        "revenue": 48000000,
        "costOfRevenue": 0,
        "grossProfit": 48000000,
        "grossProfitRatio": 1,
        "researchAndDevelopmentExpenses": 0,
        "generalAndAdministrativeExpenses": 27000000,
        "sellingAndMarketingExpenses": 8000000,
        "sellingGeneralAndAdministrativeExpenses": 35000000,
        "otherExpenses": 8000000,
        "operatingExpenses": 43000000,
        "costAndExpenses": 43000000,
        "interestIncome": 0,
        "interestExpense": 19000000,
        "depreciationAndAmortization": 10000000,
        "ebitda": 38000000,
        "ebitdaratio": 0.7916666667,
        "operatingIncome": 93000000,
        "operatingIncomeRatio": 1.9375,
        "totalOtherIncomeExpensesNet": -49000000,
        "incomeBeforeTax": 44000000,
        "incomeBeforeTaxRatio": 0.9166666667,
        "incomeTaxExpense": -17000000,
        "netIncome": 26000000,
        "netIncomeRatio": 0.5416666667,
        "eps": 0.0304,
        "epsdiluted": 0.0304,
        "weightedAverageShsOut": 856573000,
        "weightedAverageShsOutDil": 856573000,
        "link": "https://www.sec.gov/Archives/edgar/data/1065865/000110465908065483/0001104659-08-065483-index.htm",
        "finalLink": "https://www.sec.gov/Archives/edgar/data/1065865/000110465908065483/a08-26523_110q.htm"
    },
    {
        "date": "2008-06-30",
        "symbol": "JNS",
        "reportedCurrency": "USD",
        "cik": "0001065865",
        "fillingDate": "2008-07-24",
        "acceptedDate": "2008-07-24 17:05:07",
        "calendarYear": "2008",
        "period": "Q2",
        "revenue": 52000000,
        "costOfRevenue": 0,
        "grossProfit": 52000000,
        "grossProfitRatio": 1,
        "researchAndDevelopmentExpenses": 0,
        "generalAndAdministrativeExpenses": 29000000,
        "sellingAndMarketingExpenses": 9000000,
        "sellingGeneralAndAdministrativeExpenses": 38000000,
        "otherExpenses": 9000000,
        "operatingExpenses": 47000000,
        "costAndExpenses": 47000000,
        "interestIncome": 0,
        "interestExpense": 19000000,
        "depreciationAndAmortization": 11000000,
        "ebitda": 72000000,
        "ebitdaratio": 1.3846153846,
        "operatingIncome": 105000000,
        "operatingIncomeRatio": 2.0192307692,
        "totalOtherIncomeExpensesNet": -15000000,
        "incomeBeforeTax": 90000000,
        "incomeBeforeTaxRatio": 1.7307692308,
        "incomeTaxExpense": -24000000,
        "netIncome": 66000000,
        "netIncomeRatio": 1.2692307692,
        "eps": 0.0659,
        "epsdiluted": 0.0659,
        "weightedAverageShsOut": 1000971000,
        "weightedAverageShsOutDil": 1000971000,
        "link": "https://www.sec.gov/Archives/edgar/data/1065865/000110465908047506/0001104659-08-047506-index.htm",
        "finalLink": "https://www.sec.gov/Archives/edgar/data/1065865/000110465908047506/a08-19661_110q.htm"
    },
    {
        "date": "2008-03-31",
        "symbol": "JNS",
        "reportedCurrency": "USD",
        "cik": "0001065865",
        "fillingDate": "2008-04-24",
        "acceptedDate": "2008-04-24 17:03:09",
        "calendarYear": "2008",
        "period": "Q1",
        "revenue": 50000000,
        "costOfRevenue": 0,
        "grossProfit": 50000000,
        "grossProfitRatio": 1,
        "researchAndDevelopmentExpenses": 0,
        "generalAndAdministrativeExpenses": 26000000,
        "sellingAndMarketingExpenses": 7000000,
        "sellingGeneralAndAdministrativeExpenses": 33000000,
        "otherExpenses": 7000000,
        "operatingExpenses": 40000000,
        "costAndExpenses": 40000000,
        "interestIncome": 0,
        "interestExpense": 18000000,
        "depreciationAndAmortization": 9000000,
        "ebitda": 40000000,
        "ebitdaratio": 0.8,
        "operatingIncome": 89000000,
        "operatingIncomeRatio": 1.78,
        "totalOtherIncomeExpensesNet": -24000000,
        "incomeBeforeTax": 65000000,
        "incomeBeforeTaxRatio": 1.3,
        "incomeTaxExpense": -24000000,
        "netIncome": 37000000,
        "netIncomeRatio": 0.74,
        "eps": 50.1,
        "epsdiluted": 50.1,
        "weightedAverageShsOut": 738522,
        "weightedAverageShsOutDil": 738522,
        "link": "https://www.sec.gov/Archives/edgar/data/1065865/000110465908026584/0001104659-08-026584-index.htm",
        "finalLink": "https://www.sec.gov/Archives/edgar/data/1065865/000110465908026584/a08-12418_110q.htm"
    },
    {
        "date": "2007-12-31",
        "symbol": "JNS",
        "reportedCurrency": "USD",
        "cik": "0001065865",
        "fillingDate": "2008-02-28",
        "acceptedDate": "2008-02-28 17:06:14",
        "calendarYear": "2007",
        "period": "Q4",
        "revenue": 55000000,
        "costOfRevenue": 0,
        "grossProfit": 55000000,
        "grossProfitRatio": 1,
        "researchAndDevelopmentExpenses": 0,
        "generalAndAdministrativeExpenses": 27000000,
        "sellingAndMarketingExpenses": 9000000,
        "sellingGeneralAndAdministrativeExpenses": 36000000,
        "otherExpenses": 9000000,
        "operatingExpenses": 45000000,
        "costAndExpenses": 45000000,
        "interestIncome": 0,
        "interestExpense": 19000000,
        "depreciationAndAmortization": 9000000,
        "ebitda": 20000000,
        "ebitdaratio": 0.3636363636,
        "operatingIncome": 90000000,
        "operatingIncomeRatio": 1.6363636364,
        "totalOtherIncomeExpensesNet": -7000000,
        "incomeBeforeTax": 83000000,
        "incomeBeforeTaxRatio": 1.5090909091,
        "incomeTaxExpense": -28000000,
        "netIncome": 20000000,
        "netIncomeRatio": 0.3636363636,
        "eps": 0.0344,
        "epsdiluted": 0.0344,
        "weightedAverageShsOut": 581162000,
        "weightedAverageShsOutDil": 581162000,
        "link": "https://www.sec.gov/Archives/edgar/data/1065865/000104746908001933/0001047469-08-001933-index.htm",
        "finalLink": "https://www.sec.gov/Archives/edgar/data/1065865/000104746908001933/a2183103z10-k.htm"
    },
    {
        "date": "2007-09-30",
        "symbol": "JNS",
        "reportedCurrency": "USD",
        "cik": "0001065865",
        "fillingDate": "2007-10-25",
        "acceptedDate": "2007-10-25 17:11:16",
        "calendarYear": "2007",
        "period": "Q3",
        "revenue": 99000000,
        "costOfRevenue": 45000000,
        "grossProfit": 54000000,
        "grossProfitRatio": 0.5454545455,
        "researchAndDevelopmentExpenses": 0,
        "generalAndAdministrativeExpenses": 25000000,
        "sellingAndMarketingExpenses": 6000000,
        "sellingGeneralAndAdministrativeExpenses": 31000000,
        "otherExpenses": 6000000,
        "operatingExpenses": 37000000,
        "costAndExpenses": -7000000,
        "interestIncome": 0,
        "interestExpense": 18000000,
        "depreciationAndAmortization": 2000000,
        "ebitda": -4000000,
        "ebitdaratio": -0.0404040404,
        "operatingIncome": 106000000,
        "operatingIncomeRatio": 1.0707070707,
        "totalOtherIncomeExpensesNet": -12000000,
        "incomeBeforeTax": 94000000,
        "incomeBeforeTaxRatio": 0.9494949495,
        "incomeTaxExpense": -36000000,
        "netIncome": 12000000,
        "netIncomeRatio": 0.1212121212,
        "eps": 0.018,
        "epsdiluted": 0.018,
        "weightedAverageShsOut": 666204000,
        "weightedAverageShsOutDil": 666204000,
        "link": "https://www.sec.gov/Archives/edgar/data/1065865/000110465907077082/0001104659-07-077082-index.htm",
        "finalLink": "https://www.sec.gov/Archives/edgar/data/1065865/000110465907077082/a07-27521_110q.htm"
    },
    {
        "date": "2007-06-30",
        "symbol": "JNS",
        "reportedCurrency": "USD",
        "cik": "0001065865",
        "fillingDate": "2007-07-30",
        "acceptedDate": "2007-07-30 17:17:05",
        "calendarYear": "2007",
        "period": "Q2",
        "revenue": 22000000,
        "costOfRevenue": 22000000,
        "grossProfit": 0,
        "grossProfitRatio": 0,
        "researchAndDevelopmentExpenses": 0,
        "generalAndAdministrativeExpenses": 22000000,
        "sellingAndMarketingExpenses": 5000000,
        "sellingGeneralAndAdministrativeExpenses": 27000000,
        "otherExpenses": 5000000,
        "operatingExpenses": 32000000,
        "costAndExpenses": 54000000,
        "interestIncome": 0,
        "interestExpense": 12000000,
        "depreciationAndAmortization": 12000000,
        "ebitda": 42000000,
        "ebitdaratio": 1.9090909091,
        "operatingIncome": 89000000,
        "operatingIncomeRatio": 4.0454545455,
        "totalOtherIncomeExpensesNet": -5000000,
        "incomeBeforeTax": 84000000,
        "incomeBeforeTaxRatio": 3.8181818182,
        "incomeTaxExpense": -31000000,
        "netIncome": 49000000,
        "netIncomeRatio": 2.2272727273,
        "eps": 54.31,
        "epsdiluted": 54.31,
        "weightedAverageShsOut": 902255,
        "weightedAverageShsOutDil": 902255,
        "link": "https://www.sec.gov/Archives/edgar/data/1065865/000110465907057224/0001104659-07-057224-index.htm",
        "finalLink": "https://www.sec.gov/Archives/edgar/data/1065865/000110465907057224/a07-19413_110q.htm"
    },
    {
        "date": "2007-03-31",
        "symbol": "JNS",
        "reportedCurrency": "USD",
        "cik": "0001065865",
        "fillingDate": "2007-05-01",
        "acceptedDate": "2007-05-01 17:14:07",
        "calendarYear": "2007",
        "period": "Q1",
        "revenue": 23000000,
        "costOfRevenue": 23000000,
        "grossProfit": 0,
        "grossProfitRatio": 0,
        "researchAndDevelopmentExpenses": 0,
        "generalAndAdministrativeExpenses": 26000000,
        "sellingAndMarketingExpenses": 5000000,
        "sellingGeneralAndAdministrativeExpenses": 31000000,
        "otherExpenses": 5000000,
        "operatingExpenses": 36000000,
        "costAndExpenses": 59000000,
        "interestIncome": 0,
        "interestExpense": 9000000,
        "depreciationAndAmortization": 10000000,
        "ebitda": 33000000,
        "ebitdaratio": 1.4347826087,
        "operatingIncome": 64000000,
        "operatingIncomeRatio": 2.7826086957,
        "totalOtherIncomeExpensesNet": -3000000,
        "incomeBeforeTax": 61000000,
        "incomeBeforeTaxRatio": 2.652173913,
        "incomeTaxExpense": -21000000,
        "netIncome": 35000000,
        "netIncomeRatio": 1.5217391304,
        "eps": 44.5,
        "epsdiluted": 44.5,
        "weightedAverageShsOut": 786516,
        "weightedAverageShsOutDil": 786516,
        "link": "https://www.sec.gov/Archives/edgar/data/1065865/000110465907034440/0001104659-07-034440-index.htm",
        "finalLink": "https://www.sec.gov/Archives/edgar/data/1065865/000110465907034440/a07-10779_110q.htm"
    },
    {
        "date": "2006-12-31",
        "symbol": "JNS",
        "reportedCurrency": "USD",
        "cik": "0001065865",
        "fillingDate": "2007-02-26",
        "acceptedDate": "2007-02-26 17:14:36",
        "calendarYear": "2006",
        "period": "Q4",
        "revenue": 69000000,
        "costOfRevenue": 68000000,
        "grossProfit": 1000000,
        "grossProfitRatio": 0.0144927536,
        "researchAndDevelopmentExpenses": 0,
        "generalAndAdministrativeExpenses": 78000000,
        "sellingAndMarketingExpenses": 22000000,
        "sellingGeneralAndAdministrativeExpenses": 100000000,
        "otherExpenses": 22000000,
        "operatingExpenses": 122000000,
        "costAndExpenses": 190000000,
        "interestIncome": 0,
        "interestExpense": 24000000,
        "depreciationAndAmortization": 12000000,
        "ebitda": 77000000,
        "ebitdaratio": 1.115942029,
        "operatingIncome": 172000000,
        "operatingIncomeRatio": 2.4927536232,
        "totalOtherIncomeExpensesNet": 7000000,
        "incomeBeforeTax": 179000000,
        "incomeBeforeTaxRatio": 2.5942028986,
        "incomeTaxExpense": -63000000,
        "netIncome": 104000000,
        "netIncomeRatio": 1.5072463768,
        "eps": 0.13,
        "epsdiluted": 0.13,
        "weightedAverageShsOut": 779144000,
        "weightedAverageShsOutDil": 779144000,
        "link": "https://www.sec.gov/Archives/edgar/data/1065865/000110465907013908/0001104659-07-013908-index.htm",
        "finalLink": "https://www.sec.gov/Archives/edgar/data/1065865/000110465907013908/a07-5280_110k.htm"
    },
    {
        "date": "2006-09-30",
        "symbol": "JNS",
        "reportedCurrency": "USD",
        "cik": "0001065865",
        "fillingDate": "2006-11-07",
        "acceptedDate": "2006-11-06 18:18:56",
        "calendarYear": "2006",
        "period": "Q3",
        "revenue": 21000000,
        "costOfRevenue": 22000000,
        "grossProfit": -1000000,
        "grossProfitRatio": -0.0476190476,
        "researchAndDevelopmentExpenses": 0,
        "generalAndAdministrativeExpenses": 28000000,
        "sellingAndMarketingExpenses": 6000000,
        "sellingGeneralAndAdministrativeExpenses": 34000000,
        "otherExpenses": 6000000,
        "operatingExpenses": 40000000,
        "costAndExpenses": 62000000,
        "interestIncome": 0,
        "interestExpense": 8000000,
        "depreciationAndAmortization": 11000000,
        "ebitda": 30000000,
        "ebitdaratio": 1.4285714286,
        "operatingIncome": 51000000,
        "operatingIncomeRatio": 2.4285714286,
        "totalOtherIncomeExpensesNet": 0,
        "incomeBeforeTax": 51000000,
        "incomeBeforeTaxRatio": 2.4285714286,
        "incomeTaxExpense": -18000000,
        "netIncome": 29000000,
        "netIncomeRatio": 1.380952381,
        "eps": 41.5,
        "epsdiluted": 41.5,
        "weightedAverageShsOut": 698795,
        "weightedAverageShsOutDil": 698795,
        "link": "https://www.sec.gov/Archives/edgar/data/1065865/000104746906013592/0001047469-06-013592-index.htm",
        "finalLink": "https://www.sec.gov/Archives/edgar/data/1065865/000104746906013592/a2174035z10-q.htm"
    },
    {
        "date": "2006-06-30",
        "symbol": "JNS",
        "reportedCurrency": "USD",
        "cik": "0001065865",
        "fillingDate": "2006-07-27",
        "acceptedDate": "2006-07-27 17:06:47",
        "calendarYear": "2006",
        "period": "Q2",
        "revenue": 21000000,
        "costOfRevenue": 21000000,
        "grossProfit": 0,
        "grossProfitRatio": 0,
        "researchAndDevelopmentExpenses": 0,
        "generalAndAdministrativeExpenses": 25000000,
        "sellingAndMarketingExpenses": 7000000,
        "sellingGeneralAndAdministrativeExpenses": 32000000,
        "otherExpenses": 7000000,
        "operatingExpenses": 39000000,
        "costAndExpenses": 60000000,
        "interestIncome": 0,
        "interestExpense": 7000000,
        "depreciationAndAmortization": 12000000,
        "ebitda": 31000000,
        "ebitdaratio": 1.4761904762,
        "operatingIncome": 53000000,
        "operatingIncomeRatio": 2.5238095238,
        "totalOtherIncomeExpensesNet": -41000000,
        "incomeBeforeTax": 12000000,
        "incomeBeforeTaxRatio": 0.5714285714,
        "incomeTaxExpense": -19000000,
        "netIncome": 31000000,
        "netIncomeRatio": 1.4761904762,
        "eps": 41.8,
        "epsdiluted": 41.8,
        "weightedAverageShsOut": 741626,
        "weightedAverageShsOutDil": 741626,
        "link": "https://www.sec.gov/Archives/edgar/data/1065865/000104746906010012/0001047469-06-010012-index.htm",
        "finalLink": "https://www.sec.gov/Archives/edgar/data/1065865/000104746906010012/a2172096z10-q.htm"
    },
    {
        "date": "2006-03-31",
        "symbol": "JNS",
        "reportedCurrency": "USD",
        "cik": "0001065865",
        "fillingDate": "2006-04-27",
        "acceptedDate": "2006-04-27 16:54:20",
        "calendarYear": "2006",
        "period": "Q1",
        "revenue": 23000000,
        "costOfRevenue": 23000000,
        "grossProfit": 0,
        "grossProfitRatio": 0,
        "researchAndDevelopmentExpenses": 0,
        "generalAndAdministrativeExpenses": 29000000,
        "sellingAndMarketingExpenses": 5000000,
        "sellingGeneralAndAdministrativeExpenses": 34000000,
        "otherExpenses": 5000000,
        "operatingExpenses": 39000000,
        "costAndExpenses": 62000000,
        "interestIncome": 0,
        "interestExpense": 7000000,
        "depreciationAndAmortization": 12000000,
        "ebitda": 32000000,
        "ebitdaratio": 1.3913043478,
        "operatingIncome": 59000000,
        "operatingIncomeRatio": 2.5652173913,
        "totalOtherIncomeExpensesNet": -46000000,
        "incomeBeforeTax": 13000000,
        "incomeBeforeTaxRatio": 0.5652173913,
        "incomeTaxExpense": -22000000,
        "netIncome": 35000000,
        "netIncomeRatio": 1.5217391304,
        "eps": 42.7,
        "epsdiluted": 42.7,
        "weightedAverageShsOut": 819672,
        "weightedAverageShsOutDil": 819672,
        "link": "https://www.sec.gov/Archives/edgar/data/1065865/000104746906005839/0001047469-06-005839-index.htm",
        "finalLink": "https://www.sec.gov/Archives/edgar/data/1065865/000104746906005839/a2169846z10-q.htm"
    },
    {
        "date": "2005-12-31",
        "symbol": "JNS",
        "reportedCurrency": "USD",
        "cik": "0001065865",
        "fillingDate": "2006-03-03",
        "acceptedDate": "2006-03-03 16:53:05",
        "calendarYear": "2005",
        "period": "Q4",
        "revenue": 22000000,
        "costOfRevenue": 21000000,
        "grossProfit": 1000000,
        "grossProfitRatio": 0.0454545455,
        "researchAndDevelopmentExpenses": 0,
        "generalAndAdministrativeExpenses": 28000000,
        "sellingAndMarketingExpenses": 6000000,
        "sellingGeneralAndAdministrativeExpenses": 34000000,
        "otherExpenses": 6000000,
        "operatingExpenses": 40000000,
        "costAndExpenses": 61000000,
        "interestIncome": 0,
        "interestExpense": 7000000,
        "depreciationAndAmortization": 12000000,
        "ebitda": 9000000,
        "ebitdaratio": 0.4090909091,
        "operatingIncome": 32000000,
        "operatingIncomeRatio": 1.4545454545,
        "totalOtherIncomeExpensesNet": -42000000,
        "incomeBeforeTax": -10000000,
        "incomeBeforeTaxRatio": -0.4545454545,
        "incomeTaxExpense": -20000000,
        "netIncome": 10000000,
        "netIncomeRatio": 0.4545454545,
        "eps": 0.0194,
        "epsdiluted": 0.0194,
        "weightedAverageShsOut": 516627000,
        "weightedAverageShsOutDil": 516627000,
        "link": "https://www.sec.gov/Archives/edgar/data/1065865/000104746906002832/0001047469-06-002832-index.htm",
        "finalLink": "https://www.sec.gov/Archives/edgar/data/1065865/000104746906002832/a2168001z10-k.htm"
    },
    {
        "date": "2005-09-30",
        "symbol": "JNS",
        "reportedCurrency": "USD",
        "cik": "0001065865",
        "fillingDate": "2005-10-31",
        "acceptedDate": "2005-10-31 16:45:58",
        "calendarYear": "2005",
        "period": "Q3",
        "revenue": 19000000,
        "costOfRevenue": 19000000,
        "grossProfit": 0,
        "grossProfitRatio": 0,
        "researchAndDevelopmentExpenses": 0,
        "generalAndAdministrativeExpenses": 26000000,
        "sellingAndMarketingExpenses": 6000000,
        "sellingGeneralAndAdministrativeExpenses": 32000000,
        "otherExpenses": 6000000,
        "operatingExpenses": 38000000,
        "costAndExpenses": 57000000,
        "interestIncome": 0,
        "interestExpense": 7000000,
        "depreciationAndAmortization": 12000000,
        "ebitda": 41000000,
        "ebitdaratio": 2.1578947368,
        "operatingIncome": 44000000,
        "operatingIncomeRatio": 2.3157894737,
        "totalOtherIncomeExpensesNet": -22000000,
        "incomeBeforeTax": 22000000,
        "incomeBeforeTaxRatio": 1.1578947368,
        "incomeTaxExpense": -10000000,
        "netIncome": 32000000,
        "netIncomeRatio": 1.6842105263,
        "eps": 0.0526,
        "epsdiluted": 0.0526,
        "weightedAverageShsOut": 608695000,
        "weightedAverageShsOutDil": 608695000,
        "link": "https://www.sec.gov/Archives/edgar/data/1065865/000095013405020078/0000950134-05-020078-index.htm",
        "finalLink": "https://www.sec.gov/Archives/edgar/data/1065865/000095013405020078/d29726e10vq.htm"
    },
    {
        "date": "2005-06-30",
        "symbol": "JNS",
        "reportedCurrency": "USD",
        "cik": "0001065865",
        "fillingDate": "2005-08-09",
        "acceptedDate": "2005-08-09 16:37:14",
        "calendarYear": "2005",
        "period": "Q2",
        "revenue": 20000000,
        "costOfRevenue": 21000000,
        "grossProfit": -1000000,
        "grossProfitRatio": -0.05,
        "researchAndDevelopmentExpenses": 0,
        "generalAndAdministrativeExpenses": 30000000,
        "sellingAndMarketingExpenses": 9000000,
        "sellingGeneralAndAdministrativeExpenses": 39000000,
        "otherExpenses": 9000000,
        "operatingExpenses": 48000000,
        "costAndExpenses": 69000000,
        "interestIncome": 0,
        "interestExpense": 7000000,
        "depreciationAndAmortization": 13000000,
        "ebitda": 30000000,
        "ebitdaratio": 1.5,
        "operatingIncome": 40000000,
        "operatingIncomeRatio": 2,
        "totalOtherIncomeExpensesNet": -30000000,
        "incomeBeforeTax": 10000000,
        "incomeBeforeTaxRatio": 0.5,
        "incomeTaxExpense": -16000000,
        "netIncome": 26000000,
        "netIncomeRatio": 1.3,
        "eps": 48.71,
        "epsdiluted": 48.71,
        "weightedAverageShsOut": 533807,
        "weightedAverageShsOutDil": 533807,
        "link": "https://www.sec.gov/Archives/edgar/data/1065865/000095013405015367/0000950134-05-015367-index.htm",
        "finalLink": "https://www.sec.gov/Archives/edgar/data/1065865/000095013405015367/d27266e10vq.htm"
    },
    {
        "date": "2005-03-31",
        "symbol": "JNS",
        "reportedCurrency": "USD",
        "cik": "0001065865",
        "fillingDate": "2005-04-21",
        "acceptedDate": "2005-04-21 15:28:50",
        "calendarYear": "2005",
        "period": "Q1",
        "revenue": 23000000,
        "costOfRevenue": 21000000,
        "grossProfit": 2000000,
        "grossProfitRatio": 0.0869565217,
        "researchAndDevelopmentExpenses": 0,
        "generalAndAdministrativeExpenses": 24000000,
        "sellingAndMarketingExpenses": 9000000,
        "sellingGeneralAndAdministrativeExpenses": 33000000,
        "otherExpenses": 9000000,
        "operatingExpenses": 42000000,
        "costAndExpenses": 63000000,
        "interestIncome": 0,
        "interestExpense": 7000000,
        "depreciationAndAmortization": 13000000,
        "ebitda": 18000000,
        "ebitdaratio": 0.7826086957,
        "operatingIncome": 41000000,
        "operatingIncomeRatio": 1.7826086957,
        "totalOtherIncomeExpensesNet": -43000000,
        "incomeBeforeTax": -2000000,
        "incomeBeforeTaxRatio": -0.0869565217,
        "incomeTaxExpense": -21000000,
        "netIncome": 19000000,
        "netIncomeRatio": 0.8260869565,
        "eps": 42.9,
        "epsdiluted": 42.9,
        "weightedAverageShsOut": 442890,
        "weightedAverageShsOutDil": 442890,
        "link": "https://www.sec.gov/Archives/edgar/data/1065865/000095013405007855/0000950134-05-007855-index.htm",
        "finalLink": "https://www.sec.gov/Archives/edgar/data/1065865/000095013405007855/d24475e10vq.htm"
    },
    {
        "date": "2004-12-31",
        "symbol": "JNS",
        "reportedCurrency": "USD",
        "cik": "0001065865",
        "fillingDate": "2005-03-14",
        "acceptedDate": "2005-03-14 14:37:45",
        "calendarYear": "2004",
        "period": "Q4",
        "revenue": 19000000,
        "costOfRevenue": 20000000,
        "grossProfit": -1000000,
        "grossProfitRatio": -0.0526315789,
        "researchAndDevelopmentExpenses": 0,
        "generalAndAdministrativeExpenses": 31000000,
        "sellingAndMarketingExpenses": 9000000,
        "sellingGeneralAndAdministrativeExpenses": 40000000,
        "otherExpenses": 9000000,
        "operatingExpenses": 49000000,
        "costAndExpenses": 69000000,
        "interestIncome": 0,
        "interestExpense": 7000000,
        "depreciationAndAmortization": 15000000,
        "ebitda": -154000000,
        "ebitdaratio": -8.1052631579,
        "operatingIncome": 8000000,
        "operatingIncomeRatio": 0.4210526316,
        "totalOtherIncomeExpensesNet": -3000000,
        "incomeBeforeTax": 5000000,
        "incomeBeforeTaxRatio": 0.2631578947,
        "incomeTaxExpense": -183000000,
        "netIncome": 7000000,
        "netIncomeRatio": 0.3684210526,
        "eps": 0.0078,
        "epsdiluted": 0.0078,
        "weightedAverageShsOut": 898936000,
        "weightedAverageShsOutDil": 898936000,
        "link": "https://www.sec.gov/Archives/edgar/data/1065865/000103570405000149/0001035704-05-000149-index.htm",
        "finalLink": "https://www.sec.gov/Archives/edgar/data/1065865/000103570405000149/d21945e10vk.htm"
    },
    {
        "date": "2004-09-30",
        "symbol": "JNS",
        "reportedCurrency": "USD",
        "cik": "0001065865",
        "fillingDate": "2004-10-25",
        "acceptedDate": "2004-10-25 17:06:44",
        "calendarYear": "2004",
        "period": "Q3",
        "revenue": 22000000,
        "costOfRevenue": 22000000,
        "grossProfit": 0,
        "grossProfitRatio": 0,
        "researchAndDevelopmentExpenses": 0,
        "generalAndAdministrativeExpenses": 26000000,
        "sellingAndMarketingExpenses": 7000000,
        "sellingGeneralAndAdministrativeExpenses": 33000000,
        "otherExpenses": 7000000,
        "operatingExpenses": 40000000,
        "costAndExpenses": 62000000,
        "interestIncome": 0,
        "interestExpense": 5000000,
        "depreciationAndAmortization": 14000000,
        "ebitda": 68000000,
        "ebitdaratio": 3.0909090909,
        "operatingIncome": 49000000,
        "operatingIncomeRatio": 2.2272727273,
        "totalOtherIncomeExpensesNet": 2000000,
        "incomeBeforeTax": 51000000,
        "incomeBeforeTaxRatio": 2.3181818182,
        "incomeTaxExpense": -3000000,
        "netIncome": 52000000,
        "netIncomeRatio": 2.3636363636,
        "eps": 0.0459,
        "epsdiluted": 0.0459,
        "weightedAverageShsOut": 1132867000,
        "weightedAverageShsOutDil": 1132867000,
        "link": "https://www.sec.gov/Archives/edgar/data/1065865/000095013404015596/0000950134-04-015596-index.htm",
        "finalLink": "https://www.sec.gov/Archives/edgar/data/1065865/000095013404015596/d19211e10vq.htm"
    },
    {
        "date": "2004-06-30",
        "symbol": "JNS",
        "reportedCurrency": "USD",
        "cik": "0001065865",
        "fillingDate": "2004-07-29",
        "acceptedDate": "2004-07-29 16:59:05",
        "calendarYear": "2004",
        "period": "Q2",
        "revenue": 24000000,
        "costOfRevenue": 23000000,
        "grossProfit": 1000000,
        "grossProfitRatio": 0.0416666667,
        "researchAndDevelopmentExpenses": 0,
        "generalAndAdministrativeExpenses": 62000000,
        "sellingAndMarketingExpenses": -26000000,
        "sellingGeneralAndAdministrativeExpenses": 36000000,
        "otherExpenses": -26000000,
        "operatingExpenses": 10000000,
        "costAndExpenses": 33000000,
        "interestIncome": 0,
        "interestExpense": 12000000,
        "depreciationAndAmortization": 15000000,
        "ebitda": 237000000,
        "ebitdaratio": 9.875,
        "operatingIncome": 48000000,
        "operatingIncomeRatio": 2,
        "totalOtherIncomeExpensesNet": 165000000,
        "incomeBeforeTax": 213000000,
        "incomeBeforeTaxRatio": 8.875,
        "incomeTaxExpense": 81000000,
        "netIncome": 129000000,
        "netIncomeRatio": 5.375,
        "eps": 114.93,
        "epsdiluted": 114.93,
        "weightedAverageShsOut": 1122448,
        "weightedAverageShsOutDil": 1122448,
        "link": "https://www.sec.gov/Archives/edgar/data/1065865/000095013404010859/0000950134-04-010859-index.htm",
        "finalLink": "https://www.sec.gov/Archives/edgar/data/1065865/000095013404010859/d17073e10vq.htm"
    },
    {
        "date": "2004-03-31",
        "symbol": "JNS",
        "reportedCurrency": "USD",
        "cik": "0001065865",
        "fillingDate": "2004-05-06",
        "acceptedDate": "2004-05-06 13:30:24",
        "calendarYear": "2004",
        "period": "Q1",
        "revenue": 24000000,
        "costOfRevenue": 22000000,
        "grossProfit": 2000000,
        "grossProfitRatio": 0.0833333333,
        "researchAndDevelopmentExpenses": 0,
        "generalAndAdministrativeExpenses": -4000000,
        "sellingAndMarketingExpenses": 38000000,
        "sellingGeneralAndAdministrativeExpenses": 34000000,
        "otherExpenses": 38000000,
        "operatingExpenses": 72000000,
        "costAndExpenses": 94000000,
        "interestIncome": 0,
        "interestExpense": 14000000,
        "depreciationAndAmortization": 16000000,
        "ebitda": 24000000,
        "ebitdaratio": 1,
        "operatingIncome": 6000000,
        "operatingIncomeRatio": 0.25,
        "totalOtherIncomeExpensesNet": -10000000,
        "incomeBeforeTax": -4000000,
        "incomeBeforeTaxRatio": -0.1666666667,
        "incomeTaxExpense": 13000000,
        "netIncome": -19000000,
        "netIncomeRatio": -0.7916666667,
        "eps": -16.93,
        "epsdiluted": -16.93,
        "weightedAverageShsOut": 1122448,
        "weightedAverageShsOutDil": 1122448,
        "link": "https://www.sec.gov/Archives/edgar/data/1065865/000103570404000207/0001035704-04-000207-index.htm",
        "finalLink": "https://www.sec.gov/Archives/edgar/data/1065865/000103570404000207/d14229e10vq.htm"
    }
]