[
    {
        "date": "2017-01-27",
        "symbol": "JOY",
        "reportedCurrency": "USD",
        "cik": "0000801898",
        "fillingDate": "2017-03-03",
        "acceptedDate": "2017-03-03 11:26:47",
        "calendarYear": "2016",
        "period": "Q4",
        "revenue": 497769000,
        "costOfRevenue": 389108000,
        "grossProfit": 108661000,
        "grossProfitRatio": 0.2182960369,
        "researchAndDevelopmentExpenses": 0,
        "generalAndAdministrativeExpenses": 0,
        "sellingAndMarketingExpenses": 111111000,
        "sellingGeneralAndAdministrativeExpenses": 111111000,
        "otherExpenses": 0,
        "operatingExpenses": 111111000,
        "costAndExpenses": 500219000,
        "interestIncome": 0,
        "interestExpense": 12610000,
        "depreciationAndAmortization": 26217000,
        "ebitda": 26055000,
        "ebitdaratio": 0.052343557,
        "operatingIncome": -162000,
        "operatingIncomeRatio": -0.0003254522,
        "totalOtherIncomeExpensesNet": -12610000,
        "incomeBeforeTax": -12772000,
        "incomeBeforeTaxRatio": -0.0256584882,
        "incomeTaxExpense": -12495000,
        "netIncome": -277000,
        "netIncomeRatio": -0.000556483,
        "eps": -0.0028,
        "epsdiluted": -0.0028,
        "weightedAverageShsOut": 98913000,
        "weightedAverageShsOutDil": 98913000,
        "link": "https://www.sec.gov/Archives/edgar/data/801898/000080189817000027/0000801898-17-000027-index.html",
        "finalLink": "https://www.sec.gov/Archives/edgar/data/801898/000080189817000027/joy-01272017x10q.htm"
    },
    {
        "date": "2016-10-28",
        "symbol": "JOY",
        "reportedCurrency": "USD",
        "cik": "0000801898",
        "fillingDate": "2016-12-16",
        "acceptedDate": "2016-12-16 16:26:13",
        "calendarYear": "2016",
        "period": "Q3",
        "revenue": 656563000,
        "costOfRevenue": 504245000,
        "grossProfit": 152318000,
        "grossProfitRatio": 0.2319929694,
        "researchAndDevelopmentExpenses": 32600000,
        "generalAndAdministrativeExpenses": 0,
        "sellingAndMarketingExpenses": 135251000,
        "sellingGeneralAndAdministrativeExpenses": 135251000,
        "otherExpenses": 0,
        "operatingExpenses": 167851000,
        "costAndExpenses": 672096000,
        "interestIncome": 0,
        "interestExpense": 12690000,
        "depreciationAndAmortization": 23998000,
        "ebitda": 33434000,
        "ebitdaratio": 0.0509227599,
        "operatingIncome": 9436000,
        "operatingIncomeRatio": 0.014371812,
        "totalOtherIncomeExpensesNet": -7224000,
        "incomeBeforeTax": 2212000,
        "incomeBeforeTaxRatio": 0.0033690598,
        "incomeTaxExpense": 10659000,
        "netIncome": -8447000,
        "netIncomeRatio": -0.0128654828,
        "eps": -0.0862,
        "epsdiluted": -0.0862,
        "weightedAverageShsOut": 98040000,
        "weightedAverageShsOutDil": 98040000,
        "link": "https://www.sec.gov/Archives/edgar/data/801898/000080189816000280/0000801898-16-000280-index.html",
        "finalLink": "https://www.sec.gov/Archives/edgar/data/801898/000080189816000280/joy-10282016x10xk.htm"
    },
    {
        "date": "2016-07-29",
        "symbol": "JOY",
        "reportedCurrency": "USD",
        "cik": "0000801898",
        "fillingDate": "2016-09-02",
        "acceptedDate": "2016-09-02 12:56:35",
        "calendarYear": "2016",
        "period": "Q2",
        "revenue": 586552000,
        "costOfRevenue": 454594000,
        "grossProfit": 131958000,
        "grossProfitRatio": 0.224972381,
        "researchAndDevelopmentExpenses": 0,
        "generalAndAdministrativeExpenses": 0,
        "sellingAndMarketingExpenses": 114377000,
        "sellingGeneralAndAdministrativeExpenses": 114377000,
        "otherExpenses": 0,
        "operatingExpenses": 114377000,
        "costAndExpenses": 568971000,
        "interestIncome": 0,
        "interestExpense": 12291000,
        "depreciationAndAmortization": 40509000,
        "ebitda": 36524000,
        "ebitdaratio": 0.0622689889,
        "operatingIncome": -3985000,
        "operatingIncomeRatio": -0.0067939415,
        "totalOtherIncomeExpensesNet": -12291000,
        "incomeBeforeTax": -16276000,
        "incomeBeforeTaxRatio": -0.0277486054,
        "incomeTaxExpense": -16404000,
        "netIncome": 128000,
        "netIncomeRatio": 0.0002182245,
        "eps": 0.0013,
        "epsdiluted": 0.0013,
        "weightedAverageShsOut": 97977000,
        "weightedAverageShsOutDil": 97977000,
        "link": "https://www.sec.gov/Archives/edgar/data/801898/000080189816000225/0000801898-16-000225-index.htm",
        "finalLink": "https://www.sec.gov/Archives/edgar/data/801898/000080189816000225/joy-07292016x10q.htm"
    },
    {
        "date": "2016-04-29",
        "symbol": "JOY",
        "reportedCurrency": "USD",
        "cik": "0000801898",
        "fillingDate": "2016-06-03",
        "acceptedDate": "2016-06-03 15:25:53",
        "calendarYear": "2016",
        "period": "Q1",
        "revenue": 601985000,
        "costOfRevenue": 458479000,
        "grossProfit": 143506000,
        "grossProfitRatio": 0.2383879997,
        "researchAndDevelopmentExpenses": 0,
        "generalAndAdministrativeExpenses": 0,
        "sellingAndMarketingExpenses": 116643000,
        "sellingGeneralAndAdministrativeExpenses": 116643000,
        "otherExpenses": 0,
        "operatingExpenses": 116643000,
        "costAndExpenses": 575122000,
        "interestIncome": 0,
        "interestExpense": 12437000,
        "depreciationAndAmortization": 37306000,
        "ebitda": 33839000,
        "ebitdaratio": 0.0562123641,
        "operatingIncome": -3467000,
        "operatingIncomeRatio": -0.0057592797,
        "totalOtherIncomeExpensesNet": -12437000,
        "incomeBeforeTax": -15904000,
        "incomeBeforeTaxRatio": -0.0264192629,
        "incomeTaxExpense": -599000,
        "netIncome": -15305000,
        "netIncomeRatio": -0.0254242215,
        "eps": -0.16,
        "epsdiluted": -0.16,
        "weightedAverageShsOut": 97886000,
        "weightedAverageShsOutDil": 97886000,
        "link": "https://www.sec.gov/Archives/edgar/data/801898/000080189816000200/0000801898-16-000200-index.html",
        "finalLink": "https://www.sec.gov/Archives/edgar/data/801898/000080189816000200/joy-04292016x10q.htm"
    },
    {
        "date": "2016-01-29",
        "symbol": "JOY",
        "reportedCurrency": "USD",
        "cik": "0000801898",
        "fillingDate": "2016-03-04",
        "acceptedDate": "2016-03-04 15:10:42",
        "calendarYear": "2015",
        "period": "Q4",
        "revenue": 526300000,
        "costOfRevenue": 438256000,
        "grossProfit": 88044000,
        "grossProfitRatio": 0.1672886187,
        "researchAndDevelopmentExpenses": 0,
        "generalAndAdministrativeExpenses": 0,
        "sellingAndMarketingExpenses": 110413000,
        "sellingGeneralAndAdministrativeExpenses": 110413000,
        "otherExpenses": 0,
        "operatingExpenses": 110413000,
        "costAndExpenses": 548669000,
        "interestIncome": 0,
        "interestExpense": 12923000,
        "depreciationAndAmortization": 40087000,
        "ebitda": -4193000,
        "ebitdaratio": -0.007966939,
        "operatingIncome": -44280000,
        "operatingIncomeRatio": -0.084134524,
        "totalOtherIncomeExpensesNet": -12923000,
        "incomeBeforeTax": -57203000,
        "incomeBeforeTaxRatio": -0.1086889607,
        "incomeTaxExpense": -16982000,
        "netIncome": -40221000,
        "netIncomeRatio": -0.0764221927,
        "eps": -0.41,
        "epsdiluted": -0.41,
        "weightedAverageShsOut": 97851000,
        "weightedAverageShsOutDil": 97851000,
        "link": "https://www.sec.gov/Archives/edgar/data/801898/000080189816000153/0000801898-16-000153-index.html",
        "finalLink": "https://www.sec.gov/Archives/edgar/data/801898/000080189816000153/joy-01292016x10q.htm"
    },
    {
        "date": "2015-10-30",
        "symbol": "JOY",
        "reportedCurrency": "USD",
        "cik": "0000801898",
        "fillingDate": "2015-12-21",
        "acceptedDate": "2015-12-21 17:31:34",
        "calendarYear": "2015",
        "period": "Q3",
        "revenue": 865568000,
        "costOfRevenue": 658238000,
        "grossProfit": 207330000,
        "grossProfitRatio": 0.2395305741,
        "researchAndDevelopmentExpenses": 36200000,
        "generalAndAdministrativeExpenses": 0,
        "sellingAndMarketingExpenses": 172102000,
        "sellingGeneralAndAdministrativeExpenses": 172102000,
        "otherExpenses": 0,
        "operatingExpenses": 208302000,
        "costAndExpenses": 866540000,
        "interestIncome": 0,
        "interestExpense": 15771000,
        "depreciationAndAmortization": 39452000,
        "ebitda": -1274369000,
        "ebitdaratio": -1.4722921827,
        "operatingIncome": -1313821000,
        "operatingIncomeRatio": -1.5178715017,
        "totalOtherIncomeExpensesNet": -15771000,
        "incomeBeforeTax": -1329592000,
        "incomeBeforeTaxRatio": -1.5360919073,
        "incomeTaxExpense": -44396000,
        "netIncome": -1285196000,
        "netIncomeRatio": -1.484800732,
        "eps": -13.18,
        "epsdiluted": -13.18,
        "weightedAverageShsOut": 97493000,
        "weightedAverageShsOutDil": 97493000,
        "link": "https://www.sec.gov/Archives/edgar/data/801898/000080189815000122/0000801898-15-000122-index.html",
        "finalLink": "https://www.sec.gov/Archives/edgar/data/801898/000080189815000122/joy-10302015x10xk.htm"
    },
    {
        "date": "2015-07-31",
        "symbol": "JOY",
        "reportedCurrency": "USD",
        "cik": "0000801898",
        "fillingDate": "2015-09-04",
        "acceptedDate": "2015-09-04 14:29:08",
        "calendarYear": "2015",
        "period": "Q2",
        "revenue": 792183000,
        "costOfRevenue": 574838000,
        "grossProfit": 217345000,
        "grossProfitRatio": 0.2743621108,
        "researchAndDevelopmentExpenses": 0,
        "generalAndAdministrativeExpenses": 0,
        "sellingAndMarketingExpenses": 145215000,
        "sellingGeneralAndAdministrativeExpenses": 145215000,
        "otherExpenses": 0,
        "operatingExpenses": 145215000,
        "costAndExpenses": 720053000,
        "interestIncome": 0,
        "interestExpense": 16219000,
        "depreciationAndAmortization": 36738000,
        "ebitda": 112645000,
        "ebitdaratio": 0.1421956795,
        "operatingIncome": 75907000,
        "operatingIncomeRatio": 0.0958200315,
        "totalOtherIncomeExpensesNet": -16219000,
        "incomeBeforeTax": 59688000,
        "incomeBeforeTaxRatio": 0.0753462268,
        "incomeTaxExpense": 14803000,
        "netIncome": 44885000,
        "netIncomeRatio": 0.0566598879,
        "eps": 0.46,
        "epsdiluted": 0.46,
        "weightedAverageShsOut": 97481000,
        "weightedAverageShsOutDil": 98052000,
        "link": "https://www.sec.gov/Archives/edgar/data/801898/000080189815000069/0000801898-15-000069-index.html",
        "finalLink": "https://www.sec.gov/Archives/edgar/data/801898/000080189815000069/joy-07312015x10q.htm"
    },
    {
        "date": "2015-01-30",
        "symbol": "JOY",
        "reportedCurrency": "USD",
        "cik": "0000801898",
        "fillingDate": "2015-03-06",
        "acceptedDate": "2015-03-06 11:44:26",
        "calendarYear": "2014",
        "period": "Q4",
        "revenue": 703873000,
        "costOfRevenue": 520746000,
        "grossProfit": 183127000,
        "grossProfitRatio": 0.2601705137,
        "researchAndDevelopmentExpenses": 0,
        "generalAndAdministrativeExpenses": 0,
        "sellingAndMarketingExpenses": 137634000,
        "sellingGeneralAndAdministrativeExpenses": 137634000,
        "otherExpenses": 0,
        "operatingExpenses": 137634000,
        "costAndExpenses": 658380000,
        "interestIncome": 0,
        "interestExpense": 15897000,
        "depreciationAndAmortization": 33679000,
        "ebitda": 85325000,
        "ebitdaratio": 0.1212221523,
        "operatingIncome": 51646000,
        "operatingIncomeRatio": 0.073374032,
        "totalOtherIncomeExpensesNet": -15897000,
        "incomeBeforeTax": 35749000,
        "incomeBeforeTaxRatio": 0.0507889918,
        "incomeTaxExpense": 12155000,
        "netIncome": 23594000,
        "netIncomeRatio": 0.0335202515,
        "eps": 0.24,
        "epsdiluted": 0.24,
        "weightedAverageShsOut": 97547000,
        "weightedAverageShsOutDil": 98138000,
        "link": "https://www.sec.gov/Archives/edgar/data/801898/000080189815000006/0000801898-15-000006-index.htm",
        "finalLink": "https://www.sec.gov/Archives/edgar/data/801898/000080189815000006/joy-01302015x10q.htm"
    },
    {
        "date": "2014-10-31",
        "symbol": "JOY",
        "reportedCurrency": "USD",
        "cik": "0000801898",
        "fillingDate": "2014-12-19",
        "acceptedDate": "2014-12-19 16:08:55",
        "calendarYear": "2014",
        "period": "Q3",
        "revenue": 1133607000,
        "costOfRevenue": 787659000,
        "grossProfit": 345948000,
        "grossProfitRatio": 0.3051745446,
        "researchAndDevelopmentExpenses": 40600000,
        "generalAndAdministrativeExpenses": 444822000,
        "sellingAndMarketingExpenses": 161525000,
        "sellingGeneralAndAdministrativeExpenses": 606347000,
        "otherExpenses": 0,
        "operatingExpenses": 646947000,
        "costAndExpenses": 1434606000,
        "interestIncome": 0,
        "interestExpense": 15960000,
        "depreciationAndAmortization": 34868000,
        "ebitda": 224907000,
        "ebitdaratio": 0.1983994453,
        "operatingIncome": 190039000,
        "operatingIncomeRatio": 0.1676409902,
        "totalOtherIncomeExpensesNet": -15960000,
        "incomeBeforeTax": 174079000,
        "incomeBeforeTaxRatio": 0.1535620369,
        "incomeTaxExpense": 37143000,
        "netIncome": 136936000,
        "netIncomeRatio": 0.1207967135,
        "eps": 1.37,
        "epsdiluted": 1.36,
        "weightedAverageShsOut": 100088000,
        "weightedAverageShsOutDil": 100939000,
        "link": "https://www.sec.gov/Archives/edgar/data/801898/000080189814000129/0000801898-14-000129-index.html",
        "finalLink": "https://www.sec.gov/Archives/edgar/data/801898/000080189814000129/joy-10312014x10xk.htm"
    },
    {
        "date": "2014-05-02",
        "symbol": "JOY",
        "reportedCurrency": "USD",
        "cik": "0000801898",
        "fillingDate": "2014-06-06",
        "acceptedDate": "2014-06-06 11:22:03",
        "calendarYear": "2014",
        "period": "Q2",
        "revenue": 929730000,
        "costOfRevenue": 651592000,
        "grossProfit": 278138000,
        "grossProfitRatio": 0.2991599712,
        "researchAndDevelopmentExpenses": 0,
        "generalAndAdministrativeExpenses": 0,
        "sellingAndMarketingExpenses": 154534000,
        "sellingGeneralAndAdministrativeExpenses": 154534000,
        "otherExpenses": 0,
        "operatingExpenses": 154534000,
        "costAndExpenses": 651592000,
        "interestIncome": 0,
        "interestExpense": 16141000,
        "depreciationAndAmortization": 32071000,
        "ebitda": 160106000,
        "ebitdaratio": 0.1722069848,
        "operatingIncome": 128035000,
        "operatingIncomeRatio": 0.1377120239,
        "totalOtherIncomeExpensesNet": -16141000,
        "incomeBeforeTax": 111894000,
        "incomeBeforeTaxRatio": 0.1203510697,
        "incomeTaxExpense": 37943000,
        "netIncome": 73951000,
        "netIncomeRatio": 0.0795402966,
        "eps": 0.73,
        "epsdiluted": 0.73,
        "weightedAverageShsOut": 101071000,
        "weightedAverageShsOutDil": 101935000,
        "link": "https://www.sec.gov/Archives/edgar/data/801898/000080189814000060/0000801898-14-000060-index.html",
        "finalLink": "https://www.sec.gov/Archives/edgar/data/801898/000080189814000060/joy-05022014x10q.htm"
    },
    {
        "date": "2014-01-31",
        "symbol": "JOY",
        "reportedCurrency": "USD",
        "cik": "0000801898",
        "fillingDate": "2014-03-07",
        "acceptedDate": "2014-03-07 10:36:53",
        "calendarYear": "2013",
        "period": "Q4",
        "revenue": 839312000,
        "costOfRevenue": 604178000,
        "grossProfit": 235134000,
        "grossProfitRatio": 0.2801508855,
        "researchAndDevelopmentExpenses": 0,
        "generalAndAdministrativeExpenses": 0,
        "sellingAndMarketingExpenses": 153029000,
        "sellingGeneralAndAdministrativeExpenses": 153029000,
        "otherExpenses": 0,
        "operatingExpenses": 153029000,
        "costAndExpenses": 604178000,
        "interestIncome": 0,
        "interestExpense": 16403000,
        "depreciationAndAmortization": 32766000,
        "ebitda": 120594000,
        "ebitdaratio": 0.1436819681,
        "operatingIncome": 87828000,
        "operatingIncomeRatio": 0.1046428503,
        "totalOtherIncomeExpensesNet": -16403000,
        "incomeBeforeTax": 71425000,
        "incomeBeforeTaxRatio": 0.0850994624,
        "incomeTaxExpense": 22564000,
        "netIncome": 48861000,
        "netIncomeRatio": 0.0582155384,
        "eps": 0.48,
        "epsdiluted": 0.48,
        "weightedAverageShsOut": 101796000,
        "weightedAverageShsOutDil": 102667000,
        "link": "https://www.sec.gov/Archives/edgar/data/801898/000080189814000018/0000801898-14-000018-index.htm",
        "finalLink": "https://www.sec.gov/Archives/edgar/data/801898/000080189814000018/joy-01312014x10q.htm"
    },
    {
        "date": "2013-10-25",
        "symbol": "JOY",
        "reportedCurrency": "USD",
        "cik": "0000801898",
        "fillingDate": "2013-12-13",
        "acceptedDate": "2013-12-13 16:59:51",
        "calendarYear": "2013",
        "period": "Q3",
        "revenue": 1181774000,
        "costOfRevenue": 826947000,
        "grossProfit": 354827000,
        "grossProfitRatio": 0.3002494555,
        "researchAndDevelopmentExpenses": 49000000,
        "generalAndAdministrativeExpenses": 0,
        "sellingAndMarketingExpenses": 182612000,
        "sellingGeneralAndAdministrativeExpenses": 182612000,
        "otherExpenses": 0,
        "operatingExpenses": 49000000,
        "costAndExpenses": 875947000,
        "interestIncome": 0,
        "interestExpense": 16165000,
        "depreciationAndAmortization": 33655000,
        "ebitda": 83793000,
        "ebitdaratio": 0.07090442,
        "operatingIncome": 50138000,
        "operatingIncomeRatio": 0.0424260476,
        "totalOtherIncomeExpensesNet": -16165000,
        "incomeBeforeTax": 33973000,
        "incomeBeforeTaxRatio": 0.0287474593,
        "incomeTaxExpense": 7140000,
        "netIncome": 26833000,
        "netIncomeRatio": 0.022705695,
        "eps": 0.25,
        "epsdiluted": 0.25,
        "weightedAverageShsOut": 106070000,
        "weightedAverageShsOutDil": 106996000,
        "link": "https://www.sec.gov/Archives/edgar/data/801898/000080189813000046/0000801898-13-000046-index.html",
        "finalLink": "https://www.sec.gov/Archives/edgar/data/801898/000080189813000046/joy-10252013x10xk.htm"
    },
    {
        "date": "2013-07-26",
        "symbol": "JOY",
        "reportedCurrency": "USD",
        "cik": "0000801898",
        "fillingDate": "2013-08-30",
        "acceptedDate": "2013-08-30 11:56:07",
        "calendarYear": "2013",
        "period": "Q2",
        "revenue": 1320611000,
        "costOfRevenue": 880209000,
        "grossProfit": 440402000,
        "grossProfitRatio": 0.3334835163,
        "researchAndDevelopmentExpenses": 0,
        "generalAndAdministrativeExpenses": 0,
        "sellingAndMarketingExpenses": 167155000,
        "sellingGeneralAndAdministrativeExpenses": 167155000,
        "otherExpenses": 0,
        "operatingExpenses": 167155000,
        "costAndExpenses": 880209000,
        "interestIncome": 0,
        "interestExpense": 16138000,
        "depreciationAndAmortization": 30991000,
        "ebitda": 307866000,
        "ebitdaratio": 0.2331239101,
        "operatingIncome": 276875000,
        "operatingIncomeRatio": 0.2096567422,
        "totalOtherIncomeExpensesNet": -16138000,
        "incomeBeforeTax": 260737000,
        "incomeBeforeTaxRatio": 0.1974366411,
        "incomeTaxExpense": 77550000,
        "netIncome": 183187000,
        "netIncomeRatio": 0.1387138226,
        "eps": 1.72,
        "epsdiluted": 1.71,
        "weightedAverageShsOut": 106378000,
        "weightedAverageShsOutDil": 107321000,
        "link": "https://www.sec.gov/Archives/edgar/data/801898/000080189813000016/0000801898-13-000016-index.html",
        "finalLink": "https://www.sec.gov/Archives/edgar/data/801898/000080189813000016/joy-20130726x10q.htm"
    },
    {
        "date": "2013-04-26",
        "symbol": "JOY",
        "reportedCurrency": "USD",
        "cik": "0000801898",
        "fillingDate": "2013-05-31",
        "acceptedDate": "2013-05-31 17:15:17",
        "calendarYear": "2013",
        "period": "Q1",
        "revenue": 1360435000,
        "costOfRevenue": 909179000,
        "grossProfit": 451256000,
        "grossProfitRatio": 0.3316997872,
        "researchAndDevelopmentExpenses": 0,
        "generalAndAdministrativeExpenses": 0,
        "sellingAndMarketingExpenses": 172953000,
        "sellingGeneralAndAdministrativeExpenses": 172953000,
        "otherExpenses": 0,
        "operatingExpenses": 172953000,
        "costAndExpenses": 909179000,
        "interestIncome": 0,
        "interestExpense": 17028000,
        "depreciationAndAmortization": 28778000,
        "ebitda": 309031000,
        "ebitdaratio": 0.2271560199,
        "operatingIncome": 280253000,
        "operatingIncomeRatio": 0.2060024919,
        "totalOtherIncomeExpensesNet": -16805000,
        "incomeBeforeTax": 263448000,
        "incomeBeforeTaxRatio": 0.1936498252,
        "incomeTaxExpense": 81669000,
        "netIncome": 181779000,
        "netIncomeRatio": 0.1336182912,
        "eps": 1.71,
        "epsdiluted": 1.69,
        "weightedAverageShsOut": 106334000,
        "weightedAverageShsOutDil": 107325000,
        "link": "https://www.sec.gov/Archives/edgar/data/801898/000080189813000013/0000801898-13-000013-index.html",
        "finalLink": "https://www.sec.gov/Archives/edgar/data/801898/000080189813000013/joy-20130426x10q.htm"
    },
    {
        "date": "2013-01-25",
        "symbol": "JOY",
        "reportedCurrency": "USD",
        "cik": "0000801898",
        "fillingDate": "2013-02-28",
        "acceptedDate": "2013-02-28 16:07:26",
        "calendarYear": "2012",
        "period": "Q4",
        "revenue": 1149877000,
        "costOfRevenue": 773149000,
        "grossProfit": 376728000,
        "grossProfitRatio": 0.3276246068,
        "researchAndDevelopmentExpenses": 0,
        "generalAndAdministrativeExpenses": 0,
        "sellingAndMarketingExpenses": 157281000,
        "sellingGeneralAndAdministrativeExpenses": 157281000,
        "otherExpenses": 0,
        "operatingExpenses": 157281000,
        "costAndExpenses": 773149000,
        "interestIncome": 0,
        "interestExpense": 16954000,
        "depreciationAndAmortization": 20095000,
        "ebitda": 243046000,
        "ebitdaratio": 0.2113669549,
        "operatingIncome": 222951000,
        "operatingIncomeRatio": 0.1938911727,
        "totalOtherIncomeExpensesNet": -16952000,
        "incomeBeforeTax": 205999000,
        "incomeBeforeTaxRatio": 0.1791487263,
        "incomeTaxExpense": 63860000,
        "netIncome": 142139000,
        "netIncomeRatio": 0.1236123516,
        "eps": 1.34,
        "epsdiluted": 1.33,
        "weightedAverageShsOut": 106242000,
        "weightedAverageShsOutDil": 107237000,
        "link": "https://www.sec.gov/Archives/edgar/data/801898/000080189813000003/0000801898-13-000003-index.html",
        "finalLink": "https://www.sec.gov/Archives/edgar/data/801898/000080189813000003/joyg-20130125x10q.htm"
    },
    {
        "date": "2012-10-26",
        "symbol": "JOY",
        "reportedCurrency": "USD",
        "cik": "0000801898",
        "fillingDate": "2012-12-18",
        "acceptedDate": "2012-12-17 18:44:01",
        "calendarYear": "2012",
        "period": "Q3",
        "revenue": 1594905000,
        "costOfRevenue": 1067398000,
        "grossProfit": 527507000,
        "grossProfitRatio": 0.3307450914,
        "researchAndDevelopmentExpenses": 47800000,
        "generalAndAdministrativeExpenses": 0,
        "sellingAndMarketingExpenses": 203951000,
        "sellingGeneralAndAdministrativeExpenses": 203951000,
        "otherExpenses": 0,
        "operatingExpenses": 47800000,
        "costAndExpenses": 1115198000,
        "interestIncome": 0,
        "interestExpense": 19198000,
        "depreciationAndAmortization": 33014000,
        "ebitda": 360839000,
        "ebitdaratio": 0.2262448234,
        "operatingIncome": 327825000,
        "operatingIncomeRatio": 0.2055451579,
        "totalOtherIncomeExpensesNet": -19353000,
        "incomeBeforeTax": 308472000,
        "incomeBeforeTaxRatio": 0.1934108928,
        "incomeTaxExpense": 96064000,
        "netIncome": 212408000,
        "netIncomeRatio": 0.1331790922,
        "eps": 2.01,
        "epsdiluted": 1.99,
        "weightedAverageShsOut": 105862000,
        "weightedAverageShsOutDil": 106889000,
        "link": "https://www.sec.gov/Archives/edgar/data/801898/000119312512505211/0001193125-12-505211-index.html",
        "finalLink": "https://www.sec.gov/Archives/edgar/data/801898/000119312512505211/d413371d10k.htm"
    },
    {
        "date": "2012-07-27",
        "symbol": "JOY",
        "reportedCurrency": "USD",
        "cik": "0000801898",
        "fillingDate": "2012-08-30",
        "acceptedDate": "2012-08-30 16:19:06",
        "calendarYear": "2012",
        "period": "Q2",
        "revenue": 1388723000,
        "costOfRevenue": 912939000,
        "grossProfit": 475784000,
        "grossProfitRatio": 0.3426054008,
        "researchAndDevelopmentExpenses": 0,
        "generalAndAdministrativeExpenses": 0,
        "sellingAndMarketingExpenses": 179436000,
        "sellingGeneralAndAdministrativeExpenses": 179436000,
        "otherExpenses": 0,
        "operatingExpenses": 179436000,
        "costAndExpenses": 912939000,
        "interestIncome": 0,
        "interestExpense": 18335000,
        "depreciationAndAmortization": 39482000,
        "ebitda": 339626000,
        "ebitdaratio": 0.2445599302,
        "operatingIncome": 300144000,
        "operatingIncomeRatio": 0.2161294945,
        "totalOtherIncomeExpensesNet": -17471000,
        "incomeBeforeTax": 282673000,
        "incomeBeforeTaxRatio": 0.2035488719,
        "incomeTaxExpense": 88291000,
        "netIncome": 194382000,
        "netIncomeRatio": 0.1399717582,
        "eps": 1.84,
        "epsdiluted": 1.82,
        "weightedAverageShsOut": 105794000,
        "weightedAverageShsOutDil": 106867000,
        "link": "https://www.sec.gov/Archives/edgar/data/801898/000119312512375631/0001193125-12-375631-index.html",
        "finalLink": "https://www.sec.gov/Archives/edgar/data/801898/000119312512375631/d375727d10q.htm"
    },
    {
        "date": "2012-04-27",
        "symbol": "JOY",
        "reportedCurrency": "USD",
        "cik": "0000801898",
        "fillingDate": "2012-06-04",
        "acceptedDate": "2012-06-04 17:00:09",
        "calendarYear": "2012",
        "period": "Q1",
        "revenue": 1541060000,
        "costOfRevenue": 1030689000,
        "grossProfit": 510371000,
        "grossProfitRatio": 0.331181784,
        "researchAndDevelopmentExpenses": 0,
        "generalAndAdministrativeExpenses": 0,
        "sellingAndMarketingExpenses": 182033000,
        "sellingGeneralAndAdministrativeExpenses": 182033000,
        "otherExpenses": 0,
        "operatingExpenses": 182033000,
        "costAndExpenses": 1030689000,
        "interestIncome": 0,
        "interestExpense": 18456000,
        "depreciationAndAmortization": 53565000,
        "ebitda": 383974000,
        "ebitdaratio": 0.2491622649,
        "operatingIncome": 330409000,
        "operatingIncomeRatio": 0.2144037221,
        "totalOtherIncomeExpensesNet": -14092000,
        "incomeBeforeTax": 316317000,
        "incomeBeforeTaxRatio": 0.2052593669,
        "incomeTaxExpense": 98365000,
        "netIncome": 217952000,
        "netIncomeRatio": 0.1414299249,
        "eps": 2.06,
        "epsdiluted": 2.04,
        "weightedAverageShsOut": 105678000,
        "weightedAverageShsOutDil": 106868000,
        "link": "https://www.sec.gov/Archives/edgar/data/801898/000119312512258788/0001193125-12-258788-index.htm",
        "finalLink": "https://www.sec.gov/Archives/edgar/data/801898/000119312512258788/d339837d10q.htm"
    },
    {
        "date": "2012-01-27",
        "symbol": "JOY",
        "reportedCurrency": "USD",
        "cik": "0000801898",
        "fillingDate": "2012-03-02",
        "acceptedDate": "2012-03-02 12:33:38",
        "calendarYear": "2011",
        "period": "Q4",
        "revenue": 1136201000,
        "costOfRevenue": 772776000,
        "grossProfit": 363425000,
        "grossProfitRatio": 0.3198597783,
        "researchAndDevelopmentExpenses": 0,
        "generalAndAdministrativeExpenses": 0,
        "sellingAndMarketingExpenses": 171356000,
        "sellingGeneralAndAdministrativeExpenses": 171356000,
        "otherExpenses": 0,
        "operatingExpenses": 171356000,
        "costAndExpenses": 772776000,
        "interestIncome": 0,
        "interestExpense": 17270000,
        "depreciationAndAmortization": 26779000,
        "ebitda": 241551000,
        "ebitdaratio": 0.2125953066,
        "operatingIncome": 214772000,
        "operatingIncomeRatio": 0.1890264135,
        "totalOtherIncomeExpensesNet": -17103000,
        "incomeBeforeTax": 197669000,
        "incomeBeforeTaxRatio": 0.1739736191,
        "incomeTaxExpense": 55150000,
        "netIncome": 142519000,
        "netIncomeRatio": 0.1254346722,
        "eps": 1.35,
        "epsdiluted": 1.34,
        "weightedAverageShsOut": 105405000,
        "weightedAverageShsOutDil": 106752000,
        "link": "https://www.sec.gov/Archives/edgar/data/801898/000119312512093839/0001193125-12-093839-index.html",
        "finalLink": "https://www.sec.gov/Archives/edgar/data/801898/000119312512093839/d283383d10q.htm"
    },
    {
        "date": "2011-10-28",
        "symbol": "JOY",
        "reportedCurrency": "USD",
        "cik": "0000801898",
        "fillingDate": "2011-12-22",
        "acceptedDate": "2011-12-22 14:34:44",
        "calendarYear": "2011",
        "period": "Q3",
        "revenue": 1335293000,
        "costOfRevenue": 883990000,
        "grossProfit": 451303000,
        "grossProfitRatio": 0.3379805032,
        "researchAndDevelopmentExpenses": 40400000,
        "generalAndAdministrativeExpenses": 0,
        "sellingAndMarketingExpenses": -438985000,
        "sellingGeneralAndAdministrativeExpenses": -438985000,
        "otherExpenses": 0,
        "operatingExpenses": 40400000,
        "costAndExpenses": 924390000,
        "interestIncome": 0,
        "interestExpense": 12985000,
        "depreciationAndAmortization": 28441000,
        "ebitda": 304396000,
        "ebitdaratio": 0.2279619529,
        "operatingIncome": 275955000,
        "operatingIncomeRatio": 0.2066625078,
        "totalOtherIncomeExpensesNet": 9661000,
        "incomeBeforeTax": 285616000,
        "incomeBeforeTaxRatio": 0.213897624,
        "incomeTaxExpense": 90623000,
        "netIncome": 194993000,
        "netIncomeRatio": 0.1460301222,
        "eps": 1.86,
        "epsdiluted": 1.83,
        "weightedAverageShsOut": 104916000,
        "weightedAverageShsOutDil": 106537000,
        "link": "https://www.sec.gov/Archives/edgar/data/801898/000114036111058698/0001140361-11-058698-index.html",
        "finalLink": "https://www.sec.gov/Archives/edgar/data/801898/000114036111058698/form10k.htm"
    },
    {
        "date": "2011-07-29",
        "symbol": "JOY",
        "reportedCurrency": "USD",
        "cik": "0000801898",
        "fillingDate": "2011-09-07",
        "acceptedDate": "2011-09-07 12:30:00",
        "calendarYear": "2011",
        "period": "Q2",
        "revenue": 1136352000,
        "costOfRevenue": 739626000,
        "grossProfit": 396726000,
        "grossProfitRatio": 0.349122455,
        "researchAndDevelopmentExpenses": 0,
        "generalAndAdministrativeExpenses": 0,
        "sellingAndMarketingExpenses": 165325000,
        "sellingGeneralAndAdministrativeExpenses": 165325000,
        "otherExpenses": 0,
        "operatingExpenses": 165325000,
        "costAndExpenses": 739626000,
        "interestIncome": 0,
        "interestExpense": 9469000,
        "depreciationAndAmortization": 19021000,
        "ebitda": 259750000,
        "ebitdaratio": 0.2285823407,
        "operatingIncome": 240729000,
        "operatingIncomeRatio": 0.2118436893,
        "totalOtherIncomeExpensesNet": -10769000,
        "incomeBeforeTax": 229960000,
        "incomeBeforeTaxRatio": 0.2023668722,
        "incomeTaxExpense": 58155000,
        "netIncome": 171805000,
        "netIncomeRatio": 0.1511899482,
        "eps": 1.64,
        "epsdiluted": 1.61,
        "weightedAverageShsOut": 104803000,
        "weightedAverageShsOutDil": 106475000,
        "link": "https://www.sec.gov/Archives/edgar/data/801898/000114036111044902/0001140361-11-044902-index.html",
        "finalLink": "https://www.sec.gov/Archives/edgar/data/801898/000114036111044902/form10q.htm"
    },
    {
        "date": "2011-04-29",
        "symbol": "JOY",
        "reportedCurrency": "USD",
        "cik": "0000801898",
        "fillingDate": "2011-06-06",
        "acceptedDate": "2011-06-06 14:26:02",
        "calendarYear": "2011",
        "period": "Q1",
        "revenue": 1932261000,
        "costOfRevenue": 1273989000,
        "grossProfit": 658272000,
        "grossProfitRatio": 0.3406744741,
        "researchAndDevelopmentExpenses": 0,
        "generalAndAdministrativeExpenses": 0,
        "sellingAndMarketingExpenses": 141530000,
        "sellingGeneralAndAdministrativeExpenses": 141530000,
        "otherExpenses": 0,
        "operatingExpenses": 141530000,
        "costAndExpenses": 1273989000,
        "interestIncome": 0,
        "interestExpense": 15726000,
        "depreciationAndAmortization": 31648000,
        "ebitda": 427631000,
        "ebitdaratio": 0.2213111997,
        "operatingIncome": 395983000,
        "operatingIncomeRatio": 0.20493246,
        "totalOtherIncomeExpensesNet": -15726000,
        "incomeBeforeTax": 380257000,
        "incomeBeforeTaxRatio": 0.1967938079,
        "incomeTaxExpense": 116053000,
        "netIncome": 264204000,
        "netIncomeRatio": 0.1367330811,
        "eps": 2.53,
        "epsdiluted": 2.48,
        "weightedAverageShsOut": 104603000,
        "weightedAverageShsOutDil": 106345000,
        "link": "https://www.sec.gov/Archives/edgar/data/801898/000114036111031438/0001140361-11-031438-index.html",
        "finalLink": "https://www.sec.gov/Archives/edgar/data/801898/000114036111031438/form10q.htm"
    },
    {
        "date": "2011-01-28",
        "symbol": "JOY",
        "reportedCurrency": "USD",
        "cik": "0000801898",
        "fillingDate": "2011-03-04",
        "acceptedDate": "2011-03-04 16:01:35",
        "calendarYear": "2010",
        "period": "Q4",
        "revenue": 869532000,
        "costOfRevenue": 584131000,
        "grossProfit": 285401000,
        "grossProfitRatio": 0.3282236881,
        "researchAndDevelopmentExpenses": 0,
        "generalAndAdministrativeExpenses": 0,
        "sellingAndMarketingExpenses": 132130000,
        "sellingGeneralAndAdministrativeExpenses": 132130000,
        "otherExpenses": 0,
        "operatingExpenses": 132130000,
        "costAndExpenses": 716261000,
        "interestIncome": 0,
        "interestExpense": 7831000,
        "depreciationAndAmortization": 15862000,
        "ebitda": 173070000,
        "ebitdaratio": 0.1990381033,
        "operatingIncome": 157208000,
        "operatingIncomeRatio": 0.1807961064,
        "totalOtherIncomeExpensesNet": -7831000,
        "incomeBeforeTax": 149377000,
        "incomeBeforeTaxRatio": 0.1717901124,
        "incomeTaxExpense": 47145000,
        "netIncome": 102232000,
        "netIncomeRatio": 0.1175712912,
        "eps": 0.98,
        "epsdiluted": 0.96,
        "weightedAverageShsOut": 104158000,
        "weightedAverageShsOutDil": 106043000,
        "link": "https://www.sec.gov/Archives/edgar/data/801898/000114036111014348/0001140361-11-014348-index.html",
        "finalLink": "https://www.sec.gov/Archives/edgar/data/801898/000114036111014348/form10q.htm"
    },
    {
        "date": "2010-10-29",
        "symbol": "JOY",
        "reportedCurrency": "USD",
        "cik": "0000801898",
        "fillingDate": "2010-12-20",
        "acceptedDate": "2010-12-20 13:38:47",
        "calendarYear": "2010",
        "period": "Q3",
        "revenue": 1048888000,
        "costOfRevenue": 697281000,
        "grossProfit": 351607000,
        "grossProfitRatio": 0.3352188222,
        "researchAndDevelopmentExpenses": 0,
        "generalAndAdministrativeExpenses": 0,
        "sellingAndMarketingExpenses": 126089000,
        "sellingGeneralAndAdministrativeExpenses": 126089000,
        "otherExpenses": 0,
        "operatingExpenses": 126089000,
        "costAndExpenses": 823370000,
        "interestIncome": 0,
        "interestExpense": 7827000,
        "depreciationAndAmortization": 14879000,
        "ebitda": 244809000,
        "ebitdaratio": 0.2333986088,
        "operatingIncome": 229930000,
        "operatingIncomeRatio": 0.2192131095,
        "totalOtherIncomeExpensesNet": -7827000,
        "incomeBeforeTax": 222103000,
        "incomeBeforeTaxRatio": 0.211750921,
        "incomeTaxExpense": 75765000,
        "netIncome": 146338000,
        "netIncomeRatio": 0.1395172793,
        "eps": 1.42,
        "epsdiluted": 1.39,
        "weightedAverageShsOut": 103196000,
        "weightedAverageShsOutDil": 104905000,
        "link": "https://www.sec.gov/Archives/edgar/data/801898/000114036110050434/0001140361-10-050434-index.html",
        "finalLink": "https://www.sec.gov/Archives/edgar/data/801898/000114036110050434/form10-k.htm"
    },
    {
        "date": "2010-07-30",
        "symbol": "JOY",
        "reportedCurrency": "USD",
        "cik": "0000801898",
        "fillingDate": "2010-09-03",
        "acceptedDate": "2010-09-03 12:19:24",
        "calendarYear": "2010",
        "period": "Q2",
        "revenue": 850002000,
        "costOfRevenue": 560217000,
        "grossProfit": 289785000,
        "grossProfitRatio": 0.3409227272,
        "researchAndDevelopmentExpenses": 0,
        "generalAndAdministrativeExpenses": 0,
        "sellingAndMarketingExpenses": 118262000,
        "sellingGeneralAndAdministrativeExpenses": 118262000,
        "otherExpenses": 0,
        "operatingExpenses": 118262000,
        "costAndExpenses": 678479000,
        "interestIncome": 0,
        "interestExpense": 7447000,
        "depreciationAndAmortization": 15541000,
        "ebitda": 191330000,
        "ebitdaratio": 0.225093588,
        "operatingIncome": 175789000,
        "operatingIncomeRatio": 0.2068101016,
        "totalOtherIncomeExpensesNet": -7447000,
        "incomeBeforeTax": 168342000,
        "incomeBeforeTaxRatio": 0.1980489458,
        "incomeTaxExpense": 49839000,
        "netIncome": 118503000,
        "netIncomeRatio": 0.1394149661,
        "eps": 1.15,
        "epsdiluted": 1.13,
        "weightedAverageShsOut": 103084000,
        "weightedAverageShsOutDil": 104732000,
        "link": "https://www.sec.gov/Archives/edgar/data/801898/000114036110036159/0001140361-10-036159-index.html",
        "finalLink": "https://www.sec.gov/Archives/edgar/data/801898/000114036110036159/form10q.htm"
    },
    {
        "date": "2010-04-30",
        "symbol": "JOY",
        "reportedCurrency": "USD",
        "cik": "0000801898",
        "fillingDate": "2010-06-08",
        "acceptedDate": "2010-06-08 13:53:46",
        "calendarYear": "2010",
        "period": "Q1",
        "revenue": 896224000,
        "costOfRevenue": 590772000,
        "grossProfit": 305452000,
        "grossProfitRatio": 0.3408210447,
        "researchAndDevelopmentExpenses": 0,
        "generalAndAdministrativeExpenses": 0,
        "sellingAndMarketingExpenses": 236285000,
        "sellingGeneralAndAdministrativeExpenses": 236285000,
        "otherExpenses": 0,
        "operatingExpenses": 236285000,
        "costAndExpenses": 827057000,
        "interestIncome": 0,
        "interestExpense": 0,
        "depreciationAndAmortization": 15455000,
        "ebitda": 264514000,
        "ebitdaratio": 0.2951427322,
        "operatingIncome": 249059000,
        "operatingIncomeRatio": 0.2778981594,
        "totalOtherIncomeExpensesNet": -73394000,
        "incomeBeforeTax": 175665000,
        "incomeBeforeTaxRatio": 0.1960056861,
        "incomeTaxExpense": 128618000,
        "netIncome": 47047000,
        "netIncomeRatio": 0.0524946888,
        "eps": 0.46,
        "epsdiluted": 0.45,
        "weightedAverageShsOut": 102759000,
        "weightedAverageShsOutDil": 104383000,
        "link": "https://www.sec.gov/Archives/edgar/data/801898/000095012310056553/0000950123-10-056553-index.html",
        "finalLink": "https://www.sec.gov/Archives/edgar/data/801898/000095012310056553/c58293e10vq.htm"
    },
    {
        "date": "2009-12-21",
        "symbol": "JOY",
        "reportedCurrency": "USD",
        "cik": "0000801898",
        "fillingDate": "2009-12-22",
        "acceptedDate": "2009-12-22 11:17:34",
        "calendarYear": "2009",
        "period": "Q4",
        "revenue": 963528000,
        "costOfRevenue": 651547000,
        "grossProfit": 311981000,
        "grossProfitRatio": 0.3237902791,
        "researchAndDevelopmentExpenses": 0,
        "generalAndAdministrativeExpenses": 0,
        "sellingAndMarketingExpenses": 0,
        "sellingGeneralAndAdministrativeExpenses": 127879000,
        "otherExpenses": 0,
        "operatingExpenses": 127879000,
        "costAndExpenses": 651547000,
        "interestIncome": 0,
        "interestExpense": 7826000,
        "depreciationAndAmortization": 17353000,
        "ebitda": 88864000,
        "ebitdaratio": 0.0922277298,
        "operatingIncome": 71511000,
        "operatingIncomeRatio": 0.0742178743,
        "totalOtherIncomeExpensesNet": 112854000,
        "incomeBeforeTax": 184365000,
        "incomeBeforeTaxRatio": 0.191343687,
        "incomeTaxExpense": -60340000,
        "netIncome": 244705000,
        "netIncomeRatio": 0.2539677103,
        "eps": 2.39,
        "epsdiluted": 2.37,
        "weightedAverageShsOut": 102450000,
        "weightedAverageShsOutDil": 103104000,
        "link": "https://www.sec.gov/Archives/edgar/data/801898/000080189809000167/0000801898-09-000167-index.html",
        "finalLink": "https://www.sec.gov/Archives/edgar/data/801898/000080189809000167/tenk.htm"
    },
    {
        "date": "2009-05-01",
        "symbol": "JOY",
        "reportedCurrency": "USD",
        "cik": "0000801898",
        "fillingDate": "2009-09-09",
        "acceptedDate": "2009-09-09 14:42:33",
        "calendarYear": "2009",
        "period": "Q2",
        "revenue": 923500000,
        "costOfRevenue": 513791000,
        "grossProfit": 409709000,
        "grossProfitRatio": 0.443648078,
        "researchAndDevelopmentExpenses": 0,
        "generalAndAdministrativeExpenses": 0,
        "sellingAndMarketingExpenses": 0,
        "sellingGeneralAndAdministrativeExpenses": 221644000,
        "otherExpenses": 0,
        "operatingExpenses": 221644000,
        "costAndExpenses": 735435000,
        "interestIncome": 0,
        "interestExpense": 8149000,
        "depreciationAndAmortization": 13475000,
        "ebitda": 81440000,
        "ebitdaratio": 0.088186248,
        "operatingIncome": 67965000,
        "operatingIncomeRatio": 0.0735950189,
        "totalOtherIncomeExpensesNet": 113301000,
        "incomeBeforeTax": 181266000,
        "incomeBeforeTaxRatio": 0.1962815376,
        "incomeTaxExpense": -60725000,
        "netIncome": 241991000,
        "netIncomeRatio": 0.2620368165,
        "eps": 2.36,
        "epsdiluted": 2.35,
        "weightedAverageShsOut": 102424000,
        "weightedAverageShsOutDil": 102913000,
        "link": "https://www.sec.gov/Archives/edgar/data/801898/000080189809000131/0000801898-09-000131-index.html",
        "finalLink": "https://www.sec.gov/Archives/edgar/data/801898/000080189809000131/finalthirdq.htm"
    },
    {
        "date": "2009-01-30",
        "symbol": "JOY",
        "reportedCurrency": "USD",
        "cik": "0000801898",
        "fillingDate": "2009-03-09",
        "acceptedDate": "2009-03-09 16:36:55",
        "calendarYear": "2008",
        "period": "Q4",
        "revenue": 754896000,
        "costOfRevenue": 513791000,
        "grossProfit": 241105000,
        "grossProfitRatio": 0.3193883661,
        "researchAndDevelopmentExpenses": 0,
        "generalAndAdministrativeExpenses": 0,
        "sellingAndMarketingExpenses": 0,
        "sellingGeneralAndAdministrativeExpenses": 105865000,
        "otherExpenses": 0,
        "operatingExpenses": 105865000,
        "costAndExpenses": 513791000,
        "interestIncome": 0,
        "interestExpense": 8641000,
        "depreciationAndAmortization": 14510000,
        "ebitda": 66641000,
        "ebitdaratio": 0.0882783854,
        "operatingIncome": 52131000,
        "operatingIncomeRatio": 0.0690571946,
        "totalOtherIncomeExpensesNet": 75859000,
        "incomeBeforeTax": 127990000,
        "incomeBeforeTaxRatio": 0.1695465336,
        "incomeTaxExpense": -42250000,
        "netIncome": 170240000,
        "netIncomeRatio": 0.225514508,
        "eps": 1.66,
        "epsdiluted": 1.65,
        "weightedAverageShsOut": 102454000,
        "weightedAverageShsOutDil": 102949000,
        "link": "https://www.sec.gov/Archives/edgar/data/801898/000080189809000052/0000801898-09-000052-index.html",
        "finalLink": "https://www.sec.gov/Archives/edgar/data/801898/000080189809000052/finaltenq.htm"
    },
    {
        "date": "2008-08-01",
        "symbol": "JOY",
        "reportedCurrency": "USD",
        "cik": "0000801898",
        "fillingDate": "2008-12-19",
        "acceptedDate": "2008-12-19 16:53:05",
        "calendarYear": "2008",
        "period": "Q3",
        "revenue": 2387230000,
        "costOfRevenue": 657798000,
        "grossProfit": 1729432000,
        "grossProfitRatio": 0.7244513516,
        "researchAndDevelopmentExpenses": 0,
        "generalAndAdministrativeExpenses": 0,
        "sellingAndMarketingExpenses": 0,
        "sellingGeneralAndAdministrativeExpenses": 1595813000,
        "otherExpenses": 0,
        "operatingExpenses": 1595813000,
        "costAndExpenses": 657798000,
        "interestIncome": 0,
        "interestExpense": 8581000,
        "depreciationAndAmortization": 19353000,
        "ebitda": 125489000,
        "ebitdaratio": 0.0525667824,
        "operatingIncome": 106136000,
        "operatingIncomeRatio": 0.044459897,
        "totalOtherIncomeExpensesNet": 22467000,
        "incomeBeforeTax": 128603000,
        "incomeBeforeTaxRatio": 0.0538712231,
        "incomeTaxExpense": -15524000,
        "netIncome": 144127000,
        "netIncomeRatio": 0.0603741575,
        "eps": 1.33,
        "epsdiluted": 1.32,
        "weightedAverageShsOut": 108193000,
        "weightedAverageShsOutDil": 109230000,
        "link": "https://www.sec.gov/Archives/edgar/data/801898/000080189808000250/0000801898-08-000250-index.html",
        "finalLink": "https://www.sec.gov/Archives/edgar/data/801898/000080189808000250/tenk.htm"
    },
    {
        "date": "2008-05-02",
        "symbol": "JOY",
        "reportedCurrency": "USD",
        "cik": "0000801898",
        "fillingDate": "2008-05-30",
        "acceptedDate": "2008-05-30 17:27:06",
        "calendarYear": "2008",
        "period": "Q2",
        "revenue": 1000,
        "costOfRevenue": 1049337000,
        "grossProfit": -1049336000,
        "grossProfitRatio": -1049336,
        "researchAndDevelopmentExpenses": 0,
        "generalAndAdministrativeExpenses": 0,
        "sellingAndMarketingExpenses": 0,
        "sellingGeneralAndAdministrativeExpenses": -1274762000,
        "otherExpenses": 0,
        "operatingExpenses": -1274762000,
        "costAndExpenses": 1049337000,
        "interestIncome": 0,
        "interestExpense": 15449000,
        "depreciationAndAmortization": 23677000,
        "ebitda": 110860000,
        "ebitdaratio": 110860,
        "operatingIncome": 87183000,
        "operatingIncomeRatio": 87183,
        "totalOtherIncomeExpensesNet": 126262000,
        "incomeBeforeTax": 213445000,
        "incomeBeforeTaxRatio": 213445,
        "incomeTaxExpense": -71426000,
        "netIncome": 284871000,
        "netIncomeRatio": 284871,
        "eps": 2.64,
        "epsdiluted": 2.61,
        "weightedAverageShsOut": 108041000,
        "weightedAverageShsOutDil": 109121000,
        "link": "https://www.sec.gov/Archives/edgar/data/801898/000080189808000134/0000801898-08-000134-index.html",
        "finalLink": "https://www.sec.gov/Archives/edgar/data/801898/000080189808000134/tenq.htm"
    },
    {
        "date": "2008-02-01",
        "symbol": "JOY",
        "reportedCurrency": "USD",
        "cik": "0000801898",
        "fillingDate": "2008-03-07",
        "acceptedDate": "2008-03-07 17:17:50",
        "calendarYear": "2008",
        "period": "Q1",
        "revenue": 640329000,
        "costOfRevenue": 428430000,
        "grossProfit": 211899000,
        "grossProfitRatio": 0.3309220729,
        "researchAndDevelopmentExpenses": 0,
        "generalAndAdministrativeExpenses": 0,
        "sellingAndMarketingExpenses": 101536000,
        "sellingGeneralAndAdministrativeExpenses": 101536000,
        "otherExpenses": 0,
        "operatingExpenses": 101536000,
        "costAndExpenses": 529966000,
        "interestIncome": 0,
        "interestExpense": 6814000,
        "depreciationAndAmortization": 12222000,
        "ebitda": 54962000,
        "ebitdaratio": 0.085834001,
        "operatingIncome": 42740000,
        "operatingIncomeRatio": 0.0667469379,
        "totalOtherIncomeExpensesNet": 62297000,
        "incomeBeforeTax": 105037000,
        "incomeBeforeTaxRatio": 0.1640359878,
        "incomeTaxExpense": -35126000,
        "netIncome": 140163000,
        "netIncomeRatio": 0.2188921632,
        "eps": 1.3,
        "epsdiluted": 1.29,
        "weightedAverageShsOut": 107827000,
        "weightedAverageShsOutDil": 108975000,
        "link": "https://www.sec.gov/Archives/edgar/data/801898/000080189808000066/0000801898-08-000066-index.html",
        "finalLink": "https://www.sec.gov/Archives/edgar/data/801898/000080189808000066/tenq.htm"
    },
    {
        "date": "2007-10-26",
        "symbol": "JOY",
        "reportedCurrency": "USD",
        "cik": "0000801898",
        "fillingDate": "2007-12-21",
        "acceptedDate": "2007-12-21 10:09:20",
        "calendarYear": "2007",
        "period": "Q3",
        "revenue": 735909000,
        "costOfRevenue": 490149000,
        "grossProfit": 245760000,
        "grossProfitRatio": 0.333954334,
        "researchAndDevelopmentExpenses": 0,
        "generalAndAdministrativeExpenses": 0,
        "sellingAndMarketingExpenses": 0,
        "sellingGeneralAndAdministrativeExpenses": 98310000,
        "otherExpenses": 0,
        "operatingExpenses": 98310000,
        "costAndExpenses": 490149000,
        "interestIncome": 0,
        "interestExpense": 7462000,
        "depreciationAndAmortization": 11509000,
        "ebitda": 15185000,
        "ebitdaratio": 0.0206343447,
        "operatingIncome": 3676000,
        "operatingIncomeRatio": 0.0049951828,
        "totalOtherIncomeExpensesNet": 139388000,
        "incomeBeforeTax": 143064000,
        "incomeBeforeTaxRatio": 0.1944044712,
        "incomeTaxExpense": -73425000,
        "netIncome": 216489000,
        "netIncomeRatio": 0.2941790357,
        "eps": 1.96,
        "epsdiluted": 1.94,
        "weightedAverageShsOut": 110354000,
        "weightedAverageShsOutDil": 111630000,
        "link": "https://www.sec.gov/Archives/edgar/data/801898/000080189807000291/0000801898-07-000291-index.html",
        "finalLink": "https://www.sec.gov/Archives/edgar/data/801898/000080189807000291/tenk.htm"
    },
    {
        "date": "2007-07-27",
        "symbol": "JOY",
        "reportedCurrency": "USD",
        "cik": "0000801898",
        "fillingDate": "2007-08-30",
        "acceptedDate": "2007-08-30 17:04:38",
        "calendarYear": "2007",
        "period": "Q2",
        "revenue": 621785000,
        "costOfRevenue": 424896000,
        "grossProfit": 196889000,
        "grossProfitRatio": 0.3166512541,
        "researchAndDevelopmentExpenses": 0,
        "generalAndAdministrativeExpenses": 0,
        "sellingAndMarketingExpenses": 0,
        "sellingGeneralAndAdministrativeExpenses": 86623000,
        "otherExpenses": 0,
        "operatingExpenses": 86623000,
        "costAndExpenses": 424896000,
        "interestIncome": 0,
        "interestExpense": 8118000,
        "depreciationAndAmortization": 13068000,
        "ebitda": 63787000,
        "ebitdaratio": 0.102586907,
        "operatingIncome": 50719000,
        "operatingIncomeRatio": 0.0815699961,
        "totalOtherIncomeExpensesNet": 52482000,
        "incomeBeforeTax": 103201000,
        "incomeBeforeTaxRatio": 0.1659753773,
        "incomeTaxExpense": -30300000,
        "netIncome": 133501000,
        "netIncomeRatio": 0.2147060479,
        "eps": 1.2,
        "epsdiluted": 1.19,
        "weightedAverageShsOut": 111079000,
        "weightedAverageShsOutDil": 112410000,
        "link": "https://www.sec.gov/Archives/edgar/data/801898/000080189807000189/0000801898-07-000189-index.html",
        "finalLink": "https://www.sec.gov/Archives/edgar/data/801898/000080189807000189/tenqthirdq.htm"
    },
    {
        "date": "2007-04-27",
        "symbol": "JOY",
        "reportedCurrency": "USD",
        "cik": "0000801898",
        "fillingDate": "2007-05-31",
        "acceptedDate": "2007-05-31 17:05:51",
        "calendarYear": "2007",
        "period": "Q1",
        "revenue": 629162000,
        "costOfRevenue": 419990000,
        "grossProfit": 209172000,
        "grossProfitRatio": 0.3324612739,
        "researchAndDevelopmentExpenses": 0,
        "generalAndAdministrativeExpenses": 0,
        "sellingAndMarketingExpenses": -81850000,
        "sellingGeneralAndAdministrativeExpenses": -81850000,
        "otherExpenses": 0,
        "operatingExpenses": -81850000,
        "costAndExpenses": 338140000,
        "interestIncome": 0,
        "interestExpense": 9219000,
        "depreciationAndAmortization": 12015000,
        "ebitda": 62988000,
        "ebitdaratio": 0.1001141201,
        "operatingIncome": 50973000,
        "operatingIncomeRatio": 0.0810172897,
        "totalOtherIncomeExpensesNet": 62431000,
        "incomeBeforeTax": 113404000,
        "incomeBeforeTaxRatio": 0.1802461051,
        "incomeTaxExpense": -35825000,
        "netIncome": 149229000,
        "netIncomeRatio": 0.2371869248,
        "eps": 1.33,
        "epsdiluted": 1.32,
        "weightedAverageShsOut": 112049000,
        "weightedAverageShsOutDil": 113384000,
        "link": "https://www.sec.gov/Archives/edgar/data/801898/000080189807000115/0000801898-07-000115-index.html",
        "finalLink": "https://www.sec.gov/Archives/edgar/data/801898/000080189807000115/tenqsecondq.htm"
    },
    {
        "date": "2007-01-26",
        "symbol": "JOY",
        "reportedCurrency": "USD",
        "cik": "0000801898",
        "fillingDate": "2007-03-01",
        "acceptedDate": "2007-03-01 15:11:16",
        "calendarYear": "2006",
        "period": "Q4",
        "revenue": 560466000,
        "costOfRevenue": 385599000,
        "grossProfit": 174867000,
        "grossProfitRatio": 0.312002869,
        "researchAndDevelopmentExpenses": 0,
        "generalAndAdministrativeExpenses": 0,
        "sellingAndMarketingExpenses": 81850000,
        "sellingGeneralAndAdministrativeExpenses": 81850000,
        "otherExpenses": 0,
        "operatingExpenses": 81850000,
        "costAndExpenses": 467449000,
        "interestIncome": 0,
        "interestExpense": 7110000,
        "depreciationAndAmortization": 12214000,
        "ebitda": 49264000,
        "ebitdaratio": 0.0878982846,
        "operatingIncome": 37050000,
        "operatingIncomeRatio": 0.0661057049,
        "totalOtherIncomeExpensesNet": 52340000,
        "incomeBeforeTax": 89390000,
        "incomeBeforeTaxRatio": 0.1594922796,
        "incomeTaxExpense": -29725000,
        "netIncome": 119115000,
        "netIncomeRatio": 0.2125285031,
        "eps": 1.04,
        "epsdiluted": 1.03,
        "weightedAverageShsOut": 114679000,
        "weightedAverageShsOutDil": 116049000,
        "link": "https://www.sec.gov/Archives/edgar/data/801898/000080189807000049/0000801898-07-000049-index.htm",
        "finalLink": "https://www.sec.gov/Archives/edgar/data/801898/000080189807000049/tenqfirstquarter.htm"
    },
    {
        "date": "2006-10-28",
        "symbol": "JOY",
        "reportedCurrency": "USD",
        "cik": "0000801898",
        "fillingDate": "2006-12-21",
        "acceptedDate": "2006-12-21 08:56:08",
        "calendarYear": "2006",
        "period": "Q3",
        "revenue": 689311000,
        "costOfRevenue": 473406000,
        "grossProfit": 215905000,
        "grossProfitRatio": 0.3132185617,
        "researchAndDevelopmentExpenses": 0,
        "generalAndAdministrativeExpenses": 0,
        "sellingAndMarketingExpenses": 0,
        "sellingGeneralAndAdministrativeExpenses": 84070000,
        "otherExpenses": 0,
        "operatingExpenses": 84070000,
        "costAndExpenses": 473406000,
        "interestIncome": 0,
        "interestExpense": 8553000,
        "depreciationAndAmortization": 12471000,
        "ebitda": 61433000,
        "ebitdaratio": 0.0891223265,
        "operatingIncome": 48962000,
        "operatingIncomeRatio": 0.0710303477,
        "totalOtherIncomeExpensesNet": 81099000,
        "incomeBeforeTax": 130061000,
        "incomeBeforeTaxRatio": 0.1886826121,
        "incomeTaxExpense": -44826000,
        "netIncome": 174887000,
        "netIncomeRatio": 0.2537127654,
        "eps": 1.44,
        "epsdiluted": 1.42,
        "weightedAverageShsOut": 121682000,
        "weightedAverageShsOutDil": 123276000,
        "link": "https://www.sec.gov/Archives/edgar/data/801898/000080189806000237/0000801898-06-000237-index.htm",
        "finalLink": "https://www.sec.gov/Archives/edgar/data/801898/000080189806000237/tenk.htm"
    },
    {
        "date": "2006-07-29",
        "symbol": "JOY",
        "reportedCurrency": "USD",
        "cik": "0000801898",
        "fillingDate": "2006-09-05",
        "acceptedDate": "2006-09-01 17:50:28",
        "calendarYear": "2006",
        "period": "Q2",
        "revenue": 1152051000,
        "costOfRevenue": 797427000,
        "grossProfit": 354624000,
        "grossProfitRatio": 0.3078197059,
        "researchAndDevelopmentExpenses": 0,
        "generalAndAdministrativeExpenses": 0,
        "sellingAndMarketingExpenses": 0,
        "sellingGeneralAndAdministrativeExpenses": 154554000,
        "otherExpenses": 0,
        "operatingExpenses": 154554000,
        "costAndExpenses": 797427000,
        "interestIncome": 0,
        "interestExpense": -1579000,
        "depreciationAndAmortization": 9697000,
        "ebitda": 299752000,
        "ebitdaratio": 0.2601898701,
        "operatingIncome": 290055000,
        "operatingIncomeRatio": 0.251772708,
        "totalOtherIncomeExpensesNet": -86636000,
        "incomeBeforeTax": 203419000,
        "incomeBeforeTaxRatio": 0.1765711761,
        "incomeTaxExpense": 43325000,
        "netIncome": 160094000,
        "netIncomeRatio": 0.138964334,
        "eps": 1.31,
        "epsdiluted": 1.29,
        "weightedAverageShsOut": 122477000,
        "weightedAverageShsOutDil": 124133000,
        "link": "https://www.sec.gov/Archives/edgar/data/801898/000080189806000168/0000801898-06-000168-index.htm",
        "finalLink": "https://www.sec.gov/Archives/edgar/data/801898/000080189806000168/thirdquartertenq.htm"
    },
    {
        "date": "2006-04-29",
        "symbol": "JOY",
        "reportedCurrency": "USD",
        "cik": "0000801898",
        "fillingDate": "2006-05-30",
        "acceptedDate": "2006-05-26 17:44:23",
        "calendarYear": "2006",
        "period": "Q1",
        "revenue": 560348000,
        "costOfRevenue": 375758000,
        "grossProfit": 184590000,
        "grossProfitRatio": 0.3294202888,
        "researchAndDevelopmentExpenses": 0,
        "generalAndAdministrativeExpenses": 0,
        "sellingAndMarketingExpenses": 0,
        "sellingGeneralAndAdministrativeExpenses": 74098000,
        "otherExpenses": 0,
        "operatingExpenses": 74098000,
        "costAndExpenses": 375758000,
        "interestIncome": 0,
        "interestExpense": -1308000,
        "depreciationAndAmortization": 19088000,
        "ebitda": 66657000,
        "ebitdaratio": 0.1189564342,
        "operatingIncome": 47569000,
        "operatingIncomeRatio": 0.0848918886,
        "totalOtherIncomeExpensesNet": 69308000,
        "incomeBeforeTax": 116877000,
        "incomeBeforeTaxRatio": 0.2085793114,
        "incomeTaxExpense": -34000000,
        "netIncome": 150877000,
        "netIncomeRatio": 0.269255891,
        "eps": 1.22,
        "epsdiluted": 1.2,
        "weightedAverageShsOut": 123710000,
        "weightedAverageShsOutDil": 125426000,
        "link": "https://www.sec.gov/Archives/edgar/data/801898/000080189806000115/0000801898-06-000115-index.htm",
        "finalLink": "https://www.sec.gov/Archives/edgar/data/801898/000080189806000115/tenq2.htm"
    },
    {
        "date": "2006-01-28",
        "symbol": "JOY",
        "reportedCurrency": "USD",
        "cik": "0000801898",
        "fillingDate": "2006-03-03",
        "acceptedDate": "2006-03-03 16:59:10",
        "calendarYear": "2005",
        "period": "Q4",
        "revenue": 553341000,
        "costOfRevenue": 387599000,
        "grossProfit": 165742000,
        "grossProfitRatio": 0.2995295848,
        "researchAndDevelopmentExpenses": 0,
        "generalAndAdministrativeExpenses": 0,
        "sellingAndMarketingExpenses": 76320000,
        "sellingGeneralAndAdministrativeExpenses": 76320000,
        "otherExpenses": 0,
        "operatingExpenses": 76320000,
        "costAndExpenses": 463919000,
        "interestIncome": 0,
        "interestExpense": -1198000,
        "depreciationAndAmortization": 9566000,
        "ebitda": 34812000,
        "ebitdaratio": 0.0629123813,
        "operatingIncome": 25246000,
        "operatingIncomeRatio": 0.0456246691,
        "totalOtherIncomeExpensesNet": 66233000,
        "incomeBeforeTax": 91479000,
        "incomeBeforeTaxRatio": 0.1653212034,
        "incomeTaxExpense": -33300000,
        "netIncome": 124779000,
        "netIncomeRatio": 0.2255010925,
        "eps": 1.02,
        "epsdiluted": 1.01,
        "weightedAverageShsOut": 122354000,
        "weightedAverageShsOutDil": 124060000,
        "link": "https://www.sec.gov/Archives/edgar/data/801898/000080189806000061/0000801898-06-000061-index.htm",
        "finalLink": "https://www.sec.gov/Archives/edgar/data/801898/000080189806000061/tenqfirstquarter.htm"
    },
    {
        "date": "2005-10-29",
        "symbol": "JOY",
        "reportedCurrency": "USD",
        "cik": "0000801898",
        "fillingDate": "2005-12-23",
        "acceptedDate": "2005-12-22 18:27:50",
        "calendarYear": "2005",
        "period": "Q3",
        "revenue": 1404878000,
        "costOfRevenue": 990155000,
        "grossProfit": 414723000,
        "grossProfitRatio": 0.2952021457,
        "researchAndDevelopmentExpenses": 0,
        "generalAndAdministrativeExpenses": 0,
        "sellingAndMarketingExpenses": 0,
        "sellingGeneralAndAdministrativeExpenses": 221020000,
        "otherExpenses": 0,
        "operatingExpenses": 221020000,
        "costAndExpenses": 990155000,
        "interestIncome": 0,
        "interestExpense": 13574000,
        "depreciationAndAmortization": 10452000,
        "ebitda": 78311000,
        "ebitdaratio": 0.0557422068,
        "operatingIncome": 67859000,
        "operatingIncomeRatio": 0.0483024149,
        "totalOtherIncomeExpensesNet": 111262000,
        "incomeBeforeTax": 179121000,
        "incomeBeforeTaxRatio": 0.1274993273,
        "incomeTaxExpense": -62982000,
        "netIncome": 242103000,
        "netIncomeRatio": 0.1723302664,
        "eps": 2,
        "epsdiluted": 1.96,
        "weightedAverageShsOut": 121121000,
        "weightedAverageShsOutDil": 123443000,
        "link": "https://www.sec.gov/Archives/edgar/data/801898/000080189805000120/0000801898-05-000120-index.htm",
        "finalLink": "https://www.sec.gov/Archives/edgar/data/801898/000080189805000120/tenk.htm"
    },
    {
        "date": "2005-07-31",
        "symbol": "JOY",
        "reportedCurrency": "USD",
        "cik": "0000801898",
        "fillingDate": "2005-08-30",
        "acceptedDate": "2005-08-30 15:06:10",
        "calendarYear": "2005",
        "period": "Q2",
        "revenue": 522596000,
        "costOfRevenue": 375341000,
        "grossProfit": 147255000,
        "grossProfitRatio": 0.2817759799,
        "researchAndDevelopmentExpenses": 0,
        "generalAndAdministrativeExpenses": 0,
        "sellingAndMarketingExpenses": 0,
        "sellingGeneralAndAdministrativeExpenses": 74268000,
        "otherExpenses": 0,
        "operatingExpenses": 74268000,
        "costAndExpenses": 375341000,
        "interestIncome": 0,
        "interestExpense": 1617000,
        "depreciationAndAmortization": 31433000,
        "ebitda": 46282000,
        "ebitdaratio": 0.0885617188,
        "operatingIncome": 14849000,
        "operatingIncomeRatio": 0.0284139182,
        "totalOtherIncomeExpensesNet": 33483000,
        "incomeBeforeTax": 48332000,
        "incomeBeforeTaxRatio": 0.092484443,
        "incomeTaxExpense": -17550000,
        "netIncome": 65882000,
        "netIncomeRatio": 0.1260667896,
        "eps": 0.81,
        "epsdiluted": 0.8,
        "weightedAverageShsOut": 80929000,
        "weightedAverageShsOutDil": 82294000,
        "link": "https://www.sec.gov/Archives/edgar/data/801898/000080189805000098/0000801898-05-000098-index.htm",
        "finalLink": "https://www.sec.gov/Archives/edgar/data/801898/000080189805000098/tenq.htm"
    },
    {
        "date": "2005-04-30",
        "symbol": "JOY",
        "reportedCurrency": "USD",
        "cik": "0000801898",
        "fillingDate": "2005-06-03",
        "acceptedDate": "2005-06-03 16:43:39",
        "calendarYear": "2005",
        "period": "Q1",
        "revenue": 481925000,
        "costOfRevenue": 342734000,
        "grossProfit": 139191000,
        "grossProfitRatio": 0.2888229496,
        "researchAndDevelopmentExpenses": 0,
        "generalAndAdministrativeExpenses": 0,
        "sellingAndMarketingExpenses": 0,
        "sellingGeneralAndAdministrativeExpenses": 74280000,
        "otherExpenses": 0,
        "operatingExpenses": 74280000,
        "costAndExpenses": 342734000,
        "interestIncome": 0,
        "interestExpense": 3533000,
        "depreciationAndAmortization": 20468000,
        "ebitda": 40474000,
        "ebitdaratio": 0.0839840224,
        "operatingIncome": 20006000,
        "operatingIncomeRatio": 0.0415126835,
        "totalOtherIncomeExpensesNet": 41167000,
        "incomeBeforeTax": 61173000,
        "incomeBeforeTaxRatio": 0.126934689,
        "incomeTaxExpense": -22350000,
        "netIncome": 83523000,
        "netIncomeRatio": 0.1733111999,
        "eps": 1.04,
        "epsdiluted": 1.01,
        "weightedAverageShsOut": 80611000,
        "weightedAverageShsOutDil": 82304000,
        "link": "https://www.sec.gov/Archives/edgar/data/801898/000080189805000090/0000801898-05-000090-index.htm",
        "finalLink": "https://www.sec.gov/Archives/edgar/data/801898/000080189805000090/tenq.htm"
    },
    {
        "date": "2003-11-01",
        "symbol": "JOY",
        "reportedCurrency": "USD",
        "cik": "0000801898",
        "fillingDate": "2003-12-23",
        "acceptedDate": "2003-12-22 18:08:00",
        "calendarYear": "2003",
        "period": "Q4",
        "revenue": 377826000,
        "costOfRevenue": 285062000,
        "grossProfit": 92764000,
        "grossProfitRatio": 0.2455204247,
        "researchAndDevelopmentExpenses": 0,
        "generalAndAdministrativeExpenses": 0,
        "sellingAndMarketingExpenses": -175484000,
        "sellingGeneralAndAdministrativeExpenses": -175484000,
        "otherExpenses": 0,
        "operatingExpenses": -175484000,
        "costAndExpenses": 109578000,
        "interestIncome": 0,
        "interestExpense": 10136000,
        "depreciationAndAmortization": 52542000,
        "ebitda": 70958000,
        "ebitdaratio": 0.1878060271,
        "operatingIncome": 18416000,
        "operatingIncomeRatio": 0.0487420135,
        "totalOtherIncomeExpensesNet": -15186000,
        "incomeBeforeTax": 3230000,
        "incomeBeforeTaxRatio": 0.0085489088,
        "incomeTaxExpense": -6825000,
        "netIncome": 10055000,
        "netIncomeRatio": 0.0266127794,
        "eps": 0.2,
        "epsdiluted": 0.2,
        "weightedAverageShsOut": 50043000,
        "weightedAverageShsOutDil": 50043000,
        "link": "https://www.sec.gov/Archives/edgar/data/801898/000080189803000053/0000801898-03-000053-index.htm",
        "finalLink": "https://www.sec.gov/Archives/edgar/data/801898/000080189803000053/tenk.htm"
    },
    {
        "date": "2003-08-02",
        "symbol": "JOY",
        "reportedCurrency": "USD",
        "cik": "0000801898",
        "fillingDate": "2003-08-28",
        "acceptedDate": "2003-08-28 16:27:38",
        "calendarYear": "2003",
        "period": "Q3",
        "revenue": 300091000,
        "costOfRevenue": 224810000,
        "grossProfit": 75281000,
        "grossProfitRatio": 0.2508605723,
        "researchAndDevelopmentExpenses": 0,
        "generalAndAdministrativeExpenses": 0,
        "sellingAndMarketingExpenses": 59776000,
        "sellingGeneralAndAdministrativeExpenses": 59776000,
        "otherExpenses": 0,
        "operatingExpenses": 59776000,
        "costAndExpenses": 284586000,
        "interestIncome": 0,
        "interestExpense": 5390000,
        "depreciationAndAmortization": -7161000,
        "ebitda": 8706000,
        "ebitdaratio": 0.0290111999,
        "operatingIncome": 15867000,
        "operatingIncomeRatio": 0.0528739616,
        "totalOtherIncomeExpensesNet": -6101000,
        "incomeBeforeTax": 9766000,
        "incomeBeforeTaxRatio": 0.0325434618,
        "incomeTaxExpense": -3225000,
        "netIncome": 12991000,
        "netIncomeRatio": 0.043290202,
        "eps": 0.26,
        "epsdiluted": 0.26,
        "weightedAverageShsOut": 50229000,
        "weightedAverageShsOutDil": 50393000,
        "link": "https://www.sec.gov/Archives/edgar/data/801898/000080189803000036/0000801898-03-000036-index.htm",
        "finalLink": "https://www.sec.gov/Archives/edgar/data/801898/000080189803000036/thirdqtrtenq.htm"
    },
    {
        "date": "2003-05-03",
        "symbol": "JOY",
        "reportedCurrency": "USD",
        "cik": "0000801898",
        "fillingDate": "2003-06-02",
        "acceptedDate": "2003-06-02 17:17:30",
        "calendarYear": "2003",
        "period": "Q2",
        "revenue": 538049000,
        "costOfRevenue": 412992000,
        "grossProfit": 125057000,
        "grossProfitRatio": 0.2324267864,
        "researchAndDevelopmentExpenses": 0,
        "generalAndAdministrativeExpenses": 0,
        "sellingAndMarketingExpenses": 112168000,
        "sellingGeneralAndAdministrativeExpenses": 112168000,
        "otherExpenses": 0,
        "operatingExpenses": 112168000,
        "costAndExpenses": 525160000,
        "interestIncome": 0,
        "interestExpense": 5553000,
        "depreciationAndAmortization": -4914000,
        "ebitda": 6376000,
        "ebitdaratio": 0.0118502218,
        "operatingIncome": 11290000,
        "operatingIncomeRatio": 0.020983219,
        "totalOtherIncomeExpensesNet": -12088000,
        "incomeBeforeTax": -798000,
        "incomeBeforeTaxRatio": -0.0014831363,
        "incomeTaxExpense": -1574000,
        "netIncome": 776000,
        "netIncomeRatio": 0.0014422478,
        "eps": 0.0154,
        "epsdiluted": 0.0154,
        "weightedAverageShsOut": 50228000,
        "weightedAverageShsOutDil": 50228000,
        "link": "https://www.sec.gov/Archives/edgar/data/801898/000080189803000026/0000801898-03-000026-index.htm",
        "finalLink": "https://www.sec.gov/Archives/edgar/data/801898/000080189803000026/secondqtrtenq.htm"
    },
    {
        "date": "2003-02-01",
        "symbol": "JOY",
        "reportedCurrency": "USD",
        "cik": "0000801898",
        "fillingDate": "2003-02-28",
        "acceptedDate": "2003-02-28 16:15:32",
        "calendarYear": "2003",
        "period": "Q1",
        "revenue": 0,
        "costOfRevenue": 0,
        "grossProfit": 0,
        "grossProfitRatio": 0,
        "researchAndDevelopmentExpenses": 0,
        "generalAndAdministrativeExpenses": 0,
        "sellingAndMarketingExpenses": 3540000,
        "sellingGeneralAndAdministrativeExpenses": 3540000,
        "otherExpenses": 0,
        "operatingExpenses": 3540000,
        "costAndExpenses": 3540000,
        "interestIncome": 0,
        "interestExpense": 5952000,
        "depreciationAndAmortization": 6218000,
        "ebitda": 2699000,
        "ebitdaratio": 0,
        "operatingIncome": -3519000,
        "operatingIncomeRatio": 0,
        "totalOtherIncomeExpensesNet": 487000,
        "incomeBeforeTax": -3032000,
        "incomeBeforeTaxRatio": 0,
        "incomeTaxExpense": 2274000,
        "netIncome": -5306000,
        "netIncomeRatio": 0,
        "eps": -0.0871,
        "epsdiluted": -0.0871,
        "weightedAverageShsOut": 60907000,
        "weightedAverageShsOutDil": 60907000,
        "link": "https://www.sec.gov/Archives/edgar/data/801898/000080189803000022/0000801898-03-000022-index.htm",
        "finalLink": "https://www.sec.gov/Archives/edgar/data/801898/000080189803000022/firstqtrtenq.htm"
    }
]