[
    {
        "date": "2017-04-01",
        "symbol": "KATE",
        "reportedCurrency": "USD",
        "cik": "0000352363",
        "fillingDate": "2017-05-01",
        "acceptedDate": "2017-05-01 06:14:39",
        "calendarYear": "2017",
        "period": "Q1",
        "revenue": 271225000,
        "costOfRevenue": 99763000,
        "grossProfit": 171462000,
        "grossProfitRatio": 0.6321762374,
        "researchAndDevelopmentExpenses": 0,
        "generalAndAdministrativeExpenses": 164580000,
        "sellingAndMarketingExpenses": 0,
        "sellingGeneralAndAdministrativeExpenses": 164580000,
        "otherExpenses": 0,
        "operatingExpenses": 164580000,
        "costAndExpenses": 264343000,
        "interestIncome": 0,
        "interestExpense": 0,
        "depreciationAndAmortization": 12459000,
        "ebitda": 15568000,
        "ebitdaratio": 0.0573988386,
        "operatingIncome": 6882000,
        "operatingIncomeRatio": 0.0253737672,
        "totalOtherIncomeExpensesNet": -3938000,
        "incomeBeforeTax": 2944000,
        "incomeBeforeTaxRatio": 0.0108544566,
        "incomeTaxExpense": 1750000,
        "netIncome": 1359000,
        "netIncomeRatio": 0.0050106001,
        "eps": 0.0106,
        "epsdiluted": 0.0105,
        "weightedAverageShsOut": 128387000,
        "weightedAverageShsOutDil": 128954000,
        "link": "https://www.sec.gov/Archives/edgar/data/352363/000155837017003128/0001558370-17-003128-index.html",
        "finalLink": "https://www.sec.gov/Archives/edgar/data/352363/000155837017003128/kate-20170401x10q.htm"
    },
    {
        "date": "2016-12-31",
        "symbol": "KATE",
        "reportedCurrency": "USD",
        "cik": "0000352363",
        "fillingDate": "2017-02-23",
        "acceptedDate": "2017-02-23 09:40:15",
        "calendarYear": "2016",
        "period": "Q4",
        "revenue": 470837000,
        "costOfRevenue": 192032000,
        "grossProfit": 278805000,
        "grossProfitRatio": 0.592147601,
        "researchAndDevelopmentExpenses": 0,
        "generalAndAdministrativeExpenses": 184062000,
        "sellingAndMarketingExpenses": 0,
        "sellingGeneralAndAdministrativeExpenses": 184062000,
        "otherExpenses": 0,
        "operatingExpenses": 184062000,
        "costAndExpenses": 376094000,
        "interestIncome": 0,
        "interestExpense": 0,
        "depreciationAndAmortization": 12932000,
        "ebitda": 99586000,
        "ebitdaratio": 0.2115084414,
        "operatingIncome": 94743000,
        "operatingIncomeRatio": 0.2012225038,
        "totalOtherIncomeExpensesNet": -7056000,
        "incomeBeforeTax": 87687000,
        "incomeBeforeTaxRatio": 0.1862364258,
        "incomeTaxExpense": 1107000,
        "netIncome": 85547000,
        "netIncomeRatio": 0.1816913284,
        "eps": 0.67,
        "epsdiluted": 0.66,
        "weightedAverageShsOut": 128043000,
        "weightedAverageShsOutDil": 129164000,
        "link": "https://www.sec.gov/Archives/edgar/data/352363/000155837017000829/0001558370-17-000829-index.html",
        "finalLink": "https://www.sec.gov/Archives/edgar/data/352363/000155837017000829/kate-20161231x10k.htm"
    },
    {
        "date": "2016-10-01",
        "symbol": "KATE",
        "reportedCurrency": "USD",
        "cik": "0000352363",
        "fillingDate": "2016-11-02",
        "acceptedDate": "2016-11-02 10:22:10",
        "calendarYear": "2016",
        "period": "Q3",
        "revenue": 316528000,
        "costOfRevenue": 128600000,
        "grossProfit": 187928000,
        "grossProfitRatio": 0.5937168276,
        "researchAndDevelopmentExpenses": 0,
        "generalAndAdministrativeExpenses": 150826000,
        "sellingAndMarketingExpenses": 0,
        "sellingGeneralAndAdministrativeExpenses": 150826000,
        "otherExpenses": 0,
        "operatingExpenses": 150826000,
        "costAndExpenses": 279426000,
        "interestIncome": 0,
        "interestExpense": 0,
        "depreciationAndAmortization": 12496000,
        "ebitda": 42125000,
        "ebitdaratio": 0.1330845928,
        "operatingIncome": 37102000,
        "operatingIncomeRatio": 0.1172155386,
        "totalOtherIncomeExpensesNet": -7655000,
        "incomeBeforeTax": 29447000,
        "incomeBeforeTaxRatio": 0.0930312642,
        "incomeTaxExpense": 3000,
        "netIncome": 29626000,
        "netIncomeRatio": 0.093596775,
        "eps": 0.23,
        "epsdiluted": 0.23,
        "weightedAverageShsOut": 128011000,
        "weightedAverageShsOutDil": 129077000,
        "link": "https://www.sec.gov/Archives/edgar/data/352363/000155837016009026/0001558370-16-009026-index.html",
        "finalLink": "https://www.sec.gov/Archives/edgar/data/352363/000155837016009026/kate-20161001x10q.htm"
    },
    {
        "date": "2016-07-02",
        "symbol": "KATE",
        "reportedCurrency": "USD",
        "cik": "0000352363",
        "fillingDate": "2016-08-03",
        "acceptedDate": "2016-08-03 10:49:07",
        "calendarYear": "2016",
        "period": "Q2",
        "revenue": 319691000,
        "costOfRevenue": 128985000,
        "grossProfit": 190706000,
        "grossProfitRatio": 0.5965322765,
        "researchAndDevelopmentExpenses": 0,
        "generalAndAdministrativeExpenses": 156651000,
        "sellingAndMarketingExpenses": 0,
        "sellingGeneralAndAdministrativeExpenses": 156651000,
        "otherExpenses": 0,
        "operatingExpenses": 156651000,
        "costAndExpenses": 285636000,
        "interestIncome": 0,
        "interestExpense": 0,
        "depreciationAndAmortization": 12369000,
        "ebitda": 40608000,
        "ebitdaratio": 0.1270226563,
        "operatingIncome": 34055000,
        "operatingIncomeRatio": 0.106524738,
        "totalOtherIncomeExpensesNet": -8030000,
        "incomeBeforeTax": 26025000,
        "incomeBeforeTaxRatio": 0.0814067334,
        "incomeTaxExpense": 1466000,
        "netIncome": 26773000,
        "netIncomeRatio": 0.0837464927,
        "eps": 0.21,
        "epsdiluted": 0.21,
        "weightedAverageShsOut": 127966000,
        "weightedAverageShsOutDil": 128888000,
        "link": "https://www.sec.gov/Archives/edgar/data/352363/000155837016007188/0001558370-16-007188-index.htm",
        "finalLink": "https://www.sec.gov/Archives/edgar/data/352363/000155837016007188/kate-20160702x10q.htm"
    },
    {
        "date": "2016-04-02",
        "symbol": "KATE",
        "reportedCurrency": "USD",
        "cik": "0000352363",
        "fillingDate": "2016-05-04",
        "acceptedDate": "2016-05-04 09:52:10",
        "calendarYear": "2016",
        "period": "Q1",
        "revenue": 274422000,
        "costOfRevenue": 104941000,
        "grossProfit": 169481000,
        "grossProfitRatio": 0.6175926128,
        "researchAndDevelopmentExpenses": 0,
        "generalAndAdministrativeExpenses": 151768000,
        "sellingAndMarketingExpenses": 0,
        "sellingGeneralAndAdministrativeExpenses": 151768000,
        "otherExpenses": 0,
        "operatingExpenses": 151768000,
        "costAndExpenses": 256709000,
        "interestIncome": 0,
        "interestExpense": 0,
        "depreciationAndAmortization": 11539000,
        "ebitda": 24729000,
        "ebitdaratio": 0.0901130376,
        "operatingIncome": 17713000,
        "operatingIncomeRatio": 0.0645465743,
        "totalOtherIncomeExpensesNet": -5243000,
        "incomeBeforeTax": 12470000,
        "incomeBeforeTaxRatio": 0.0454409632,
        "incomeTaxExpense": 1554000,
        "netIncome": 11636000,
        "netIncomeRatio": 0.0424018482,
        "eps": 0.091,
        "epsdiluted": 0.0905,
        "weightedAverageShsOut": 127931000,
        "weightedAverageShsOutDil": 128636000,
        "link": "https://www.sec.gov/Archives/edgar/data/352363/000110465916117474/0001104659-16-117474-index.html",
        "finalLink": "https://www.sec.gov/Archives/edgar/data/352363/000110465916117474/a16-6541_110q.htm"
    },
    {
        "date": "2016-01-02",
        "symbol": "KATE",
        "reportedCurrency": "USD",
        "cik": "0000352363",
        "fillingDate": "2016-03-01",
        "acceptedDate": "2016-03-01 12:07:20",
        "calendarYear": "2015",
        "period": "Q4",
        "revenue": 428958000,
        "costOfRevenue": 170870000,
        "grossProfit": 258088000,
        "grossProfitRatio": 0.6016626336,
        "researchAndDevelopmentExpenses": 0,
        "generalAndAdministrativeExpenses": 184427000,
        "sellingAndMarketingExpenses": 0,
        "sellingGeneralAndAdministrativeExpenses": 184427000,
        "otherExpenses": 0,
        "operatingExpenses": 184427000,
        "costAndExpenses": 355297000,
        "interestIncome": 0,
        "interestExpense": 0,
        "depreciationAndAmortization": 13100000,
        "ebitda": 75188000,
        "ebitdaratio": 0.1752805636,
        "operatingIncome": 73661000,
        "operatingIncomeRatio": 0.1717207745,
        "totalOtherIncomeExpensesNet": -11529000,
        "incomeBeforeTax": 62132000,
        "incomeBeforeTaxRatio": 0.1448440174,
        "incomeTaxExpense": 624000,
        "netIncome": 61464000,
        "netIncomeRatio": 0.1432867553,
        "eps": 0.48,
        "epsdiluted": 0.48,
        "weightedAverageShsOut": 127634000,
        "weightedAverageShsOutDil": 128222000,
        "link": "https://www.sec.gov/Archives/edgar/data/352363/000104746916010621/0001047469-16-010621-index.html",
        "finalLink": "https://www.sec.gov/Archives/edgar/data/352363/000104746916010621/a2227505z10-k.htm"
    },
    {
        "date": "2015-10-03",
        "symbol": "KATE",
        "reportedCurrency": "USD",
        "cik": "0000352363",
        "fillingDate": "2015-11-05",
        "acceptedDate": "2015-11-05 11:01:50",
        "calendarYear": "2015",
        "period": "Q3",
        "revenue": 277328000,
        "costOfRevenue": 107514000,
        "grossProfit": 169814000,
        "grossProfitRatio": 0.6123218716,
        "researchAndDevelopmentExpenses": 0,
        "generalAndAdministrativeExpenses": 157497000,
        "sellingAndMarketingExpenses": 0,
        "sellingGeneralAndAdministrativeExpenses": 157497000,
        "otherExpenses": 0,
        "operatingExpenses": 157497000,
        "costAndExpenses": 265011000,
        "interestIncome": 0,
        "interestExpense": 0,
        "depreciationAndAmortization": 12597000,
        "ebitda": 15873000,
        "ebitdaratio": 0.0572354757,
        "operatingIncome": 12317000,
        "operatingIncomeRatio": 0.0444131137,
        "totalOtherIncomeExpensesNet": -6834000,
        "incomeBeforeTax": 5483000,
        "incomeBeforeTaxRatio": 0.0197708129,
        "incomeTaxExpense": 973000,
        "netIncome": 2303000,
        "netIncomeRatio": 0.0083042462,
        "eps": 0.018,
        "epsdiluted": 0.018,
        "weightedAverageShsOut": 127611000,
        "weightedAverageShsOutDil": 127611000,
        "link": "https://www.sec.gov/Archives/edgar/data/352363/000110465915076105/0001104659-15-076105-index.html",
        "finalLink": "https://www.sec.gov/Archives/edgar/data/352363/000110465915076105/a15-17891_110q.htm"
    },
    {
        "date": "2015-07-04",
        "symbol": "KATE",
        "reportedCurrency": "USD",
        "cik": "0000352363",
        "fillingDate": "2015-08-05",
        "acceptedDate": "2015-08-05 13:10:37",
        "calendarYear": "2015",
        "period": "Q2",
        "revenue": 281118000,
        "costOfRevenue": 109640000,
        "grossProfit": 171478000,
        "grossProfitRatio": 0.6099858422,
        "researchAndDevelopmentExpenses": 0,
        "generalAndAdministrativeExpenses": 153932000,
        "sellingAndMarketingExpenses": 0,
        "sellingGeneralAndAdministrativeExpenses": 153932000,
        "otherExpenses": 0,
        "operatingExpenses": 153932000,
        "costAndExpenses": 263572000,
        "interestIncome": 0,
        "interestExpense": 0,
        "depreciationAndAmortization": 11779000,
        "ebitda": 21450000,
        "ebitdaratio": 0.076302478,
        "operatingIncome": 17546000,
        "operatingIncomeRatio": 0.0624150713,
        "totalOtherIncomeExpensesNet": -7167000,
        "incomeBeforeTax": 10379000,
        "incomeBeforeTaxRatio": 0.0369204391,
        "incomeTaxExpense": 1130000,
        "netIncome": 8541000,
        "netIncomeRatio": 0.0303822594,
        "eps": 0.0669,
        "epsdiluted": 0.0669,
        "weightedAverageShsOut": 127576000,
        "weightedAverageShsOutDil": 127576000,
        "link": "https://www.sec.gov/Archives/edgar/data/352363/000110465915056342/0001104659-15-056342-index.html",
        "finalLink": "https://www.sec.gov/Archives/edgar/data/352363/000110465915056342/a15-11970_110q.htm"
    },
    {
        "date": "2015-04-04",
        "symbol": "KATE",
        "reportedCurrency": "USD",
        "cik": "0000352363",
        "fillingDate": "2015-05-07",
        "acceptedDate": "2015-05-07 12:50:34",
        "calendarYear": "2015",
        "period": "Q1",
        "revenue": 255316000,
        "costOfRevenue": 100589000,
        "grossProfit": 154727000,
        "grossProfitRatio": 0.6060215576,
        "researchAndDevelopmentExpenses": 0,
        "generalAndAdministrativeExpenses": 191853000,
        "sellingAndMarketingExpenses": 0,
        "sellingGeneralAndAdministrativeExpenses": 191853000,
        "otherExpenses": 0,
        "operatingExpenses": 191853000,
        "costAndExpenses": 292442000,
        "interestIncome": 0,
        "interestExpense": 0,
        "depreciationAndAmortization": 12461000,
        "ebitda": -39297000,
        "ebitdaratio": -0.1539151483,
        "operatingIncome": -53559000,
        "operatingIncomeRatio": -0.2097753372,
        "totalOtherIncomeExpensesNet": 1801000,
        "incomeBeforeTax": -51758000,
        "incomeBeforeTaxRatio": -0.2027213336,
        "incomeTaxExpense": 1801000,
        "netIncome": -53559000,
        "netIncomeRatio": -0.2097753372,
        "eps": -0.42,
        "epsdiluted": -0.42,
        "weightedAverageShsOut": 127489000,
        "weightedAverageShsOutDil": 127489000,
        "link": "https://www.sec.gov/Archives/edgar/data/352363/000110465915035423/0001104659-15-035423-index.html",
        "finalLink": "https://www.sec.gov/Archives/edgar/data/352363/000110465915035423/a15-7196_110q.htm"
    },
    {
        "date": "2015-01-03",
        "symbol": "KATE",
        "reportedCurrency": "USD",
        "cik": "0000352363",
        "fillingDate": "2015-03-03",
        "acceptedDate": "2015-03-03 17:16:38",
        "calendarYear": "2014",
        "period": "Q4",
        "revenue": 398574000,
        "costOfRevenue": 168350000,
        "grossProfit": 230224000,
        "grossProfitRatio": 0.5776192125,
        "researchAndDevelopmentExpenses": 0,
        "generalAndAdministrativeExpenses": 181767000,
        "sellingAndMarketingExpenses": 0,
        "sellingGeneralAndAdministrativeExpenses": 181767000,
        "otherExpenses": 0,
        "operatingExpenses": 181767000,
        "costAndExpenses": 350117000,
        "interestIncome": 0,
        "interestExpense": 0,
        "depreciationAndAmortization": 15198000,
        "ebitda": 57843000,
        "ebitdaratio": 0.1451248702,
        "operatingIncome": 46924000,
        "operatingIncomeRatio": 0.1177297064,
        "totalOtherIncomeExpensesNet": -4309000,
        "incomeBeforeTax": 42615000,
        "incomeBeforeTaxRatio": 0.106918665,
        "incomeTaxExpense": -83879000,
        "netIncome": 126524000,
        "netIncomeRatio": 0.3174416796,
        "eps": 1,
        "epsdiluted": 1,
        "weightedAverageShsOut": 126264000,
        "weightedAverageShsOutDil": 127019000,
        "link": "https://www.sec.gov/Archives/edgar/data/352363/000104746915001588/0001047469-15-001588-index.htm",
        "finalLink": "https://www.sec.gov/Archives/edgar/data/352363/000104746915001588/a2223327z10-k.htm"
    },
    {
        "date": "2014-10-04",
        "symbol": "KATE",
        "reportedCurrency": "USD",
        "cik": "0000352363",
        "fillingDate": "2014-11-06",
        "acceptedDate": "2014-11-06 14:17:10",
        "calendarYear": "2014",
        "period": "Q3",
        "revenue": 250417000,
        "costOfRevenue": 93103000,
        "grossProfit": 157314000,
        "grossProfitRatio": 0.6282081488,
        "researchAndDevelopmentExpenses": 0,
        "generalAndAdministrativeExpenses": 153767000,
        "sellingAndMarketingExpenses": 0,
        "sellingGeneralAndAdministrativeExpenses": 153767000,
        "otherExpenses": 0,
        "operatingExpenses": 153767000,
        "costAndExpenses": 246870000,
        "interestIncome": 0,
        "interestExpense": 0,
        "depreciationAndAmortization": 12818000,
        "ebitda": 618000,
        "ebitdaratio": 0.0024678836,
        "operatingIncome": 3547000,
        "operatingIncomeRatio": 0.0141643738,
        "totalOtherIncomeExpensesNet": -3994000,
        "incomeBeforeTax": -447000,
        "incomeBeforeTaxRatio": -0.0017850226,
        "incomeTaxExpense": -3070000,
        "netIncome": -9130000,
        "netIncomeRatio": -0.0364591861,
        "eps": -0.0725,
        "epsdiluted": -0.0725,
        "weightedAverageShsOut": 125972000,
        "weightedAverageShsOutDil": 125972000,
        "link": "https://www.sec.gov/Archives/edgar/data/352363/000110465914077591/0001104659-14-077591-index.html",
        "finalLink": "https://www.sec.gov/Archives/edgar/data/352363/000110465914077591/a14-19619_110q.htm"
    },
    {
        "date": "2014-07-05",
        "symbol": "KATE",
        "reportedCurrency": "USD",
        "cik": "0000352363",
        "fillingDate": "2014-08-12",
        "acceptedDate": "2014-08-12 14:40:49",
        "calendarYear": "2014",
        "period": "Q2",
        "revenue": 161521000,
        "costOfRevenue": 50255000,
        "grossProfit": 111266000,
        "grossProfitRatio": 0.6888639867,
        "researchAndDevelopmentExpenses": 0,
        "generalAndAdministrativeExpenses": 85183000,
        "sellingAndMarketingExpenses": 0,
        "sellingGeneralAndAdministrativeExpenses": 85183000,
        "otherExpenses": 0,
        "operatingExpenses": 85183000,
        "costAndExpenses": 135438000,
        "interestIncome": 0,
        "interestExpense": 0,
        "depreciationAndAmortization": 7344000,
        "ebitda": 3703000,
        "ebitdaratio": 0.0229258115,
        "operatingIncome": 26083000,
        "operatingIncomeRatio": 0.1614836461,
        "totalOtherIncomeExpensesNet": -23049000,
        "incomeBeforeTax": 3034000,
        "incomeBeforeTaxRatio": 0.0187839352,
        "incomeTaxExpense": 763000,
        "netIncome": -4404000,
        "netIncomeRatio": -0.0272658044,
        "eps": -0.0351,
        "epsdiluted": -0.0351,
        "weightedAverageShsOut": 125491000,
        "weightedAverageShsOutDil": 125491000,
        "link": "https://www.sec.gov/Archives/edgar/data/352363/000110465914059830/0001104659-14-059830-index.html",
        "finalLink": "https://www.sec.gov/Archives/edgar/data/352363/000110465914059830/a14-13858_110q.htm"
    },
    {
        "date": "2014-04-05",
        "symbol": "KATE",
        "reportedCurrency": "USD",
        "cik": "0000352363",
        "fillingDate": "2014-05-14",
        "acceptedDate": "2014-05-14 14:59:04",
        "calendarYear": "2014",
        "period": "Q1",
        "revenue": 328091000,
        "costOfRevenue": 146624000,
        "grossProfit": 181467000,
        "grossProfitRatio": 0.5530995974,
        "researchAndDevelopmentExpenses": 0,
        "generalAndAdministrativeExpenses": 224549000,
        "sellingAndMarketingExpenses": 0,
        "sellingGeneralAndAdministrativeExpenses": 224549000,
        "otherExpenses": 0,
        "operatingExpenses": 224549000,
        "costAndExpenses": 371173000,
        "interestIncome": 0,
        "interestExpense": 0,
        "depreciationAndAmortization": 19078000,
        "ebitda": 67055000,
        "ebitdaratio": 0.2043792728,
        "operatingIncome": -54662000,
        "operatingIncomeRatio": -0.166606216,
        "totalOtherIncomeExpensesNet": 102639000,
        "incomeBeforeTax": 47977000,
        "incomeBeforeTaxRatio": 0.1462307713,
        "incomeTaxExpense": 1807000,
        "netIncome": 46170000,
        "netIncomeRatio": 0.140723153,
        "eps": 0.37,
        "epsdiluted": 0.37,
        "weightedAverageShsOut": 125491000,
        "weightedAverageShsOutDil": 125491000,
        "link": "https://www.sec.gov/Archives/edgar/data/352363/000110465914038608/0001104659-14-038608-index.html",
        "finalLink": "https://www.sec.gov/Archives/edgar/data/352363/000110465914038608/a14-7983_110q.htm"
    },
    {
        "date": "2013-12-28",
        "symbol": "KATE",
        "reportedCurrency": "USD",
        "cik": "0000352363",
        "fillingDate": "2014-02-25",
        "acceptedDate": "2014-02-25 15:11:52",
        "calendarYear": "2013",
        "period": "Q4",
        "revenue": 80568000,
        "costOfRevenue": 17997000,
        "grossProfit": 62571000,
        "grossProfitRatio": 0.7766234733,
        "researchAndDevelopmentExpenses": 0,
        "generalAndAdministrativeExpenses": 64814000,
        "sellingAndMarketingExpenses": 0,
        "sellingGeneralAndAdministrativeExpenses": 64814000,
        "otherExpenses": 0,
        "operatingExpenses": 64814000,
        "costAndExpenses": 82811000,
        "interestIncome": 0,
        "interestExpense": 0,
        "depreciationAndAmortization": 7637000,
        "ebitda": 185912000,
        "ebitdaratio": 2.3075166319,
        "operatingIncome": 73000,
        "operatingIncomeRatio": 0.0009060669,
        "totalOtherIncomeExpensesNet": 175214000,
        "incomeBeforeTax": 175287000,
        "incomeBeforeTaxRatio": 2.1756404528,
        "incomeTaxExpense": -6897000,
        "netIncome": 185172000,
        "netIncomeRatio": 2.2983318439,
        "eps": 1.53,
        "epsdiluted": 1.48,
        "weightedAverageShsOut": 121057000,
        "weightedAverageShsOutDil": 124832000,
        "link": "https://www.sec.gov/Archives/edgar/data/352363/000104746914001306/0001047469-14-001306-index.htm",
        "finalLink": "https://www.sec.gov/Archives/edgar/data/352363/000104746914001306/a2218479z10-k.htm"
    },
    {
        "date": "2013-09-28",
        "symbol": "KATE",
        "reportedCurrency": "USD",
        "cik": "0000352363",
        "fillingDate": "2013-11-07",
        "acceptedDate": "2013-11-07 17:07:37",
        "calendarYear": "2013",
        "period": "Q3",
        "revenue": 430604000,
        "costOfRevenue": 187460000,
        "grossProfit": 243144000,
        "grossProfitRatio": 0.5646580153,
        "researchAndDevelopmentExpenses": 0,
        "generalAndAdministrativeExpenses": 242167000,
        "sellingAndMarketingExpenses": 0,
        "sellingGeneralAndAdministrativeExpenses": 242167000,
        "otherExpenses": 0,
        "operatingExpenses": 242167000,
        "costAndExpenses": 429627000,
        "interestIncome": 0,
        "interestExpense": 0,
        "depreciationAndAmortization": 17055000,
        "ebitda": 1442000,
        "ebitdaratio": 0.0033487845,
        "operatingIncome": -14901000,
        "operatingIncomeRatio": -0.0346048806,
        "totalOtherIncomeExpensesNet": 1253000,
        "incomeBeforeTax": -13648000,
        "incomeBeforeTaxRatio": -0.0316950144,
        "incomeTaxExpense": 1253000,
        "netIncome": -16866000,
        "netIncomeRatio": -0.0391682381,
        "eps": -0.14,
        "epsdiluted": -0.14,
        "weightedAverageShsOut": 120480000,
        "weightedAverageShsOutDil": 120480000,
        "link": "https://www.sec.gov/Archives/edgar/data/352363/000110465913082379/0001104659-13-082379-index.html",
        "finalLink": "https://www.sec.gov/Archives/edgar/data/352363/000110465913082379/a13-18882_110q.htm"
    },
    {
        "date": "2013-06-29",
        "symbol": "KATE",
        "reportedCurrency": "USD",
        "cik": "0000352363",
        "fillingDate": "2013-08-08",
        "acceptedDate": "2013-08-08 14:39:39",
        "calendarYear": "2013",
        "period": "Q2",
        "revenue": 381961000,
        "costOfRevenue": 166284000,
        "grossProfit": 215677000,
        "grossProfitRatio": 0.5646571247,
        "researchAndDevelopmentExpenses": 0,
        "generalAndAdministrativeExpenses": 231769000,
        "sellingAndMarketingExpenses": 0,
        "sellingGeneralAndAdministrativeExpenses": 231769000,
        "otherExpenses": 0,
        "operatingExpenses": 231769000,
        "costAndExpenses": 398053000,
        "interestIncome": 0,
        "interestExpense": 0,
        "depreciationAndAmortization": 17159000,
        "ebitda": -24377000,
        "ebitdaratio": -0.0638206518,
        "operatingIncome": -36392000,
        "operatingIncomeRatio": -0.0952767429,
        "totalOtherIncomeExpensesNet": 1601000,
        "incomeBeforeTax": -34791000,
        "incomeBeforeTaxRatio": -0.0910852155,
        "incomeTaxExpense": 1601000,
        "netIncome": -43137000,
        "netIncomeRatio": -0.1129356138,
        "eps": -0.36,
        "epsdiluted": -0.36,
        "weightedAverageShsOut": 119523000,
        "weightedAverageShsOutDil": 119523000,
        "link": "https://www.sec.gov/Archives/edgar/data/352363/000110465913061624/0001104659-13-061624-index.html",
        "finalLink": "https://www.sec.gov/Archives/edgar/data/352363/000110465913061624/a13-13612_110q.htm"
    },
    {
        "date": "2013-03-30",
        "symbol": "KATE",
        "reportedCurrency": "USD",
        "cik": "0000352363",
        "fillingDate": "2013-05-02",
        "acceptedDate": "2013-05-02 13:54:32",
        "calendarYear": "2013",
        "period": "Q1",
        "revenue": 371802000,
        "costOfRevenue": 167613000,
        "grossProfit": 204189000,
        "grossProfitRatio": 0.5491874708,
        "researchAndDevelopmentExpenses": 0,
        "generalAndAdministrativeExpenses": 227353000,
        "sellingAndMarketingExpenses": 0,
        "sellingGeneralAndAdministrativeExpenses": 227353000,
        "otherExpenses": 0,
        "operatingExpenses": 227353000,
        "costAndExpenses": 394966000,
        "interestIncome": 0,
        "interestExpense": 0,
        "depreciationAndAmortization": 18081000,
        "ebitda": -33085000,
        "ebitdaratio": -0.0889855353,
        "operatingIncome": -39488000,
        "operatingIncomeRatio": -0.1062070672,
        "totalOtherIncomeExpensesNet": 1008000,
        "incomeBeforeTax": -38480000,
        "incomeBeforeTaxRatio": -0.1034959468,
        "incomeTaxExpense": 1008000,
        "netIncome": -52174000,
        "netIncomeRatio": -0.1403273786,
        "eps": -0.44,
        "epsdiluted": -0.44,
        "weightedAverageShsOut": 119032000,
        "weightedAverageShsOutDil": 119032000,
        "link": "https://www.sec.gov/Archives/edgar/data/352363/000110465913036490/0001104659-13-036490-index.html",
        "finalLink": "https://www.sec.gov/Archives/edgar/data/352363/000110465913036490/a13-7624_110q.htm"
    },
    {
        "date": "2012-12-29",
        "symbol": "KATE",
        "reportedCurrency": "USD",
        "cik": "0000352363",
        "fillingDate": "2013-02-21",
        "acceptedDate": "2013-02-21 17:23:01",
        "calendarYear": "2012",
        "period": "Q4",
        "revenue": 486533000,
        "costOfRevenue": 216499000,
        "grossProfit": 270034000,
        "grossProfitRatio": 0.5550168231,
        "researchAndDevelopmentExpenses": 0,
        "generalAndAdministrativeExpenses": 233719000,
        "sellingAndMarketingExpenses": 0,
        "sellingGeneralAndAdministrativeExpenses": 233719000,
        "otherExpenses": 0,
        "operatingExpenses": 233719000,
        "costAndExpenses": 450218000,
        "interestIncome": 0,
        "interestExpense": 0,
        "depreciationAndAmortization": 19628000,
        "ebitda": 76665000,
        "ebitdaratio": 0.1575741008,
        "operatingIncome": 36315000,
        "operatingIncomeRatio": 0.0746403636,
        "totalOtherIncomeExpensesNet": 30886000,
        "incomeBeforeTax": 67201000,
        "incomeBeforeTaxRatio": 0.1381221829,
        "incomeTaxExpense": 3000,
        "netIncome": 57034000,
        "netIncomeRatio": 0.1172253475,
        "eps": 0.52,
        "epsdiluted": 0.52,
        "weightedAverageShsOut": 109292000,
        "weightedAverageShsOutDil": 109292000,
        "link": "https://www.sec.gov/Archives/edgar/data/352363/000104746913001406/0001047469-13-001406-index.html",
        "finalLink": "https://www.sec.gov/Archives/edgar/data/352363/000104746913001406/a2213068z10-k.htm"
    },
    {
        "date": "2012-09-29",
        "symbol": "KATE",
        "reportedCurrency": "USD",
        "cik": "0000352363",
        "fillingDate": "2012-10-25",
        "acceptedDate": "2012-10-25 16:41:57",
        "calendarYear": "2012",
        "period": "Q3",
        "revenue": 364556000,
        "costOfRevenue": 161439000,
        "grossProfit": 203117000,
        "grossProfitRatio": 0.5571626856,
        "researchAndDevelopmentExpenses": 0,
        "generalAndAdministrativeExpenses": 203398000,
        "sellingAndMarketingExpenses": 0,
        "sellingGeneralAndAdministrativeExpenses": 203398000,
        "otherExpenses": 0,
        "operatingExpenses": 203398000,
        "costAndExpenses": 364837000,
        "interestIncome": 0,
        "interestExpense": 0,
        "depreciationAndAmortization": 16098000,
        "ebitda": -880000,
        "ebitdaratio": -0.0024138953,
        "operatingIncome": -19393000,
        "operatingIncomeRatio": -0.0531962168,
        "totalOtherIncomeExpensesNet": 1823000,
        "incomeBeforeTax": -17570000,
        "incomeBeforeTaxRatio": -0.0481956133,
        "incomeTaxExpense": 1823000,
        "netIncome": -18801000,
        "netIncomeRatio": -0.0515723236,
        "eps": -0.17,
        "epsdiluted": -0.17,
        "weightedAverageShsOut": 107692000,
        "weightedAverageShsOutDil": 107692000,
        "link": "https://www.sec.gov/Archives/edgar/data/352363/000110465912071214/0001104659-12-071214-index.html",
        "finalLink": "https://www.sec.gov/Archives/edgar/data/352363/000110465912071214/a12-19880_110q.htm"
    },
    {
        "date": "2012-06-30",
        "symbol": "KATE",
        "reportedCurrency": "USD",
        "cik": "0000352363",
        "fillingDate": "2012-07-26",
        "acceptedDate": "2012-07-26 16:10:30",
        "calendarYear": "2012",
        "period": "Q2",
        "revenue": 336858000,
        "costOfRevenue": 146141000,
        "grossProfit": 190717000,
        "grossProfitRatio": 0.5661643779,
        "researchAndDevelopmentExpenses": 0,
        "generalAndAdministrativeExpenses": 228260000,
        "sellingAndMarketingExpenses": 0,
        "sellingGeneralAndAdministrativeExpenses": 228260000,
        "otherExpenses": 0,
        "operatingExpenses": 228260000,
        "costAndExpenses": 374401000,
        "interestIncome": 0,
        "interestExpense": 0,
        "depreciationAndAmortization": 18574000,
        "ebitda": -31730000,
        "ebitdaratio": -0.0941939927,
        "operatingIncome": -49551000,
        "operatingIncomeRatio": -0.1470975901,
        "totalOtherIncomeExpensesNet": 1794000,
        "incomeBeforeTax": -47757000,
        "incomeBeforeTaxRatio": -0.1417719039,
        "incomeTaxExpense": 1794000,
        "netIncome": -52098000,
        "netIncomeRatio": -0.1546586395,
        "eps": -0.5,
        "epsdiluted": -0.5,
        "weightedAverageShsOut": 104984000,
        "weightedAverageShsOutDil": 104984000,
        "link": "https://www.sec.gov/Archives/edgar/data/352363/000110465912051458/0001104659-12-051458-index.html",
        "finalLink": "https://www.sec.gov/Archives/edgar/data/352363/000110465912051458/a12-13575_110q.htm"
    },
    {
        "date": "2012-03-31",
        "symbol": "KATE",
        "reportedCurrency": "USD",
        "cik": "0000352363",
        "fillingDate": "2012-04-26",
        "acceptedDate": "2012-04-26 13:24:41",
        "calendarYear": "2012",
        "period": "Q1",
        "revenue": 317147000,
        "costOfRevenue": 138040000,
        "grossProfit": 179107000,
        "grossProfitRatio": 0.5647444245,
        "researchAndDevelopmentExpenses": 0,
        "generalAndAdministrativeExpenses": 212049000,
        "sellingAndMarketingExpenses": 0,
        "sellingGeneralAndAdministrativeExpenses": 212049000,
        "otherExpenses": 0,
        "operatingExpenses": 212049000,
        "costAndExpenses": 350089000,
        "interestIncome": 0,
        "interestExpense": 0,
        "depreciationAndAmortization": 20111000,
        "ebitda": -39264000,
        "ebitdaratio": -0.1238037881,
        "operatingIncome": -51730000,
        "operatingIncomeRatio": -0.1631104819,
        "totalOtherIncomeExpensesNet": 1265000,
        "incomeBeforeTax": -50465000,
        "incomeBeforeTaxRatio": -0.1591217953,
        "incomeTaxExpense": 1265000,
        "netIncome": -60640000,
        "netIncomeRatio": -0.1912047095,
        "eps": -0.6,
        "epsdiluted": -0.6,
        "weightedAverageShsOut": 101104000,
        "weightedAverageShsOutDil": 101104000,
        "link": "https://www.sec.gov/Archives/edgar/data/352363/000110465912028924/0001104659-12-028924-index.htm",
        "finalLink": "https://www.sec.gov/Archives/edgar/data/352363/000110465912028924/a12-8223_110q.htm"
    },
    {
        "date": "2011-12-31",
        "symbol": "KATE",
        "reportedCurrency": "USD",
        "cik": "0000352363",
        "fillingDate": "2012-02-29",
        "acceptedDate": "2012-02-29 14:15:06",
        "calendarYear": "2011",
        "period": "Q4",
        "revenue": 402850000,
        "costOfRevenue": 179995000,
        "grossProfit": 222855000,
        "grossProfitRatio": 0.5531959787,
        "researchAndDevelopmentExpenses": 0,
        "generalAndAdministrativeExpenses": 251113000,
        "sellingAndMarketingExpenses": 0,
        "sellingGeneralAndAdministrativeExpenses": 251113000,
        "otherExpenses": 0,
        "operatingExpenses": 251113000,
        "costAndExpenses": 431108000,
        "interestIncome": 0,
        "interestExpense": 0,
        "depreciationAndAmortization": 16869000,
        "ebitda": 235923000,
        "ebitdaratio": 0.5856348517,
        "operatingIncome": 252267000,
        "operatingIncomeRatio": 0.6262057838,
        "totalOtherIncomeExpensesNet": -10134000,
        "incomeBeforeTax": 242133000,
        "incomeBeforeTaxRatio": 0.6010500186,
        "incomeTaxExpense": -10134000,
        "netIncome": 229188000,
        "netIncomeRatio": 0.5689164702,
        "eps": 2.42,
        "epsdiluted": 1.9,
        "weightedAverageShsOut": 94664000,
        "weightedAverageShsOutDil": 120692000,
        "link": "https://www.sec.gov/Archives/edgar/data/352363/000104746912001877/0001047469-12-001877-index.html",
        "finalLink": "https://www.sec.gov/Archives/edgar/data/352363/000104746912001877/a2207550z10-k.htm"
    },
    {
        "date": "2011-10-01",
        "symbol": "KATE",
        "reportedCurrency": "USD",
        "cik": "0000352363",
        "fillingDate": "2011-11-09",
        "acceptedDate": "2011-11-09 17:18:10",
        "calendarYear": "2011",
        "period": "Q3",
        "revenue": 46798000,
        "costOfRevenue": 17633000,
        "grossProfit": 29165000,
        "grossProfitRatio": 0.6232103936,
        "researchAndDevelopmentExpenses": 0,
        "generalAndAdministrativeExpenses": -25145000,
        "sellingAndMarketingExpenses": 0,
        "sellingGeneralAndAdministrativeExpenses": -25145000,
        "otherExpenses": 0,
        "operatingExpenses": -25145000,
        "costAndExpenses": 633000,
        "interestIncome": 0,
        "interestExpense": 0,
        "depreciationAndAmortization": 4711000,
        "ebitda": -208233000,
        "ebitdaratio": -4.4496132313,
        "operatingIncome": 46165000,
        "operatingIncomeRatio": 0.9864737809,
        "totalOtherIncomeExpensesNet": 19676000,
        "incomeBeforeTax": 65841000,
        "incomeBeforeTaxRatio": 1.4069190991,
        "incomeTaxExpense": 1690000,
        "netIncome": -214634000,
        "netIncomeRatio": -4.5863925809,
        "eps": -2.27,
        "epsdiluted": -2.27,
        "weightedAverageShsOut": 94443000,
        "weightedAverageShsOutDil": 94443000,
        "link": "https://www.sec.gov/Archives/edgar/data/352363/000110465911062768/0001104659-11-062768-index.html",
        "finalLink": "https://www.sec.gov/Archives/edgar/data/352363/000110465911062768/a11-25573_110q.htm"
    },
    {
        "date": "2011-07-02",
        "symbol": "KATE",
        "reportedCurrency": "USD",
        "cik": "0000352363",
        "fillingDate": "2011-07-28",
        "acceptedDate": "2011-07-28 11:51:25",
        "calendarYear": "2011",
        "period": "Q2",
        "revenue": 555831000,
        "costOfRevenue": 267220000,
        "grossProfit": 288611000,
        "grossProfitRatio": 0.5192423596,
        "researchAndDevelopmentExpenses": 0,
        "generalAndAdministrativeExpenses": 181351000,
        "sellingAndMarketingExpenses": 0,
        "sellingGeneralAndAdministrativeExpenses": 181351000,
        "otherExpenses": 0,
        "operatingExpenses": 181351000,
        "costAndExpenses": 626915000,
        "interestIncome": 0,
        "interestExpense": -150000000,
        "depreciationAndAmortization": -83811000,
        "ebitda": -319744000,
        "ebitdaratio": -0.5752539891,
        "operatingIncome": -88156000,
        "operatingIncomeRatio": -0.158602165,
        "totalOtherIncomeExpensesNet": 3963000,
        "incomeBeforeTax": -84193000,
        "incomeBeforeTaxRatio": -0.1514723,
        "incomeTaxExpense": 3963000,
        "netIncome": -89896000,
        "netIncomeRatio": -0.161732613,
        "eps": -0.95,
        "epsdiluted": -0.95,
        "weightedAverageShsOut": 94423000,
        "weightedAverageShsOutDil": 94423000,
        "link": "https://www.sec.gov/Archives/edgar/data/352363/000110465911041399/0001104659-11-041399-index.html",
        "finalLink": "https://www.sec.gov/Archives/edgar/data/352363/000110465911041399/a11-12460_110q.htm"
    },
    {
        "date": "2011-04-02",
        "symbol": "KATE",
        "reportedCurrency": "USD",
        "cik": "0000352363",
        "fillingDate": "2011-04-28",
        "acceptedDate": "2011-04-28 06:02:15",
        "calendarYear": "2011",
        "period": "Q1",
        "revenue": 513242000,
        "costOfRevenue": 244482000,
        "grossProfit": 268760000,
        "grossProfitRatio": 0.5236516107,
        "researchAndDevelopmentExpenses": 0,
        "generalAndAdministrativeExpenses": 318956000,
        "sellingAndMarketingExpenses": 0,
        "sellingGeneralAndAdministrativeExpenses": 318956000,
        "otherExpenses": 0,
        "operatingExpenses": 318956000,
        "costAndExpenses": 563438000,
        "interestIncome": 0,
        "interestExpense": 12550000,
        "depreciationAndAmortization": 32564000,
        "ebitda": -52520000,
        "ebitdaratio": -0.1023298951,
        "operatingIncome": -83514000,
        "operatingIncomeRatio": -0.1627185616,
        "totalOtherIncomeExpensesNet": -1289000,
        "incomeBeforeTax": -84803000,
        "incomeBeforeTaxRatio": -0.1652300474,
        "incomeTaxExpense": -1289000,
        "netIncome": -96345000,
        "netIncomeRatio": -0.1877184642,
        "eps": -0.001,
        "epsdiluted": -0.001,
        "weightedAverageShsOut": 94399000000,
        "weightedAverageShsOutDil": 94399000000,
        "link": "https://www.sec.gov/Archives/edgar/data/352363/000095012311040377/0000950123-11-040377-index.html",
        "finalLink": "https://www.sec.gov/Archives/edgar/data/352363/000095012311040377/y90909e10vq.htm"
    },
    {
        "date": "2011-01-01",
        "symbol": "KATE",
        "reportedCurrency": "USD",
        "cik": "0000352363",
        "fillingDate": "2011-02-17",
        "acceptedDate": "2011-02-17 13:20:21",
        "calendarYear": "2010",
        "period": "Q4",
        "revenue": 664517000,
        "costOfRevenue": 328089000,
        "grossProfit": 336428000,
        "grossProfitRatio": 0.5062744821,
        "researchAndDevelopmentExpenses": 0,
        "generalAndAdministrativeExpenses": 344873000,
        "sellingAndMarketingExpenses": 0,
        "sellingGeneralAndAdministrativeExpenses": 344873000,
        "otherExpenses": 0,
        "operatingExpenses": 344873000,
        "costAndExpenses": 672962000,
        "interestIncome": 0,
        "interestExpense": 13023000,
        "depreciationAndAmortization": 32464000,
        "ebitda": 16918000,
        "ebitdaratio": 0.0254590928,
        "operatingIncome": -8764000,
        "operatingIncomeRatio": -0.0131885264,
        "totalOtherIncomeExpensesNet": 1699000,
        "incomeBeforeTax": -7065000,
        "incomeBeforeTaxRatio": -0.0106317822,
        "incomeTaxExpense": 1699000,
        "netIncome": -30268000,
        "netIncomeRatio": -0.0455488723,
        "eps": -0.0003,
        "epsdiluted": -0.0003,
        "weightedAverageShsOut": 94243000000,
        "weightedAverageShsOutDil": 94243000000,
        "link": "https://www.sec.gov/Archives/edgar/data/352363/000095012311015073/0000950123-11-015073-index.htm",
        "finalLink": "https://www.sec.gov/Archives/edgar/data/352363/000095012311015073/y89679e10vk.htm"
    },
    {
        "date": "2010-10-02",
        "symbol": "KATE",
        "reportedCurrency": "USD",
        "cik": "0000352363",
        "fillingDate": "2010-11-04",
        "acceptedDate": "2010-11-04 10:14:33",
        "calendarYear": "2010",
        "period": "Q3",
        "revenue": 657237000,
        "costOfRevenue": 319674000,
        "grossProfit": 337563000,
        "grossProfitRatio": 0.513609246,
        "researchAndDevelopmentExpenses": 0,
        "generalAndAdministrativeExpenses": 356038000,
        "sellingAndMarketingExpenses": 0,
        "sellingGeneralAndAdministrativeExpenses": 356038000,
        "otherExpenses": 0,
        "operatingExpenses": 356038000,
        "costAndExpenses": 675712000,
        "interestIncome": 0,
        "interestExpense": 12618000,
        "depreciationAndAmortization": 33607000,
        "ebitda": -15704000,
        "ebitdaratio": -0.0238939682,
        "operatingIncome": -61507000,
        "operatingIncomeRatio": -0.0935842017,
        "totalOtherIncomeExpensesNet": 875000,
        "incomeBeforeTax": -60632000,
        "incomeBeforeTaxRatio": -0.0922528707,
        "incomeTaxExpense": 875000,
        "netIncome": -62804000,
        "netIncomeRatio": -0.0955576147,
        "eps": -0.0007,
        "epsdiluted": -0.0007,
        "weightedAverageShsOut": 94224000000,
        "weightedAverageShsOutDil": 94224000000,
        "link": "https://www.sec.gov/Archives/edgar/data/352363/000095012310100596/0000950123-10-100596-index.html",
        "finalLink": "https://www.sec.gov/Archives/edgar/data/352363/000095012310100596/y87505e10vq.htm"
    },
    {
        "date": "2010-07-03",
        "symbol": "KATE",
        "reportedCurrency": "USD",
        "cik": "0000352363",
        "fillingDate": "2010-08-05",
        "acceptedDate": "2010-08-05 12:02:06",
        "calendarYear": "2010",
        "period": "Q2",
        "revenue": 569840000,
        "costOfRevenue": 287531000,
        "grossProfit": 282309000,
        "grossProfitRatio": 0.4954180121,
        "researchAndDevelopmentExpenses": 0,
        "generalAndAdministrativeExpenses": 366265000,
        "sellingAndMarketingExpenses": 0,
        "sellingGeneralAndAdministrativeExpenses": 366265000,
        "otherExpenses": 0,
        "operatingExpenses": 366265000,
        "costAndExpenses": 653796000,
        "interestIncome": 0,
        "interestExpense": 19100000,
        "depreciationAndAmortization": 40178000,
        "ebitda": -24138000,
        "ebitdaratio": -0.0423592587,
        "operatingIncome": -87425000,
        "operatingIncomeRatio": -0.1534202583,
        "totalOtherIncomeExpensesNet": 3783000,
        "incomeBeforeTax": -83642000,
        "incomeBeforeTaxRatio": -0.1467815527,
        "incomeTaxExpense": 3783000,
        "netIncome": -87199000,
        "netIncomeRatio": -0.1530236558,
        "eps": -0.0009,
        "epsdiluted": -0.0009,
        "weightedAverageShsOut": 94207000000,
        "weightedAverageShsOutDil": 94207000000,
        "link": "https://www.sec.gov/Archives/edgar/data/352363/000095012310073108/0000950123-10-073108-index.html",
        "finalLink": "https://www.sec.gov/Archives/edgar/data/352363/000095012310073108/y85935e10vq.htm"
    },
    {
        "date": "2010-04-03",
        "symbol": "KATE",
        "reportedCurrency": "USD",
        "cik": "0000352363",
        "fillingDate": "2010-05-06",
        "acceptedDate": "2010-05-06 12:48:42",
        "calendarYear": "2010",
        "period": "Q1",
        "revenue": 608478000,
        "costOfRevenue": 326257000,
        "grossProfit": 282221000,
        "grossProfitRatio": 0.4638146326,
        "researchAndDevelopmentExpenses": 0,
        "generalAndAdministrativeExpenses": 348265000,
        "sellingAndMarketingExpenses": 0,
        "sellingGeneralAndAdministrativeExpenses": 348265000,
        "otherExpenses": 0,
        "operatingExpenses": 348265000,
        "costAndExpenses": 674522000,
        "interestIncome": 0,
        "interestExpense": 15452000,
        "depreciationAndAmortization": 36571000,
        "ebitda": -18431000,
        "ebitdaratio": -0.030290331,
        "operatingIncome": -63287000,
        "operatingIncomeRatio": -0.1040086905,
        "totalOtherIncomeExpensesNet": 1584000,
        "incomeBeforeTax": -61703000,
        "incomeBeforeTaxRatio": -0.101405474,
        "incomeTaxExpense": 1584000,
        "netIncome": -72038000,
        "netIncomeRatio": -0.1183904759,
        "eps": -0.76,
        "epsdiluted": -0.76,
        "weightedAverageShsOut": 94170000,
        "weightedAverageShsOutDil": 94170000,
        "link": "https://www.sec.gov/Archives/edgar/data/352363/000095012310045278/0000950123-10-045278-index.html",
        "finalLink": "https://www.sec.gov/Archives/edgar/data/352363/000095012310045278/y84361e10vq.htm"
    },
    {
        "date": "2010-01-02",
        "symbol": "KATE",
        "reportedCurrency": "USD",
        "cik": "0000352363",
        "fillingDate": "2010-02-23",
        "acceptedDate": "2010-02-23 14:17:54",
        "calendarYear": "2009",
        "period": "Q4",
        "revenue": 778805000,
        "costOfRevenue": 405110000,
        "grossProfit": 373695000,
        "grossProfitRatio": 0.47983128,
        "researchAndDevelopmentExpenses": 0,
        "generalAndAdministrativeExpenses": 494688000,
        "sellingAndMarketingExpenses": 0,
        "sellingGeneralAndAdministrativeExpenses": 494688000,
        "otherExpenses": 0,
        "operatingExpenses": 494688000,
        "costAndExpenses": 899798000,
        "interestIncome": 0,
        "interestExpense": 18222000,
        "depreciationAndAmortization": 42932000,
        "ebitda": -84461000,
        "ebitdaratio": -0.1084494835,
        "operatingIncome": -94691000,
        "operatingIncomeRatio": -0.1215849924,
        "totalOtherIncomeExpensesNet": -51282000,
        "incomeBeforeTax": -145973000,
        "incomeBeforeTaxRatio": -0.1874320273,
        "incomeTaxExpense": -103785000,
        "netIncome": -41830000,
        "netIncomeRatio": -0.0537104924,
        "eps": -0.0004,
        "epsdiluted": -0.0004,
        "weightedAverageShsOut": 93880000000,
        "weightedAverageShsOutDil": 93880000000,
        "link": "https://www.sec.gov/Archives/edgar/data/352363/000095012310015660/0000950123-10-015660-index.html",
        "finalLink": "https://www.sec.gov/Archives/edgar/data/352363/000095012310015660/c96532e10vk.htm"
    },
    {
        "date": "2009-10-03",
        "symbol": "KATE",
        "reportedCurrency": "USD",
        "cik": "0000352363",
        "fillingDate": "2009-11-04",
        "acceptedDate": "2009-11-04 12:15:12",
        "calendarYear": "2009",
        "period": "Q3",
        "revenue": 769619000,
        "costOfRevenue": 420776000,
        "grossProfit": 348843000,
        "grossProfitRatio": 0.4532671361,
        "researchAndDevelopmentExpenses": 0,
        "generalAndAdministrativeExpenses": 408509000,
        "sellingAndMarketingExpenses": 0,
        "sellingGeneralAndAdministrativeExpenses": 408509000,
        "otherExpenses": 0,
        "operatingExpenses": 408509000,
        "costAndExpenses": 829285000,
        "interestIncome": 0,
        "interestExpense": 17410000,
        "depreciationAndAmortization": 40710000,
        "ebitda": -38422000,
        "ebitdaratio": -0.0499234037,
        "operatingIncome": -35291000,
        "operatingIncomeRatio": -0.0458551569,
        "totalOtherIncomeExpensesNet": -51882000,
        "incomeBeforeTax": -87173000,
        "incomeBeforeTaxRatio": -0.1132677338,
        "incomeTaxExpense": -5830000,
        "netIncome": -90712000,
        "netIncomeRatio": -0.117866113,
        "eps": -0.001,
        "epsdiluted": -0.001,
        "weightedAverageShsOut": 93855000000,
        "weightedAverageShsOutDil": 93855000000,
        "link": "https://www.sec.gov/Archives/edgar/data/352363/000095012309057397/0000950123-09-057397-index.html",
        "finalLink": "https://www.sec.gov/Archives/edgar/data/352363/000095012309057397/c91749e10vq.htm"
    },
    {
        "date": "2009-07-04",
        "symbol": "KATE",
        "reportedCurrency": "USD",
        "cik": "0000352363",
        "fillingDate": "2009-08-12",
        "acceptedDate": "2009-08-12 10:47:25",
        "calendarYear": "2009",
        "period": "Q2",
        "revenue": 683770000,
        "costOfRevenue": 357381000,
        "grossProfit": 326389000,
        "grossProfitRatio": 0.4773374088,
        "researchAndDevelopmentExpenses": 0,
        "generalAndAdministrativeExpenses": 387101000,
        "sellingAndMarketingExpenses": 0,
        "sellingGeneralAndAdministrativeExpenses": 387101000,
        "otherExpenses": 0,
        "operatingExpenses": 387101000,
        "costAndExpenses": 744482000,
        "interestIncome": 0,
        "interestExpense": 15570000,
        "depreciationAndAmortization": 41269000,
        "ebitda": -26541000,
        "ebitdaratio": -0.0388156836,
        "operatingIncome": -76745000,
        "operatingIncomeRatio": -0.1122380333,
        "totalOtherIncomeExpensesNet": -7711000,
        "incomeBeforeTax": -84456000,
        "incomeBeforeTaxRatio": -0.1235152171,
        "incomeTaxExpense": -1260000,
        "netIncome": -82120000,
        "netIncomeRatio": -0.1200988637,
        "eps": -0.0009,
        "epsdiluted": -0.0009,
        "weightedAverageShsOut": 93828000000,
        "weightedAverageShsOutDil": 93828000000,
        "link": "https://www.sec.gov/Archives/edgar/data/352363/000095012309033851/0000950123-09-033851-index.html",
        "finalLink": "https://www.sec.gov/Archives/edgar/data/352363/000095012309033851/c89047e10vq.htm"
    },
    {
        "date": "2009-04-04",
        "symbol": "KATE",
        "reportedCurrency": "USD",
        "cik": "0000352363",
        "fillingDate": "2009-05-13",
        "acceptedDate": "2009-05-13 11:37:37",
        "calendarYear": "2009",
        "period": "Q1",
        "revenue": 779665000,
        "costOfRevenue": 430842000,
        "grossProfit": 348823000,
        "grossProfitRatio": 0.4474011274,
        "researchAndDevelopmentExpenses": 0,
        "generalAndAdministrativeExpenses": 425029000,
        "sellingAndMarketingExpenses": 0,
        "sellingGeneralAndAdministrativeExpenses": 425029000,
        "otherExpenses": 0,
        "operatingExpenses": 425029000,
        "costAndExpenses": 855871000,
        "interestIncome": 0,
        "interestExpense": 13882000,
        "depreciationAndAmortization": 38653000,
        "ebitda": -37953000,
        "ebitdaratio": -0.0486785991,
        "operatingIncome": -87333000,
        "operatingIncomeRatio": -0.112013493,
        "totalOtherIncomeExpensesNet": 1260000,
        "incomeBeforeTax": -86073000,
        "incomeBeforeTaxRatio": -0.1103974143,
        "incomeTaxExpense": 1260000,
        "netIncome": -91748000,
        "netIncomeRatio": -0.1176761814,
        "eps": -0.98,
        "epsdiluted": -0.98,
        "weightedAverageShsOut": 93771000,
        "weightedAverageShsOutDil": 93771000,
        "link": "https://www.sec.gov/Archives/edgar/data/352363/000095012309008733/0000950123-09-008733-index.html",
        "finalLink": "https://www.sec.gov/Archives/edgar/data/352363/000095012309008733/y77118e10vq.htm"
    },
    {
        "date": "2009-01-03",
        "symbol": "KATE",
        "reportedCurrency": "USD",
        "cik": "0000352363",
        "fillingDate": "2009-03-04",
        "acceptedDate": "2009-03-04 14:15:20",
        "calendarYear": "2008",
        "period": "Q4",
        "revenue": 4441000,
        "costOfRevenue": 2331000,
        "grossProfit": 2110000,
        "grossProfitRatio": 0.4751182166,
        "researchAndDevelopmentExpenses": 0,
        "generalAndAdministrativeExpenses": 2043000,
        "sellingAndMarketingExpenses": 0,
        "sellingGeneralAndAdministrativeExpenses": 2043000,
        "otherExpenses": 0,
        "operatingExpenses": 2043000,
        "costAndExpenses": 4374000,
        "interestIncome": 0,
        "interestExpense": 42000,
        "depreciationAndAmortization": 40341000,
        "ebitda": 39922000,
        "ebitdaratio": 8.989416798,
        "operatingIncome": -419000,
        "operatingIncomeRatio": -0.0943481198,
        "totalOtherIncomeExpensesNet": 320000,
        "incomeBeforeTax": -99000,
        "incomeBeforeTaxRatio": -0.0222922765,
        "incomeTaxExpense": -99000,
        "netIncome": 0,
        "netIncomeRatio": 0,
        "eps": 0,
        "epsdiluted": 0,
        "weightedAverageShsOut": 93608,
        "weightedAverageShsOutDil": 93608,
        "link": "https://www.sec.gov/Archives/edgar/data/352363/000095012309003986/0000950123-09-003986-index.html",
        "finalLink": "https://www.sec.gov/Archives/edgar/data/352363/000095012309003986/y74625e10vk.htm"
    },
    {
        "date": "2008-10-04",
        "symbol": "KATE",
        "reportedCurrency": "USD",
        "cik": "0000352363",
        "fillingDate": "2008-11-10",
        "acceptedDate": "2008-11-10 17:07:10",
        "calendarYear": "2008",
        "period": "Q3",
        "revenue": 985470000,
        "costOfRevenue": 487533000,
        "grossProfit": 497937000,
        "grossProfitRatio": 0.5052786995,
        "researchAndDevelopmentExpenses": 0,
        "generalAndAdministrativeExpenses": 458703000,
        "sellingAndMarketingExpenses": 0,
        "sellingGeneralAndAdministrativeExpenses": 458703000,
        "otherExpenses": 0,
        "operatingExpenses": 458703000,
        "costAndExpenses": 946236000,
        "interestIncome": 0,
        "interestExpense": 12049000,
        "depreciationAndAmortization": 35988000,
        "ebitda": 65973000,
        "ebitdaratio": 0.0669457213,
        "operatingIncome": 29188000,
        "operatingIncomeRatio": 0.0296183547,
        "totalOtherIncomeExpensesNet": -11252000,
        "incomeBeforeTax": 17936000,
        "incomeBeforeTaxRatio": 0.0182004526,
        "incomeTaxExpense": 19368000,
        "netIncome": -1432000,
        "netIncomeRatio": -0.0014531137,
        "eps": -15.3,
        "epsdiluted": -15.3,
        "weightedAverageShsOut": 93608,
        "weightedAverageShsOutDil": 93608,
        "link": "https://www.sec.gov/Archives/edgar/data/352363/000095012308014936/0000950123-08-014936-index.html",
        "finalLink": "https://www.sec.gov/Archives/edgar/data/352363/000095012308014936/y72501e10vq.htm"
    },
    {
        "date": "2008-07-05",
        "symbol": "KATE",
        "reportedCurrency": "USD",
        "cik": "0000352363",
        "fillingDate": "2008-08-13",
        "acceptedDate": "2008-08-13 10:41:19",
        "calendarYear": "2008",
        "period": "Q2",
        "revenue": 966761000,
        "costOfRevenue": 508210000,
        "grossProfit": 458551000,
        "grossProfitRatio": 0.4743168167,
        "researchAndDevelopmentExpenses": 0,
        "generalAndAdministrativeExpenses": 481673000,
        "sellingAndMarketingExpenses": 0,
        "sellingGeneralAndAdministrativeExpenses": 481673000,
        "otherExpenses": 0,
        "operatingExpenses": 481673000,
        "costAndExpenses": 989883000,
        "interestIncome": 0,
        "interestExpense": 9770000,
        "depreciationAndAmortization": 40897000,
        "ebitda": 16851000,
        "ebitdaratio": 0.017430368,
        "operatingIncome": -23122000,
        "operatingIncomeRatio": -0.0239169764,
        "totalOtherIncomeExpensesNet": -10694000,
        "incomeBeforeTax": -33816000,
        "incomeBeforeTaxRatio": -0.0349786555,
        "incomeTaxExpense": -19076000,
        "netIncome": -14740000,
        "netIncomeRatio": -0.015246788,
        "eps": -158.15,
        "epsdiluted": -158.15,
        "weightedAverageShsOut": 93202,
        "weightedAverageShsOutDil": 93202,
        "link": "https://www.sec.gov/Archives/edgar/data/352363/000095012308009447/0000950123-08-009447-index.html",
        "finalLink": "https://www.sec.gov/Archives/edgar/data/352363/000095012308009447/y65329qe10vq.htm"
    },
    {
        "date": "2008-04-05",
        "symbol": "KATE",
        "reportedCurrency": "USD",
        "cik": "0000352363",
        "fillingDate": "2008-05-13",
        "acceptedDate": "2008-05-13 11:27:21",
        "calendarYear": "2008",
        "period": "Q1",
        "revenue": 1121542000,
        "costOfRevenue": 590615000,
        "grossProfit": 530927000,
        "grossProfitRatio": 0.4733902074,
        "researchAndDevelopmentExpenses": 0,
        "generalAndAdministrativeExpenses": 554904000,
        "sellingAndMarketingExpenses": 0,
        "sellingGeneralAndAdministrativeExpenses": 554904000,
        "otherExpenses": 0,
        "operatingExpenses": 554904000,
        "costAndExpenses": 1145519000,
        "interestIncome": 0,
        "interestExpense": 12103000,
        "depreciationAndAmortization": 40860000,
        "ebitda": 14135000,
        "ebitdaratio": 0.0126031838,
        "operatingIncome": -23977000,
        "operatingIncomeRatio": -0.021378602,
        "totalOtherIncomeExpensesNet": -14851000,
        "incomeBeforeTax": -38828000,
        "incomeBeforeTaxRatio": -0.0346201926,
        "incomeTaxExpense": -23984000,
        "netIncome": -14844000,
        "netIncomeRatio": -0.0132353492,
        "eps": -158.75,
        "epsdiluted": -158.75,
        "weightedAverageShsOut": 93507,
        "weightedAverageShsOutDil": 93507,
        "link": "https://www.sec.gov/Archives/edgar/data/352363/000095012308005583/0000950123-08-005583-index.html",
        "finalLink": "https://www.sec.gov/Archives/edgar/data/352363/000095012308005583/y58100e10vq.htm"
    },
    {
        "date": "2007-12-29",
        "symbol": "KATE",
        "reportedCurrency": "USD",
        "cik": "0000352363",
        "fillingDate": "2008-03-13",
        "acceptedDate": "2008-03-13 16:40:03",
        "calendarYear": "2007",
        "period": "Q4",
        "revenue": 4643000,
        "costOfRevenue": 2383000,
        "grossProfit": 2260000,
        "grossProfitRatio": 0.4867542537,
        "researchAndDevelopmentExpenses": 0,
        "generalAndAdministrativeExpenses": 1878000,
        "sellingAndMarketingExpenses": 0,
        "sellingGeneralAndAdministrativeExpenses": 1878000,
        "otherExpenses": 0,
        "operatingExpenses": 1878000,
        "costAndExpenses": 4261000,
        "interestIncome": 0,
        "interestExpense": 34000,
        "depreciationAndAmortization": 47370000,
        "ebitda": 47789000,
        "ebitdaratio": 10.2926986862,
        "operatingIncome": 381000,
        "operatingIncomeRatio": 0.0820590136,
        "totalOtherIncomeExpensesNet": 4000,
        "incomeBeforeTax": 385000,
        "incomeBeforeTaxRatio": 0.0829205255,
        "incomeTaxExpense": 131000,
        "netIncome": 254000,
        "netIncomeRatio": 0.054706009,
        "eps": 0.0025,
        "epsdiluted": 0.0025,
        "weightedAverageShsOut": 101157000,
        "weightedAverageShsOutDil": 101157000,
        "link": "https://www.sec.gov/Archives/edgar/data/352363/000095012308002920/0000950123-08-002920-index.htm",
        "finalLink": "https://www.sec.gov/Archives/edgar/data/352363/000095012308002920/y51231e10vk.htm"
    },
    {
        "date": "2007-09-29",
        "symbol": "KATE",
        "reportedCurrency": "USD",
        "cik": "0000352363",
        "fillingDate": "2007-10-30",
        "acceptedDate": "2007-10-30 10:45:07",
        "calendarYear": "2007",
        "period": "Q3",
        "revenue": 1171376000,
        "costOfRevenue": 583174000,
        "grossProfit": 588202000,
        "grossProfitRatio": 0.5021461939,
        "researchAndDevelopmentExpenses": 0,
        "generalAndAdministrativeExpenses": 514894000,
        "sellingAndMarketingExpenses": 0,
        "sellingGeneralAndAdministrativeExpenses": 514894000,
        "otherExpenses": 0,
        "operatingExpenses": 514894000,
        "costAndExpenses": 1098068000,
        "interestIncome": 0,
        "interestExpense": 11778000,
        "depreciationAndAmortization": 35866000,
        "ebitda": 100870000,
        "ebitdaratio": 0.0861124011,
        "operatingIncome": 61008000,
        "operatingIncomeRatio": 0.0520823374,
        "totalOtherIncomeExpensesNet": -13258000,
        "incomeBeforeTax": 47750000,
        "incomeBeforeTaxRatio": 0.0407640245,
        "incomeTaxExpense": 20175000,
        "netIncome": 33051000,
        "netIncomeRatio": 0.0282155346,
        "eps": 0.33,
        "epsdiluted": 0.33,
        "weightedAverageShsOut": 101157000,
        "weightedAverageShsOutDil": 101157000,
        "link": "https://www.sec.gov/Archives/edgar/data/352363/000095012307014463/0000950123-07-014463-index.html",
        "finalLink": "https://www.sec.gov/Archives/edgar/data/352363/000095012307014463/y41511e10vq.htm"
    },
    {
        "date": "2007-06-30",
        "symbol": "KATE",
        "reportedCurrency": "USD",
        "cik": "0000352363",
        "fillingDate": "2007-07-31",
        "acceptedDate": "2007-07-31 13:42:05",
        "calendarYear": "2007",
        "period": "Q2",
        "revenue": 1130702000,
        "costOfRevenue": 582111000,
        "grossProfit": 548591000,
        "grossProfitRatio": 0.48517735,
        "researchAndDevelopmentExpenses": 0,
        "generalAndAdministrativeExpenses": 517775000,
        "sellingAndMarketingExpenses": 0,
        "sellingGeneralAndAdministrativeExpenses": 517775000,
        "otherExpenses": 0,
        "operatingExpenses": 517775000,
        "costAndExpenses": 1099886000,
        "interestIncome": 0,
        "interestExpense": 9816000,
        "depreciationAndAmortization": 40414000,
        "ebitda": 71565000,
        "ebitdaratio": 0.0632925386,
        "operatingIncome": 30816000,
        "operatingIncomeRatio": 0.0272538653,
        "totalOtherIncomeExpensesNet": -9481000,
        "incomeBeforeTax": 21335000,
        "incomeBeforeTaxRatio": 0.0188688089,
        "incomeTaxExpense": 7704000,
        "netIncome": 13631000,
        "netIncomeRatio": 0.0120553426,
        "eps": 0.13,
        "epsdiluted": 0.13,
        "weightedAverageShsOut": 101825000,
        "weightedAverageShsOutDil": 101825000,
        "link": "https://www.sec.gov/Archives/edgar/data/352363/000095012307010523/0000950123-07-010523-index.html",
        "finalLink": "https://www.sec.gov/Archives/edgar/data/352363/000095012307010523/y37670e10vq.htm"
    },
    {
        "date": "2007-03-31",
        "symbol": "KATE",
        "reportedCurrency": "USD",
        "cik": "0000352363",
        "fillingDate": "2007-05-01",
        "acceptedDate": "2007-05-01 10:00:24",
        "calendarYear": "2007",
        "period": "Q1",
        "revenue": 1152979000,
        "costOfRevenue": 625206000,
        "grossProfit": 527773000,
        "grossProfitRatio": 0.457747279,
        "researchAndDevelopmentExpenses": 0,
        "generalAndAdministrativeExpenses": 488890000,
        "sellingAndMarketingExpenses": 0,
        "sellingGeneralAndAdministrativeExpenses": 488890000,
        "otherExpenses": 0,
        "operatingExpenses": 488890000,
        "costAndExpenses": 1114096000,
        "interestIncome": 0,
        "interestExpense": 8532000,
        "depreciationAndAmortization": 38528000,
        "ebitda": 76682000,
        "ebitdaratio": 0.0665077161,
        "operatingIncome": 38883000,
        "operatingIncomeRatio": 0.0337239447,
        "totalOtherIncomeExpensesNet": -9261000,
        "incomeBeforeTax": 29622000,
        "incomeBeforeTaxRatio": 0.0256917082,
        "incomeTaxExpense": 13424000,
        "netIncome": 16198000,
        "netIncomeRatio": 0.0140488248,
        "eps": 0.16,
        "epsdiluted": 0.16,
        "weightedAverageShsOut": 101796000,
        "weightedAverageShsOutDil": 101796000,
        "link": "https://www.sec.gov/Archives/edgar/data/352363/000095012307006400/0000950123-07-006400-index.html",
        "finalLink": "https://www.sec.gov/Archives/edgar/data/352363/000095012307006400/y34226e10vq.htm"
    },
    {
        "date": "2006-12-30",
        "symbol": "KATE",
        "reportedCurrency": "USD",
        "cik": "0000352363",
        "fillingDate": "2007-02-28",
        "acceptedDate": "2007-02-28 10:51:58",
        "calendarYear": "2006",
        "period": "Q4",
        "revenue": 1328568000,
        "costOfRevenue": 682736000,
        "grossProfit": 645832000,
        "grossProfitRatio": 0.486111362,
        "researchAndDevelopmentExpenses": 0,
        "generalAndAdministrativeExpenses": 522903000,
        "sellingAndMarketingExpenses": 0,
        "sellingGeneralAndAdministrativeExpenses": 522903000,
        "otherExpenses": 0,
        "operatingExpenses": 522903000,
        "costAndExpenses": 1205639000,
        "interestIncome": 0,
        "interestExpense": 8257000,
        "depreciationAndAmortization": 39257000,
        "ebitda": 164463000,
        "ebitdaratio": 0.1237896743,
        "operatingIncome": 122929000,
        "operatingIncomeRatio": 0.0925274431,
        "totalOtherIncomeExpensesNet": -5980000,
        "incomeBeforeTax": 116949000,
        "incomeBeforeTaxRatio": 0.0880263562,
        "incomeTaxExpense": 43786000,
        "netIncome": 73163000,
        "netIncomeRatio": 0.0550690668,
        "eps": 0.72,
        "epsdiluted": 0.72,
        "weightedAverageShsOut": 101796000,
        "weightedAverageShsOutDil": 101796000,
        "link": "https://www.sec.gov/Archives/edgar/data/352363/000095012307002875/0000950123-07-002875-index.htm",
        "finalLink": "https://www.sec.gov/Archives/edgar/data/352363/000095012307002875/y30995e10vk.htm"
    },
    {
        "date": "2006-09-30",
        "symbol": "KATE",
        "reportedCurrency": "USD",
        "cik": "0000352363",
        "fillingDate": "2006-11-01",
        "acceptedDate": "2006-11-01 17:17:20",
        "calendarYear": "2006",
        "period": "Q3",
        "revenue": 1369510000,
        "costOfRevenue": 720386000,
        "grossProfit": 649124000,
        "grossProfitRatio": 0.4739826653,
        "researchAndDevelopmentExpenses": 0,
        "generalAndAdministrativeExpenses": 488134000,
        "sellingAndMarketingExpenses": 0,
        "sellingGeneralAndAdministrativeExpenses": 488134000,
        "otherExpenses": 0,
        "operatingExpenses": 488134000,
        "costAndExpenses": 1208520000,
        "interestIncome": 0,
        "interestExpense": 10903000,
        "depreciationAndAmortization": 34612000,
        "ebitda": 195626000,
        "ebitdaratio": 0.1428437908,
        "operatingIncome": 160990000,
        "operatingIncomeRatio": 0.1175529934,
        "totalOtherIncomeExpensesNet": -10879000,
        "incomeBeforeTax": 150111000,
        "incomeBeforeTaxRatio": 0.1096092763,
        "incomeTaxExpense": 54941000,
        "netIncome": 95170000,
        "netIncomeRatio": 0.0694920081,
        "eps": 0.93,
        "epsdiluted": 0.93,
        "weightedAverageShsOut": 101796000,
        "weightedAverageShsOutDil": 101796000,
        "link": "https://www.sec.gov/Archives/edgar/data/352363/000095012306013352/0000950123-06-013352-index.htm",
        "finalLink": "https://www.sec.gov/Archives/edgar/data/352363/000095012306013352/y26517e10vq.htm"
    },
    {
        "date": "2006-07-01",
        "symbol": "KATE",
        "reportedCurrency": "USD",
        "cik": "0000352363",
        "fillingDate": "2006-08-02",
        "acceptedDate": "2006-08-02 09:47:37",
        "calendarYear": "2006",
        "period": "Q2",
        "revenue": 1125039000,
        "costOfRevenue": 576543000,
        "grossProfit": 548496000,
        "grossProfitRatio": 0.4875350988,
        "researchAndDevelopmentExpenses": 0,
        "generalAndAdministrativeExpenses": 473469000,
        "sellingAndMarketingExpenses": 0,
        "sellingGeneralAndAdministrativeExpenses": 473469000,
        "otherExpenses": 0,
        "operatingExpenses": 473469000,
        "costAndExpenses": 1050012000,
        "interestIncome": 0,
        "interestExpense": 8633000,
        "depreciationAndAmortization": 34189000,
        "ebitda": 108959000,
        "ebitdaratio": 0.096849087,
        "operatingIncome": 75027000,
        "operatingIncomeRatio": 0.0666883548,
        "totalOtherIncomeExpensesNet": -8890000,
        "incomeBeforeTax": 66137000,
        "incomeBeforeTaxRatio": 0.0587864065,
        "incomeTaxExpense": 26722000,
        "netIncome": 39415000,
        "netIncomeRatio": 0.035034341,
        "eps": 0.38,
        "epsdiluted": 0.38,
        "weightedAverageShsOut": 102981000,
        "weightedAverageShsOutDil": 102981000,
        "link": "https://www.sec.gov/Archives/edgar/data/352363/000095012306009756/0000950123-06-009756-index.htm",
        "finalLink": "https://www.sec.gov/Archives/edgar/data/352363/000095012306009756/y23743e10vq.htm"
    },
    {
        "date": "2006-04-01",
        "symbol": "KATE",
        "reportedCurrency": "USD",
        "cik": "0000352363",
        "fillingDate": "2006-05-05",
        "acceptedDate": "2006-05-05 16:41:02",
        "calendarYear": "2006",
        "period": "Q1",
        "revenue": 1171201000,
        "costOfRevenue": 627188000,
        "grossProfit": 544013000,
        "grossProfitRatio": 0.4644915774,
        "researchAndDevelopmentExpenses": 0,
        "generalAndAdministrativeExpenses": 466882000,
        "sellingAndMarketingExpenses": 0,
        "sellingGeneralAndAdministrativeExpenses": 466882000,
        "otherExpenses": 0,
        "operatingExpenses": 466882000,
        "costAndExpenses": 1094070000,
        "interestIncome": 0,
        "interestExpense": 7105000,
        "depreciationAndAmortization": 32345000,
        "ebitda": 112789000,
        "ebitdaratio": 0.0963020011,
        "operatingIncome": 77131000,
        "operatingIncomeRatio": 0.0658563304,
        "totalOtherIncomeExpensesNet": -3792000,
        "incomeBeforeTax": 73339000,
        "incomeBeforeTaxRatio": 0.0626186282,
        "incomeTaxExpense": 26402000,
        "netIncome": 46937000,
        "netIncomeRatio": 0.0400759562,
        "eps": 0.45,
        "epsdiluted": 0.45,
        "weightedAverageShsOut": 103422000,
        "weightedAverageShsOutDil": 103422000,
        "link": "https://www.sec.gov/Archives/edgar/data/352363/000035236306000137/0000352363-06-000137-index.htm",
        "finalLink": "https://www.sec.gov/Archives/edgar/data/352363/000035236306000137/liz10q2006q1.htm"
    },
    {
        "date": "2005-12-31",
        "symbol": "KATE",
        "reportedCurrency": "USD",
        "cik": "0000352363",
        "fillingDate": "2006-03-01",
        "acceptedDate": "2006-03-01 17:08:02",
        "calendarYear": "2005",
        "period": "Q4",
        "revenue": 1199588000,
        "costOfRevenue": 623369000,
        "grossProfit": 576219000,
        "grossProfitRatio": 0.4803474193,
        "researchAndDevelopmentExpenses": 0,
        "generalAndAdministrativeExpenses": 446508000,
        "sellingAndMarketingExpenses": 0,
        "sellingGeneralAndAdministrativeExpenses": 446508000,
        "otherExpenses": 0,
        "operatingExpenses": 446508000,
        "costAndExpenses": 1069877000,
        "interestIncome": 0,
        "interestExpense": 8174000,
        "depreciationAndAmortization": 38868000,
        "ebitda": 168238000,
        "ebitdaratio": 0.1402464846,
        "operatingIncome": 130100000,
        "operatingIncomeRatio": 0.1084539025,
        "totalOtherIncomeExpensesNet": -8904000,
        "incomeBeforeTax": 121196000,
        "incomeBeforeTaxRatio": 0.1010313541,
        "incomeTaxExpense": 42903000,
        "netIncome": 78293000,
        "netIncomeRatio": 0.0652665749,
        "eps": 0.76,
        "epsdiluted": 0.76,
        "weightedAverageShsOut": 103422000,
        "weightedAverageShsOutDil": 103422000,
        "link": "https://www.sec.gov/Archives/edgar/data/352363/000035236306000071/0000352363-06-000071-index.htm",
        "finalLink": "https://www.sec.gov/Archives/edgar/data/352363/000035236306000071/liz10k2005.htm"
    },
    {
        "date": "2005-10-01",
        "symbol": "KATE",
        "reportedCurrency": "USD",
        "cik": "0000352363",
        "fillingDate": "2005-11-04",
        "acceptedDate": "2005-11-04 17:18:29",
        "calendarYear": "2005",
        "period": "Q3",
        "revenue": 1336654000,
        "costOfRevenue": 702206000,
        "grossProfit": 634448000,
        "grossProfitRatio": 0.4746538745,
        "researchAndDevelopmentExpenses": 0,
        "generalAndAdministrativeExpenses": 450220000,
        "sellingAndMarketingExpenses": 0,
        "sellingGeneralAndAdministrativeExpenses": 450220000,
        "otherExpenses": 0,
        "operatingExpenses": 450220000,
        "costAndExpenses": 1152426000,
        "interestIncome": 0,
        "interestExpense": 8255000,
        "depreciationAndAmortization": 29161000,
        "ebitda": 213136000,
        "ebitdaratio": 0.1594548776,
        "operatingIncome": 184449000,
        "operatingIncomeRatio": 0.1379930782,
        "totalOtherIncomeExpensesNet": -8729000,
        "incomeBeforeTax": 175720000,
        "incomeBeforeTaxRatio": 0.1314625924,
        "incomeTaxExpense": 62205000,
        "netIncome": 113515000,
        "netIncomeRatio": 0.0849247449,
        "eps": 1.1,
        "epsdiluted": 1.1,
        "weightedAverageShsOut": 103422000,
        "weightedAverageShsOutDil": 103422000,
        "link": "https://www.sec.gov/Archives/edgar/data/352363/000035236305000165/0000352363-05-000165-index.htm",
        "finalLink": "https://www.sec.gov/Archives/edgar/data/352363/000035236305000165/liz10q2005q3.htm"
    }
]