[
    {
        "date": "2025-06-30",
        "symbol": "KG",
        "reportedCurrency": "USD",
        "cik": "0001412100",
        "fillingDate": "2025-06-30",
        "acceptedDate": "2025-06-30 00:00:00",
        "calendarYear": "2025",
        "period": "Q2",
        "revenue": 546000,
        "costOfRevenue": -5961000,
        "grossProfit": 6507000,
        "grossProfitRatio": 11.9175824176,
        "researchAndDevelopmentExpenses": 0,
        "generalAndAdministrativeExpenses": 5080000,
        "sellingAndMarketingExpenses": 0,
        "sellingGeneralAndAdministrativeExpenses": 5080000,
        "otherExpenses": -68998000,
        "operatingExpenses": -63918000,
        "costAndExpenses": -69879000,
        "interestIncome": 659000,
        "interestExpense": 1519000,
        "depreciationAndAmortization": 0,
        "ebitda": 71944000,
        "ebitdaratio": 131.7655677656,
        "operatingIncome": 71944000,
        "operatingIncomeRatio": 131.7655677656,
        "totalOtherIncomeExpensesNet": -1519000,
        "incomeBeforeTax": 70425000,
        "incomeBeforeTaxRatio": 128.9835164835,
        "incomeTaxExpense": 3000,
        "netIncome": 69927000,
        "netIncomeRatio": 128.0714285714,
        "eps": 15.05,
        "epsdiluted": 15.05,
        "weightedAverageShsOut": 4635406,
        "weightedAverageShsOutDil": 4635406,
        "link": null,
        "finalLink": null
    },
    {
        "date": "2025-03-31",
        "symbol": "KG",
        "reportedCurrency": "USD",
        "cik": "0001412100",
        "fillingDate": "2025-03-31",
        "acceptedDate": "2025-03-30 20:00:00",
        "calendarYear": "2025",
        "period": "Q1",
        "revenue": 14049000,
        "costOfRevenue": 0,
        "grossProfit": 14049000,
        "grossProfitRatio": 1,
        "researchAndDevelopmentExpenses": 0,
        "generalAndAdministrativeExpenses": 0,
        "sellingAndMarketingExpenses": 0,
        "sellingGeneralAndAdministrativeExpenses": 0,
        "otherExpenses": 0,
        "operatingExpenses": 0,
        "costAndExpenses": 7708000,
        "interestIncome": 0,
        "interestExpense": 4818000,
        "depreciationAndAmortization": 0,
        "ebitda": -1092999,
        "ebitdaratio": -0.0777990604,
        "operatingIncome": 6341000,
        "operatingIncomeRatio": 0.4513488505,
        "totalOtherIncomeExpensesNet": -14974000,
        "incomeBeforeTax": -8633000,
        "incomeBeforeTaxRatio": -0.6144921347,
        "incomeTaxExpense": 12000,
        "netIncome": -8645000,
        "netIncomeRatio": -0.615346288,
        "eps": -1.74,
        "epsdiluted": -1.74,
        "weightedAverageShsOut": 4956032,
        "weightedAverageShsOutDil": 4956032,
        "link": null,
        "finalLink": null
    },
    {
        "date": "2024-12-31",
        "symbol": "KG",
        "reportedCurrency": "USD",
        "cik": "0001412100",
        "fillingDate": "2024-12-31",
        "acceptedDate": "2024-12-30 19:00:00",
        "calendarYear": "2024",
        "period": "Q4",
        "revenue": -7432000,
        "costOfRevenue": 0,
        "grossProfit": -7432000,
        "grossProfitRatio": 1,
        "researchAndDevelopmentExpenses": 0,
        "generalAndAdministrativeExpenses": 0,
        "sellingAndMarketingExpenses": 0,
        "sellingGeneralAndAdministrativeExpenses": 0,
        "otherExpenses": 0,
        "operatingExpenses": 0,
        "costAndExpenses": 154905000,
        "interestIncome": 0,
        "interestExpense": 4818000,
        "depreciationAndAmortization": 0,
        "ebitda": -151474000,
        "ebitdaratio": 20.3813240043,
        "operatingIncome": -162337000,
        "operatingIncomeRatio": 21.8429763186,
        "totalOtherIncomeExpensesNet": 4925000,
        "incomeBeforeTax": -157412000,
        "incomeBeforeTaxRatio": 21.1803013994,
        "incomeTaxExpense": 577000,
        "netIncome": -157989000,
        "netIncomeRatio": 21.2579386437,
        "eps": -31.83,
        "epsdiluted": -31.83,
        "weightedAverageShsOut": 4963901,
        "weightedAverageShsOutDil": 4963901,
        "link": null,
        "finalLink": null
    },
    {
        "date": "2024-09-30",
        "symbol": "KG",
        "reportedCurrency": "USD",
        "cik": "0001412100",
        "fillingDate": "2024-09-30",
        "acceptedDate": "2024-09-29 20:00:00",
        "calendarYear": "2024",
        "period": "Q3",
        "revenue": 14477000,
        "costOfRevenue": 0,
        "grossProfit": 14477000,
        "grossProfitRatio": 1,
        "researchAndDevelopmentExpenses": 0,
        "generalAndAdministrativeExpenses": 0,
        "sellingAndMarketingExpenses": 0,
        "sellingGeneralAndAdministrativeExpenses": 0,
        "otherExpenses": 0,
        "operatingExpenses": 0,
        "costAndExpenses": 38939000,
        "interestIncome": 0,
        "interestExpense": 4817000,
        "depreciationAndAmortization": 0,
        "ebitda": -30377000,
        "ebitdaratio": -2.0982938454,
        "operatingIncome": -24462000,
        "operatingIncomeRatio": -1.6897147199,
        "totalOtherIncomeExpensesNet": -9981000,
        "incomeBeforeTax": -34443000,
        "incomeBeforeTaxRatio": -2.3791531395,
        "incomeTaxExpense": 25000,
        "netIncome": -34468000,
        "netIncomeRatio": -2.3808800166,
        "eps": -6.91,
        "epsdiluted": -6.91,
        "weightedAverageShsOut": 4986223,
        "weightedAverageShsOutDil": 4986223,
        "link": null,
        "finalLink": null
    },
    {
        "date": "2024-06-30",
        "symbol": "KG",
        "reportedCurrency": "USD",
        "cik": "0001412100",
        "fillingDate": "2024-06-30",
        "acceptedDate": "2024-06-30 00:00:00",
        "calendarYear": "2024",
        "period": "Q2",
        "revenue": 631000,
        "costOfRevenue": 0,
        "grossProfit": 631000,
        "grossProfitRatio": 1,
        "researchAndDevelopmentExpenses": 0,
        "generalAndAdministrativeExpenses": 1178000,
        "sellingAndMarketingExpenses": 0,
        "sellingGeneralAndAdministrativeExpenses": 1178000,
        "otherExpenses": 0,
        "operatingExpenses": 1178000,
        "costAndExpenses": -214014175,
        "interestIncome": 0,
        "interestExpense": 4816000,
        "depreciationAndAmortization": 0,
        "ebitda": -547000,
        "ebitdaratio": -0.8668779715,
        "operatingIncome": -547000,
        "operatingIncomeRatio": -0.8668779715,
        "totalOtherIncomeExpensesNet": 7424550,
        "incomeBeforeTax": 190739312,
        "incomeBeforeTaxRatio": 302.2810015848,
        "incomeTaxExpense": -582961,
        "netIncome": -547000,
        "netIncomeRatio": -0.8668779715,
        "eps": -0.055,
        "epsdiluted": -0.055,
        "weightedAverageShsOut": 9939496,
        "weightedAverageShsOutDil": 9939496,
        "link": null,
        "finalLink": null
    },
    {
        "date": "2024-03-31",
        "symbol": "KG",
        "reportedCurrency": "USD",
        "cik": "0001412100",
        "fillingDate": "2024-03-31",
        "acceptedDate": "2024-03-30 20:00:00",
        "calendarYear": "2024",
        "period": "Q1",
        "revenue": 28904000,
        "costOfRevenue": 0,
        "grossProfit": 28904000,
        "grossProfitRatio": 1,
        "researchAndDevelopmentExpenses": 0,
        "generalAndAdministrativeExpenses": 0,
        "sellingAndMarketingExpenses": 0,
        "sellingGeneralAndAdministrativeExpenses": 0,
        "otherExpenses": 0,
        "operatingExpenses": 0,
        "costAndExpenses": 25278000,
        "interestIncome": 0,
        "interestExpense": 4815000,
        "depreciationAndAmortization": 0,
        "ebitda": 5679000,
        "ebitdaratio": 0.1964779961,
        "operatingIncome": 3626000,
        "operatingIncomeRatio": 0.1254497647,
        "totalOtherIncomeExpensesNet": -2156000,
        "incomeBeforeTax": 1470000,
        "incomeBeforeTaxRatio": 0.0508580127,
        "incomeTaxExpense": 11000,
        "netIncome": 1442000,
        "netIncomeRatio": 0.0498892887,
        "eps": 0.29,
        "epsdiluted": 0.29,
        "weightedAverageShsOut": 5022856,
        "weightedAverageShsOutDil": 5022856,
        "link": null,
        "finalLink": null
    },
    {
        "date": "2023-12-31",
        "symbol": "KG",
        "reportedCurrency": "USD",
        "cik": "0001412100",
        "fillingDate": "2023-12-31",
        "acceptedDate": "2023-12-30 19:00:00",
        "calendarYear": "2023",
        "period": "Q4",
        "revenue": 25206000,
        "costOfRevenue": 0,
        "grossProfit": 25206000,
        "grossProfitRatio": 1,
        "researchAndDevelopmentExpenses": 0,
        "generalAndAdministrativeExpenses": 0,
        "sellingAndMarketingExpenses": 0,
        "sellingGeneralAndAdministrativeExpenses": 0,
        "otherExpenses": 0,
        "operatingExpenses": 0,
        "costAndExpenses": 36729000,
        "interestIncome": 0,
        "interestExpense": 4815000,
        "depreciationAndAmortization": 0,
        "ebitda": -16421000,
        "ebitdaratio": -0.6514718718,
        "operatingIncome": -11523000,
        "operatingIncomeRatio": -0.4571530588,
        "totalOtherIncomeExpensesNet": -8809000,
        "incomeBeforeTax": -20332000,
        "incomeBeforeTaxRatio": -0.8066333413,
        "incomeTaxExpense": 449000,
        "netIncome": -20781000,
        "netIncomeRatio": -0.8244465603,
        "eps": -4.12,
        "epsdiluted": -4.12,
        "weightedAverageShsOut": 5038840,
        "weightedAverageShsOutDil": 5038840,
        "link": null,
        "finalLink": null
    },
    {
        "date": "2023-09-30",
        "symbol": "KG",
        "reportedCurrency": "USD",
        "cik": "0001412100",
        "fillingDate": "2023-09-30",
        "acceptedDate": "2023-09-29 20:00:00",
        "calendarYear": "2023",
        "period": "Q3",
        "revenue": 21755000,
        "costOfRevenue": 0,
        "grossProfit": 21755000,
        "grossProfitRatio": 1,
        "researchAndDevelopmentExpenses": 0,
        "generalAndAdministrativeExpenses": 0,
        "sellingAndMarketingExpenses": 0,
        "sellingGeneralAndAdministrativeExpenses": 0,
        "otherExpenses": 0,
        "operatingExpenses": 0,
        "costAndExpenses": 27283000,
        "interestIncome": 0,
        "interestExpense": 4814000,
        "depreciationAndAmortization": 0,
        "ebitda": -934000,
        "ebitdaratio": -0.0429326592,
        "operatingIncome": -5528000,
        "operatingIncomeRatio": -0.2541025052,
        "totalOtherIncomeExpensesNet": 1970000,
        "incomeBeforeTax": -3558000,
        "incomeBeforeTaxRatio": -0.1635486095,
        "incomeTaxExpense": -31000,
        "netIncome": -3527000,
        "netIncomeRatio": -0.1621236497,
        "eps": -0.7,
        "epsdiluted": -0.7,
        "weightedAverageShsOut": 5072738,
        "weightedAverageShsOutDil": 5072738,
        "link": null,
        "finalLink": null
    }
]