[
    {
        "date": "2025-06-30",
        "symbol": "KODK",
        "reportedCurrency": "USD",
        "cik": "0000031235",
        "fillingDate": "2025-08-11",
        "acceptedDate": "2025-08-11 16:17:01",
        "calendarYear": "2025",
        "period": "Q2",
        "revenue": 263000000,
        "costOfRevenue": 212000000,
        "grossProfit": 51000000,
        "grossProfitRatio": 0.1939163498,
        "researchAndDevelopmentExpenses": 9000000,
        "generalAndAdministrativeExpenses": 0,
        "sellingAndMarketingExpenses": 0,
        "sellingGeneralAndAdministrativeExpenses": 41000000,
        "otherExpenses": 6000000,
        "operatingExpenses": 56000000,
        "costAndExpenses": 268000000,
        "interestIncome": 1000000,
        "interestExpense": 15000000,
        "depreciationAndAmortization": 7000000,
        "ebitda": -2000000,
        "ebitdaratio": -0.0076045627,
        "operatingIncome": -5000000,
        "operatingIncomeRatio": -0.0190114068,
        "totalOtherIncomeExpensesNet": -19000000,
        "incomeBeforeTax": -24000000,
        "incomeBeforeTaxRatio": -0.0912547529,
        "incomeTaxExpense": 2000000,
        "netIncome": -26000000,
        "netIncomeRatio": -0.0988593156,
        "eps": -0.36,
        "epsdiluted": -0.36,
        "weightedAverageShsOut": 80900000,
        "weightedAverageShsOutDil": 80900000,
        "link": "https://www.sec.gov/Archives/edgar/data/31235/000095017025106568/0000950170-25-106568-index.htm",
        "finalLink": "https://www.sec.gov/Archives/edgar/data/31235/000095017025106568/kodk-20250630.htm"
    },
    {
        "date": "2025-03-31",
        "symbol": "KODK",
        "reportedCurrency": "USD",
        "cik": "0000031235",
        "fillingDate": "2025-05-08",
        "acceptedDate": "2025-05-08 16:16:02",
        "calendarYear": "2025",
        "period": "Q1",
        "revenue": 247000000,
        "costOfRevenue": 201000000,
        "grossProfit": 46000000,
        "grossProfitRatio": 0.1862348178,
        "researchAndDevelopmentExpenses": 9000000,
        "generalAndAdministrativeExpenses": 0,
        "sellingAndMarketingExpenses": 0,
        "sellingGeneralAndAdministrativeExpenses": 45000000,
        "otherExpenses": 5000000,
        "operatingExpenses": 59000000,
        "costAndExpenses": 260000000,
        "interestIncome": 2000000,
        "interestExpense": 14000000,
        "depreciationAndAmortization": 7000000,
        "ebitda": 16000000,
        "ebitdaratio": 0.0647773279,
        "operatingIncome": -13000000,
        "operatingIncomeRatio": -0.0526315789,
        "totalOtherIncomeExpensesNet": 8000000,
        "incomeBeforeTax": -5000000,
        "incomeBeforeTaxRatio": -0.020242915,
        "incomeTaxExpense": 2000000,
        "netIncome": -7000000,
        "netIncomeRatio": -0.028340081,
        "eps": -0.12,
        "epsdiluted": -0.12,
        "weightedAverageShsOut": 80600000,
        "weightedAverageShsOutDil": 80600000,
        "link": "https://www.sec.gov/Archives/edgar/data/31235/000095017025067006/0000950170-25-067006-index.htm",
        "finalLink": "https://www.sec.gov/Archives/edgar/data/31235/000095017025067006/kodk-20250331.htm"
    },
    {
        "date": "2024-12-31",
        "symbol": "KODK",
        "reportedCurrency": "USD",
        "cik": "0000031235",
        "fillingDate": "2025-03-17",
        "acceptedDate": "2025-03-17 16:12:41",
        "calendarYear": "2024",
        "period": "Q4",
        "revenue": 266000000,
        "costOfRevenue": 215000000,
        "grossProfit": 51000000,
        "grossProfitRatio": 0.1917293233,
        "researchAndDevelopmentExpenses": 8000000,
        "generalAndAdministrativeExpenses": 0,
        "sellingAndMarketingExpenses": 0,
        "sellingGeneralAndAdministrativeExpenses": 43000000,
        "otherExpenses": 8000000,
        "operatingExpenses": 59000000,
        "costAndExpenses": 274000000,
        "interestIncome": 3000000,
        "interestExpense": 15000000,
        "depreciationAndAmortization": 7000000,
        "ebitda": 49000000,
        "ebitdaratio": 0.1842105263,
        "operatingIncome": -8000000,
        "operatingIncomeRatio": -0.030075188,
        "totalOtherIncomeExpensesNet": 35000000,
        "incomeBeforeTax": 27000000,
        "incomeBeforeTaxRatio": 0.1015037594,
        "incomeTaxExpense": 1000000,
        "netIncome": 26000000,
        "netIncomeRatio": 0.0977443609,
        "eps": 0.25,
        "epsdiluted": 0.25,
        "weightedAverageShsOut": 80100000,
        "weightedAverageShsOutDil": 80500000,
        "link": "https://www.sec.gov/Archives/edgar/data/31235/000095017025040256/0000950170-25-040256-index.htm",
        "finalLink": "https://www.sec.gov/Archives/edgar/data/31235/000095017025040256/kodk-20241231.htm"
    },
    {
        "date": "2024-09-30",
        "symbol": "KODK",
        "reportedCurrency": "USD",
        "cik": "0000031235",
        "fillingDate": "2024-11-12",
        "acceptedDate": "2024-11-12 16:13:22",
        "calendarYear": "2024",
        "period": "Q3",
        "revenue": 261000000,
        "costOfRevenue": 216000000,
        "grossProfit": 45000000,
        "grossProfitRatio": 0.1724137931,
        "researchAndDevelopmentExpenses": 8000000,
        "generalAndAdministrativeExpenses": 0,
        "sellingAndMarketingExpenses": 0,
        "sellingGeneralAndAdministrativeExpenses": 44000000,
        "otherExpenses": 1000000,
        "operatingExpenses": 53000000,
        "costAndExpenses": 269000000,
        "interestIncome": 2000000,
        "interestExpense": 14000000,
        "depreciationAndAmortization": 8000000,
        "ebitda": 43000000,
        "ebitdaratio": 0.1647509579,
        "operatingIncome": -8000000,
        "operatingIncomeRatio": -0.030651341,
        "totalOtherIncomeExpensesNet": 29000000,
        "incomeBeforeTax": 21000000,
        "incomeBeforeTaxRatio": 0.0804597701,
        "incomeTaxExpense": 3000000,
        "netIncome": 18000000,
        "netIncomeRatio": 0.0689655172,
        "eps": 0.16,
        "epsdiluted": 0.15,
        "weightedAverageShsOut": 80100000,
        "weightedAverageShsOutDil": 92400000,
        "link": "https://www.sec.gov/Archives/edgar/data/31235/000143774924034553/0001437749-24-034553-index.htm",
        "finalLink": "https://www.sec.gov/Archives/edgar/data/31235/000143774924034553/ekc20240930_10q.htm"
    },
    {
        "date": "2024-06-30",
        "symbol": "KODK",
        "reportedCurrency": "USD",
        "cik": "0000031235",
        "fillingDate": "2024-08-08",
        "acceptedDate": "2024-08-08 16:15:37",
        "calendarYear": "2024",
        "period": "Q2",
        "revenue": 267000000,
        "costOfRevenue": 209000000,
        "grossProfit": 58000000,
        "grossProfitRatio": 0.2172284644,
        "researchAndDevelopmentExpenses": 8000000,
        "generalAndAdministrativeExpenses": 0,
        "sellingAndMarketingExpenses": 0,
        "sellingGeneralAndAdministrativeExpenses": 47000000,
        "otherExpenses": 1000000,
        "operatingExpenses": 56000000,
        "costAndExpenses": 265000000,
        "interestIncome": 3000000,
        "interestExpense": 15000000,
        "depreciationAndAmortization": 6000000,
        "ebitda": 48000000,
        "ebitdaratio": 0.1797752809,
        "operatingIncome": 2000000,
        "operatingIncomeRatio": 0.0074906367,
        "totalOtherIncomeExpensesNet": 25000000,
        "incomeBeforeTax": 27000000,
        "incomeBeforeTaxRatio": 0.1011235955,
        "incomeTaxExpense": 1000000,
        "netIncome": 26000000,
        "netIncomeRatio": 0.0973782772,
        "eps": 0.26,
        "epsdiluted": 0.23,
        "weightedAverageShsOut": 80100000,
        "weightedAverageShsOutDil": 92400000,
        "link": "https://www.sec.gov/Archives/edgar/data/31235/000143774924025552/0001437749-24-025552-index.htm",
        "finalLink": "https://www.sec.gov/Archives/edgar/data/31235/000143774924025552/ekc20240523_10q.htm"
    },
    {
        "date": "2024-03-31",
        "symbol": "KODK",
        "reportedCurrency": "USD",
        "cik": "0000031235",
        "fillingDate": "2024-05-09",
        "acceptedDate": "2024-05-09 16:15:05",
        "calendarYear": "2024",
        "period": "Q1",
        "revenue": 249000000,
        "costOfRevenue": 200000000,
        "grossProfit": 49000000,
        "grossProfitRatio": 0.1967871486,
        "researchAndDevelopmentExpenses": 9000000,
        "generalAndAdministrativeExpenses": 0,
        "sellingAndMarketingExpenses": 0,
        "sellingGeneralAndAdministrativeExpenses": 45000000,
        "otherExpenses": -12000000,
        "operatingExpenses": 42000000,
        "costAndExpenses": 242000000,
        "interestIncome": 4000000,
        "interestExpense": 15000000,
        "depreciationAndAmortization": 7000000,
        "ebitda": 57000000,
        "ebitdaratio": 0.2289156627,
        "operatingIncome": 7000000,
        "operatingIncomeRatio": 0.0281124498,
        "totalOtherIncomeExpensesNet": 28000000,
        "incomeBeforeTax": 35000000,
        "incomeBeforeTaxRatio": 0.140562249,
        "incomeTaxExpense": 3000000,
        "netIncome": 32000000,
        "netIncomeRatio": 0.1285140562,
        "eps": 0.31,
        "epsdiluted": 0.3,
        "weightedAverageShsOut": 79700000,
        "weightedAverageShsOutDil": 91300000,
        "link": "https://www.sec.gov/Archives/edgar/data/31235/000143774924015681/0001437749-24-015681-index.htm",
        "finalLink": "https://www.sec.gov/Archives/edgar/data/31235/000143774924015681/ekc20240331_10q.htm"
    },
    {
        "date": "2023-12-31",
        "symbol": "KODK",
        "reportedCurrency": "USD",
        "cik": "0000031235",
        "fillingDate": "2024-03-14",
        "acceptedDate": "2024-03-14 16:15:02",
        "calendarYear": "2023",
        "period": "Q4",
        "revenue": 275000000,
        "costOfRevenue": 228000000,
        "grossProfit": 47000000,
        "grossProfitRatio": 0.1709090909,
        "researchAndDevelopmentExpenses": 9000000,
        "generalAndAdministrativeExpenses": 0,
        "sellingAndMarketingExpenses": 0,
        "sellingGeneralAndAdministrativeExpenses": 45000000,
        "otherExpenses": 6000000,
        "operatingExpenses": 60000000,
        "costAndExpenses": 288000000,
        "interestIncome": 6000000,
        "interestExpense": 16000000,
        "depreciationAndAmortization": 7000000,
        "ebitda": 32000000,
        "ebitdaratio": 0.1163636364,
        "operatingIncome": -13000000,
        "operatingIncomeRatio": -0.0472727273,
        "totalOtherIncomeExpensesNet": 22000000,
        "incomeBeforeTax": 9000000,
        "incomeBeforeTaxRatio": 0.0327272727,
        "incomeTaxExpense": 4000000,
        "netIncome": 5000000,
        "netIncomeRatio": 0.0181818182,
        "eps": 0.0251,
        "epsdiluted": 0.0251,
        "weightedAverageShsOut": 79600000,
        "weightedAverageShsOutDil": 79600000,
        "link": "https://www.sec.gov/Archives/edgar/data/31235/000143774924007849/0001437749-24-007849-index.htm",
        "finalLink": "https://www.sec.gov/Archives/edgar/data/31235/000143774924007849/ekc20231231_10k.htm"
    },
    {
        "date": "2023-09-30",
        "symbol": "KODK",
        "reportedCurrency": "USD",
        "cik": "0000031235",
        "fillingDate": "2023-11-08",
        "acceptedDate": "2023-11-08 16:14:18",
        "calendarYear": "2023",
        "period": "Q3",
        "revenue": 269000000,
        "costOfRevenue": 219000000,
        "grossProfit": 50000000,
        "grossProfitRatio": 0.1858736059,
        "researchAndDevelopmentExpenses": 7000000,
        "generalAndAdministrativeExpenses": 0,
        "sellingAndMarketingExpenses": 0,
        "sellingGeneralAndAdministrativeExpenses": 40000000,
        "otherExpenses": 0,
        "operatingExpenses": 47000000,
        "costAndExpenses": 266000000,
        "interestIncome": 1000000,
        "interestExpense": 14000000,
        "depreciationAndAmortization": 7000000,
        "ebitda": 21000000,
        "ebitdaratio": 0.0780669145,
        "operatingIncome": 3000000,
        "operatingIncomeRatio": 0.0111524164,
        "totalOtherIncomeExpensesNet": -3000000,
        "incomeBeforeTax": 0,
        "incomeBeforeTaxRatio": 0,
        "incomeTaxExpense": -2000000,
        "netIncome": 2000000,
        "netIncomeRatio": 0.0074349442,
        "eps": 0,
        "epsdiluted": 0,
        "weightedAverageShsOut": 79500000,
        "weightedAverageShsOutDil": 79500000,
        "link": "https://www.sec.gov/Archives/edgar/data/31235/000143774923030954/0001437749-23-030954-index.htm",
        "finalLink": "https://www.sec.gov/Archives/edgar/data/31235/000143774923030954/ekc20230930_10q.htm"
    },
    {
        "date": "2023-06-30",
        "symbol": "KODK",
        "reportedCurrency": "USD",
        "cik": "0000031235",
        "fillingDate": "2023-08-08",
        "acceptedDate": "2023-08-08 16:13:07",
        "calendarYear": "2023",
        "period": "Q2",
        "revenue": 295000000,
        "costOfRevenue": 232000000,
        "grossProfit": 63000000,
        "grossProfitRatio": 0.213559322,
        "researchAndDevelopmentExpenses": 9000000,
        "generalAndAdministrativeExpenses": 0,
        "sellingAndMarketingExpenses": 0,
        "sellingGeneralAndAdministrativeExpenses": 40000000,
        "otherExpenses": 0,
        "operatingExpenses": 49000000,
        "costAndExpenses": 281000000,
        "interestIncome": 1000000,
        "interestExpense": 11000000,
        "depreciationAndAmortization": 8000000,
        "ebitda": 56000000,
        "ebitdaratio": 0.1898305085,
        "operatingIncome": 14000000,
        "operatingIncomeRatio": 0.0474576271,
        "totalOtherIncomeExpensesNet": 23000000,
        "incomeBeforeTax": 37000000,
        "incomeBeforeTaxRatio": 0.1254237288,
        "incomeTaxExpense": 2000000,
        "netIncome": 35000000,
        "netIncomeRatio": 0.1186440678,
        "eps": 0.35,
        "epsdiluted": 0.3,
        "weightedAverageShsOut": 79400000,
        "weightedAverageShsOutDil": 93000000,
        "link": "https://www.sec.gov/Archives/edgar/data/31235/000143774923022515/0001437749-23-022515-index.htm",
        "finalLink": "https://www.sec.gov/Archives/edgar/data/31235/000143774923022515/ekc20230630_10q.htm"
    },
    {
        "date": "2023-03-31",
        "symbol": "KODK",
        "reportedCurrency": "USD",
        "cik": "0000031235",
        "fillingDate": "2023-05-09",
        "acceptedDate": "2023-05-09 16:14:09",
        "calendarYear": "2023",
        "period": "Q1",
        "revenue": 278000000,
        "costOfRevenue": 228000000,
        "grossProfit": 50000000,
        "grossProfitRatio": 0.1798561151,
        "researchAndDevelopmentExpenses": 9000000,
        "generalAndAdministrativeExpenses": 0,
        "sellingAndMarketingExpenses": 0,
        "sellingGeneralAndAdministrativeExpenses": 34000000,
        "otherExpenses": 2000000,
        "operatingExpenses": 45000000,
        "costAndExpenses": 273000000,
        "interestIncome": 8000000,
        "interestExpense": 11000000,
        "depreciationAndAmortization": 8000000,
        "ebitda": 60000000,
        "ebitdaratio": 0.2158273381,
        "operatingIncome": 5000000,
        "operatingIncomeRatio": 0.0179856115,
        "totalOtherIncomeExpensesNet": 36000000,
        "incomeBeforeTax": 41000000,
        "incomeBeforeTaxRatio": 0.1474820144,
        "incomeTaxExpense": 8000000,
        "netIncome": 33000000,
        "netIncomeRatio": 0.118705036,
        "eps": 0.33,
        "epsdiluted": 0.28,
        "weightedAverageShsOut": 79100000,
        "weightedAverageShsOutDil": 92200000,
        "link": "https://www.sec.gov/Archives/edgar/data/31235/000143774923013304/0001437749-23-013304-index.htm",
        "finalLink": "https://www.sec.gov/Archives/edgar/data/31235/000143774923013304/ekc20230331_10q.htm"
    },
    {
        "date": "2022-12-31",
        "symbol": "KODK",
        "reportedCurrency": "USD",
        "cik": "0000031235",
        "fillingDate": "2023-03-16",
        "acceptedDate": "2023-03-16 16:15:02",
        "calendarYear": "2022",
        "period": "Q4",
        "revenue": 305000000,
        "costOfRevenue": 262000000,
        "grossProfit": 43000000,
        "grossProfitRatio": 0.1409836066,
        "researchAndDevelopmentExpenses": 8000000,
        "generalAndAdministrativeExpenses": 0,
        "sellingAndMarketingExpenses": 0,
        "sellingGeneralAndAdministrativeExpenses": 30000000,
        "otherExpenses": -1000000,
        "operatingExpenses": 37000000,
        "costAndExpenses": 299000000,
        "interestIncome": 0,
        "interestExpense": 11000000,
        "depreciationAndAmortization": 7000000,
        "ebitda": 28000000,
        "ebitdaratio": 0.0918032787,
        "operatingIncome": 6000000,
        "operatingIncomeRatio": 0.0196721311,
        "totalOtherIncomeExpensesNet": 4000000,
        "incomeBeforeTax": 10000000,
        "incomeBeforeTaxRatio": 0.0327868852,
        "incomeTaxExpense": 3000000,
        "netIncome": 7000000,
        "netIncomeRatio": 0.0229508197,
        "eps": 0.0506,
        "epsdiluted": 0.0498,
        "weightedAverageShsOut": 79100000,
        "weightedAverageShsOutDil": 80375903,
        "link": "https://www.sec.gov/Archives/edgar/data/31235/000143774923006897/0001437749-23-006897-index.htm",
        "finalLink": "https://www.sec.gov/Archives/edgar/data/31235/000143774923006897/ekc20221231_10k.htm"
    },
    {
        "date": "2022-09-30",
        "symbol": "KODK",
        "reportedCurrency": "USD",
        "cik": "0000031235",
        "fillingDate": "2022-11-08",
        "acceptedDate": "2022-11-08 16:15:18",
        "calendarYear": "2022",
        "period": "Q3",
        "revenue": 289000000,
        "costOfRevenue": 246000000,
        "grossProfit": 43000000,
        "grossProfitRatio": 0.1487889273,
        "researchAndDevelopmentExpenses": 8000000,
        "generalAndAdministrativeExpenses": 0,
        "sellingAndMarketingExpenses": 0,
        "sellingGeneralAndAdministrativeExpenses": 39000000,
        "otherExpenses": 3000000,
        "operatingExpenses": 50000000,
        "costAndExpenses": 296000000,
        "interestIncome": 0,
        "interestExpense": 10000000,
        "depreciationAndAmortization": 8000000,
        "ebitda": 21000000,
        "ebitdaratio": 0.0726643599,
        "operatingIncome": -7000000,
        "operatingIncomeRatio": -0.0242214533,
        "totalOtherIncomeExpensesNet": 10000000,
        "incomeBeforeTax": 3000000,
        "incomeBeforeTaxRatio": 0.0103806228,
        "incomeTaxExpense": 1000000,
        "netIncome": 2000000,
        "netIncomeRatio": 0.0069204152,
        "eps": -0.0127,
        "epsdiluted": -0.0127,
        "weightedAverageShsOut": 79000000,
        "weightedAverageShsOutDil": 79000000,
        "link": "https://www.sec.gov/Archives/edgar/data/31235/000143774922026362/0001437749-22-026362-index.htm",
        "finalLink": "https://www.sec.gov/Archives/edgar/data/31235/000143774922026362/ekc20220930_10q.htm"
    },
    {
        "date": "2022-06-30",
        "symbol": "KODK",
        "reportedCurrency": "USD",
        "cik": "0000031235",
        "fillingDate": "2022-08-09",
        "acceptedDate": "2022-08-09 16:14:34",
        "calendarYear": "2022",
        "period": "Q2",
        "revenue": 321000000,
        "costOfRevenue": 270000000,
        "grossProfit": 51000000,
        "grossProfitRatio": 0.1588785047,
        "researchAndDevelopmentExpenses": 9000000,
        "generalAndAdministrativeExpenses": 0,
        "sellingAndMarketingExpenses": 0,
        "sellingGeneralAndAdministrativeExpenses": 41000000,
        "otherExpenses": 0,
        "operatingExpenses": 50000000,
        "costAndExpenses": 320000000,
        "interestIncome": 0,
        "interestExpense": 10000000,
        "depreciationAndAmortization": 7000000,
        "ebitda": 36000000,
        "ebitdaratio": 0.1121495327,
        "operatingIncome": 1000000,
        "operatingIncomeRatio": 0.0031152648,
        "totalOtherIncomeExpensesNet": 18000000,
        "incomeBeforeTax": 19000000,
        "incomeBeforeTaxRatio": 0.0591900312,
        "incomeTaxExpense": -1000000,
        "netIncome": 20000000,
        "netIncomeRatio": 0.062305296,
        "eps": 0.2,
        "epsdiluted": 0.19,
        "weightedAverageShsOut": 78900000,
        "weightedAverageShsOutDil": 90200000,
        "link": "https://www.sec.gov/Archives/edgar/data/31235/000156459022028760/0001564590-22-028760-index.htm",
        "finalLink": "https://www.sec.gov/Archives/edgar/data/31235/000156459022028760/kodk-10q_20220630.htm"
    },
    {
        "date": "2022-03-31",
        "symbol": "KODK",
        "reportedCurrency": "USD",
        "cik": "0000031235",
        "fillingDate": "2022-05-10",
        "acceptedDate": "2022-05-10 16:14:14",
        "calendarYear": "2022",
        "period": "Q1",
        "revenue": 290000000,
        "costOfRevenue": 257000000,
        "grossProfit": 33000000,
        "grossProfitRatio": 0.1137931034,
        "researchAndDevelopmentExpenses": 9000000,
        "generalAndAdministrativeExpenses": 0,
        "sellingAndMarketingExpenses": 0,
        "sellingGeneralAndAdministrativeExpenses": 43000000,
        "otherExpenses": 0,
        "operatingExpenses": 52000000,
        "costAndExpenses": 309000000,
        "interestIncome": 0,
        "interestExpense": 9000000,
        "depreciationAndAmortization": 7000000,
        "ebitda": 15000000,
        "ebitdaratio": 0.0517241379,
        "operatingIncome": -19000000,
        "operatingIncomeRatio": -0.0655172414,
        "totalOtherIncomeExpensesNet": 18000000,
        "incomeBeforeTax": -1000000,
        "incomeBeforeTaxRatio": -0.0034482759,
        "incomeTaxExpense": 2000000,
        "netIncome": -3000000,
        "netIncomeRatio": -0.0103448276,
        "eps": -0.08,
        "epsdiluted": -0.0762,
        "weightedAverageShsOut": 75000000,
        "weightedAverageShsOutDil": 78700000,
        "link": "https://www.sec.gov/Archives/edgar/data/31235/000156459022019280/0001564590-22-019280-index.htm",
        "finalLink": "https://www.sec.gov/Archives/edgar/data/31235/000156459022019280/kodk-10q_20220331.htm"
    },
    {
        "date": "2021-12-31",
        "symbol": "KODK",
        "reportedCurrency": "USD",
        "cik": "0000031235",
        "fillingDate": "2022-03-15",
        "acceptedDate": "2022-03-15 16:27:37",
        "calendarYear": "2021",
        "period": "Q4",
        "revenue": 307000000,
        "costOfRevenue": 274000000,
        "grossProfit": 33000000,
        "grossProfitRatio": 0.1074918567,
        "researchAndDevelopmentExpenses": 9000000,
        "generalAndAdministrativeExpenses": 0,
        "sellingAndMarketingExpenses": 0,
        "sellingGeneralAndAdministrativeExpenses": 46000000,
        "otherExpenses": 0,
        "operatingExpenses": 55000000,
        "costAndExpenses": 329000000,
        "interestIncome": 0,
        "interestExpense": 10000000,
        "depreciationAndAmortization": 8000000,
        "ebitda": 11000000,
        "ebitdaratio": 0.0358306189,
        "operatingIncome": -22000000,
        "operatingIncomeRatio": -0.0716612378,
        "totalOtherIncomeExpensesNet": 15000000,
        "incomeBeforeTax": -7000000,
        "incomeBeforeTaxRatio": -0.0228013029,
        "incomeTaxExpense": -1000000,
        "netIncome": -6000000,
        "netIncomeRatio": -0.0195439739,
        "eps": -0.11,
        "epsdiluted": -0.11,
        "weightedAverageShsOut": 78600000,
        "weightedAverageShsOutDil": 80600000,
        "link": "https://www.sec.gov/Archives/edgar/data/31235/000156459022010405/0001564590-22-010405-index.htm",
        "finalLink": "https://www.sec.gov/Archives/edgar/data/31235/000156459022010405/kodk-10k_20211231.htm"
    },
    {
        "date": "2021-09-30",
        "symbol": "KODK",
        "reportedCurrency": "USD",
        "cik": "0000031235",
        "fillingDate": "2021-11-09",
        "acceptedDate": "2021-11-09 16:48:50",
        "calendarYear": "2021",
        "period": "Q3",
        "revenue": 287000000,
        "costOfRevenue": 244000000,
        "grossProfit": 43000000,
        "grossProfitRatio": 0.149825784,
        "researchAndDevelopmentExpenses": 8000000,
        "generalAndAdministrativeExpenses": 0,
        "sellingAndMarketingExpenses": 0,
        "sellingGeneralAndAdministrativeExpenses": 43000000,
        "otherExpenses": 1000000,
        "operatingExpenses": 52000000,
        "costAndExpenses": 296000000,
        "interestIncome": 0,
        "interestExpense": 9000000,
        "depreciationAndAmortization": 7000000,
        "ebitda": 25000000,
        "ebitdaratio": 0.0871080139,
        "operatingIncome": -9000000,
        "operatingIncomeRatio": -0.031358885,
        "totalOtherIncomeExpensesNet": 18000000,
        "incomeBeforeTax": 9000000,
        "incomeBeforeTaxRatio": 0.031358885,
        "incomeTaxExpense": 1000000,
        "netIncome": 8000000,
        "netIncomeRatio": 0.0278745645,
        "eps": 0.0636,
        "epsdiluted": 0.062,
        "weightedAverageShsOut": 78600000,
        "weightedAverageShsOutDil": 80600000,
        "link": "https://www.sec.gov/Archives/edgar/data/31235/000156459021055793/0001564590-21-055793-index.htm",
        "finalLink": "https://www.sec.gov/Archives/edgar/data/31235/000156459021055793/kodk-10q_20210930.htm"
    },
    {
        "date": "2021-06-30",
        "symbol": "KODK",
        "reportedCurrency": "USD",
        "cik": "0000031235",
        "fillingDate": "2021-08-10",
        "acceptedDate": "2021-08-10 16:11:22",
        "calendarYear": "2021",
        "period": "Q2",
        "revenue": 291000000,
        "costOfRevenue": 243000000,
        "grossProfit": 48000000,
        "grossProfitRatio": 0.1649484536,
        "researchAndDevelopmentExpenses": 8000000,
        "generalAndAdministrativeExpenses": 0,
        "sellingAndMarketingExpenses": 0,
        "sellingGeneralAndAdministrativeExpenses": 42000000,
        "otherExpenses": 0,
        "operatingExpenses": 50000000,
        "costAndExpenses": 293000000,
        "interestIncome": 0,
        "interestExpense": 10000000,
        "depreciationAndAmortization": 8000000,
        "ebitda": 37000000,
        "ebitdaratio": 0.1271477663,
        "operatingIncome": -2000000,
        "operatingIncomeRatio": -0.0068728522,
        "totalOtherIncomeExpensesNet": 21000000,
        "incomeBeforeTax": 19000000,
        "incomeBeforeTaxRatio": 0.0652920962,
        "incomeTaxExpense": 3000000,
        "netIncome": 16000000,
        "netIncomeRatio": 0.0549828179,
        "eps": 0.22,
        "epsdiluted": 0.16,
        "weightedAverageShsOut": 78500000,
        "weightedAverageShsOutDil": 100600000,
        "link": "https://www.sec.gov/Archives/edgar/data/31235/000156459021043080/0001564590-21-043080-index.htm",
        "finalLink": "https://www.sec.gov/Archives/edgar/data/31235/000156459021043080/kodk-10q_20210630.htm"
    },
    {
        "date": "2021-03-31",
        "symbol": "KODK",
        "reportedCurrency": "USD",
        "cik": "0000031235",
        "fillingDate": "2021-05-17",
        "acceptedDate": "2021-05-17 16:16:38",
        "calendarYear": "2021",
        "period": "Q1",
        "revenue": 265000000,
        "costOfRevenue": 225000000,
        "grossProfit": 40000000,
        "grossProfitRatio": 0.1509433962,
        "researchAndDevelopmentExpenses": 8000000,
        "generalAndAdministrativeExpenses": 0,
        "sellingAndMarketingExpenses": 0,
        "sellingGeneralAndAdministrativeExpenses": 46000000,
        "otherExpenses": 0,
        "operatingExpenses": 54000000,
        "costAndExpenses": 279000000,
        "interestIncome": 0,
        "interestExpense": 4000000,
        "depreciationAndAmortization": 8000000,
        "ebitda": 19000000,
        "ebitdaratio": 0.0716981132,
        "operatingIncome": -14000000,
        "operatingIncomeRatio": -0.0528301887,
        "totalOtherIncomeExpensesNet": 21000000,
        "incomeBeforeTax": 7000000,
        "incomeBeforeTaxRatio": 0.0264150943,
        "incomeTaxExpense": 1000000,
        "netIncome": 6000000,
        "netIncomeRatio": 0.0226415094,
        "eps": 0.17,
        "epsdiluted": 0.16,
        "weightedAverageShsOut": 77800000,
        "weightedAverageShsOutDil": 78500000,
        "link": "https://www.sec.gov/Archives/edgar/data/31235/000156459021028398/0001564590-21-028398-index.htm",
        "finalLink": "https://www.sec.gov/Archives/edgar/data/31235/000156459021028398/kodk-10q_20210331.htm"
    },
    {
        "date": "2020-12-31",
        "symbol": "KODK",
        "reportedCurrency": "USD",
        "cik": "0000031235",
        "fillingDate": "2021-03-16",
        "acceptedDate": "2021-03-16 16:21:32",
        "calendarYear": "2020",
        "period": "Q4",
        "revenue": 297000000,
        "costOfRevenue": 250000000,
        "grossProfit": 47000000,
        "grossProfitRatio": 0.1582491582,
        "researchAndDevelopmentExpenses": 9000000,
        "generalAndAdministrativeExpenses": 0,
        "sellingAndMarketingExpenses": 0,
        "sellingGeneralAndAdministrativeExpenses": 34000000,
        "otherExpenses": -2000000,
        "operatingExpenses": 41000000,
        "costAndExpenses": 291000000,
        "interestIncome": 0,
        "interestExpense": 1000000,
        "depreciationAndAmortization": 8000000,
        "ebitda": 27000000,
        "ebitdaratio": 0.0909090909,
        "operatingIncome": 6000000,
        "operatingIncomeRatio": 0.0202020202,
        "totalOtherIncomeExpensesNet": 12000000,
        "incomeBeforeTax": 18000000,
        "incomeBeforeTaxRatio": 0.0606060606,
        "incomeTaxExpense": 1000000,
        "netIncome": 20000000,
        "netIncomeRatio": 0.0673400673,
        "eps": 0.46,
        "epsdiluted": 0.46,
        "weightedAverageShsOut": 43700000,
        "weightedAverageShsOutDil": 43700000,
        "link": "https://www.sec.gov/Archives/edgar/data/31235/000156459021013581/0001564590-21-013581-index.htm",
        "finalLink": "https://www.sec.gov/Archives/edgar/data/31235/000156459021013581/kodk-10k_20201231.htm"
    },
    {
        "date": "2020-09-30",
        "symbol": "KODK",
        "reportedCurrency": "USD",
        "cik": "0000031235",
        "fillingDate": "2020-11-10",
        "acceptedDate": "2020-11-10 16:15:24",
        "calendarYear": "2020",
        "period": "Q3",
        "revenue": 252000000,
        "costOfRevenue": 221000000,
        "grossProfit": 31000000,
        "grossProfitRatio": 0.123015873,
        "researchAndDevelopmentExpenses": 8000000,
        "generalAndAdministrativeExpenses": 0,
        "sellingAndMarketingExpenses": 0,
        "sellingGeneralAndAdministrativeExpenses": 56000000,
        "otherExpenses": 0,
        "operatingExpenses": 64000000,
        "costAndExpenses": 285000000,
        "interestIncome": 0,
        "interestExpense": 3000000,
        "depreciationAndAmortization": 9000000,
        "ebitda": -432000000,
        "ebitdaratio": -1.7142857143,
        "operatingIncome": -33000000,
        "operatingIncomeRatio": -0.130952381,
        "totalOtherIncomeExpensesNet": -411000000,
        "incomeBeforeTax": -444000000,
        "incomeBeforeTaxRatio": -1.7619047619,
        "incomeTaxExpense": 1000000,
        "netIncome": -445000000,
        "netIncomeRatio": -1.7658730159,
        "eps": -6.94,
        "epsdiluted": -6.94,
        "weightedAverageShsOut": 64800000,
        "weightedAverageShsOutDil": 64800000,
        "link": "https://www.sec.gov/Archives/edgar/data/31235/000156459020052967/0001564590-20-052967-index.htm",
        "finalLink": "https://www.sec.gov/Archives/edgar/data/31235/000156459020052967/kodk-10q_20200930.htm"
    },
    {
        "date": "2020-06-30",
        "symbol": "KODK",
        "reportedCurrency": "USD",
        "cik": "0000031235",
        "fillingDate": "2020-08-11",
        "acceptedDate": "2020-08-11 16:14:57",
        "calendarYear": "2020",
        "period": "Q2",
        "revenue": 213000000,
        "costOfRevenue": 192000000,
        "grossProfit": 21000000,
        "grossProfitRatio": 0.0985915493,
        "researchAndDevelopmentExpenses": 8000000,
        "generalAndAdministrativeExpenses": 0,
        "sellingAndMarketingExpenses": 0,
        "sellingGeneralAndAdministrativeExpenses": 34000000,
        "otherExpenses": -2000000,
        "operatingExpenses": 40000000,
        "costAndExpenses": 232000000,
        "interestIncome": 0,
        "interestExpense": 4000000,
        "depreciationAndAmortization": 10000000,
        "ebitda": 10000000,
        "ebitdaratio": 0.0469483568,
        "operatingIncome": -19000000,
        "operatingIncomeRatio": -0.0892018779,
        "totalOtherIncomeExpensesNet": 15000000,
        "incomeBeforeTax": -4000000,
        "incomeBeforeTaxRatio": -0.0187793427,
        "incomeTaxExpense": 1000000,
        "netIncome": -5000000,
        "netIncomeRatio": -0.0234741784,
        "eps": -0.23,
        "epsdiluted": -0.23,
        "weightedAverageShsOut": 43478260,
        "weightedAverageShsOutDil": 43700000,
        "link": "https://www.sec.gov/Archives/edgar/data/31235/000156459020039315/0001564590-20-039315-index.htm",
        "finalLink": "https://www.sec.gov/Archives/edgar/data/31235/000156459020039315/kodk-10q_20200630.htm"
    },
    {
        "date": "2020-03-31",
        "symbol": "KODK",
        "reportedCurrency": "USD",
        "cik": "0000031235",
        "fillingDate": "2020-05-12",
        "acceptedDate": "2020-05-12 16:15:49",
        "calendarYear": "2020",
        "period": "Q1",
        "revenue": 267000000,
        "costOfRevenue": 231000000,
        "grossProfit": 36000000,
        "grossProfitRatio": 0.1348314607,
        "researchAndDevelopmentExpenses": 9000000,
        "generalAndAdministrativeExpenses": 0,
        "sellingAndMarketingExpenses": 0,
        "sellingGeneralAndAdministrativeExpenses": 48000000,
        "otherExpenses": 0,
        "operatingExpenses": 57000000,
        "costAndExpenses": 288000000,
        "interestIncome": 0,
        "interestExpense": 4000000,
        "depreciationAndAmortization": 10000000,
        "ebitda": 68000000,
        "ebitdaratio": 0.2546816479,
        "operatingIncome": -21000000,
        "operatingIncomeRatio": -0.0786516854,
        "totalOtherIncomeExpensesNet": 75000000,
        "incomeBeforeTax": 54000000,
        "incomeBeforeTaxRatio": 0.202247191,
        "incomeTaxExpense": 165000000,
        "netIncome": -111000000,
        "netIncomeRatio": -0.4157303371,
        "eps": -2.66,
        "epsdiluted": -2.66,
        "weightedAverageShsOut": 43600000,
        "weightedAverageShsOutDil": 43600000,
        "link": "https://www.sec.gov/Archives/edgar/data/31235/000156459020024666/0001564590-20-024666-index.htm",
        "finalLink": "https://www.sec.gov/Archives/edgar/data/31235/000156459020024666/kodk-10q_20200331.htm"
    },
    {
        "date": "2019-12-31",
        "symbol": "KODK",
        "reportedCurrency": "USD",
        "cik": "0000031235",
        "fillingDate": "2020-03-17",
        "acceptedDate": "2020-03-17 16:14:43",
        "calendarYear": "2019",
        "period": "Q4",
        "revenue": 329000000,
        "costOfRevenue": 282000000,
        "grossProfit": 47000000,
        "grossProfitRatio": 0.1428571429,
        "researchAndDevelopmentExpenses": 9000000,
        "generalAndAdministrativeExpenses": 0,
        "sellingAndMarketingExpenses": 0,
        "sellingGeneralAndAdministrativeExpenses": 50000000,
        "otherExpenses": -2000000,
        "operatingExpenses": 57000000,
        "costAndExpenses": 339000000,
        "interestIncome": 0,
        "interestExpense": 4000000,
        "depreciationAndAmortization": 12000000,
        "ebitda": -28000000,
        "ebitdaratio": -0.085106383,
        "operatingIncome": -10000000,
        "operatingIncomeRatio": -0.0303951368,
        "totalOtherIncomeExpensesNet": -34000000,
        "incomeBeforeTax": -44000000,
        "incomeBeforeTaxRatio": -0.1337386018,
        "incomeTaxExpense": 19000000,
        "netIncome": -62000000,
        "netIncomeRatio": -0.188449848,
        "eps": -1.58,
        "epsdiluted": -1.58,
        "weightedAverageShsOut": 43000000,
        "weightedAverageShsOutDil": 43000000,
        "link": "https://www.sec.gov/Archives/edgar/data/31235/000156459020011408/0001564590-20-011408-index.htm",
        "finalLink": "https://www.sec.gov/Archives/edgar/data/31235/000156459020011408/kodk-10k_20191231.htm"
    },
    {
        "date": "2019-09-30",
        "symbol": "KODK",
        "reportedCurrency": "USD",
        "cik": "0000031235",
        "fillingDate": "2019-11-07",
        "acceptedDate": "2019-11-07 16:15:20",
        "calendarYear": "2019",
        "period": "Q3",
        "revenue": 315000000,
        "costOfRevenue": 262000000,
        "grossProfit": 53000000,
        "grossProfitRatio": 0.1682539683,
        "researchAndDevelopmentExpenses": 11000000,
        "generalAndAdministrativeExpenses": 0,
        "sellingAndMarketingExpenses": 0,
        "sellingGeneralAndAdministrativeExpenses": 48000000,
        "otherExpenses": -2000000,
        "operatingExpenses": 57000000,
        "costAndExpenses": 319000000,
        "interestIncome": 0,
        "interestExpense": 4000000,
        "depreciationAndAmortization": 14000000,
        "ebitda": 15000000,
        "ebitdaratio": 0.0476190476,
        "operatingIncome": -4000000,
        "operatingIncomeRatio": -0.0126984127,
        "totalOtherIncomeExpensesNet": 1000000,
        "incomeBeforeTax": -3000000,
        "incomeBeforeTaxRatio": -0.0095238095,
        "incomeTaxExpense": 7000000,
        "netIncome": -5000000,
        "netIncomeRatio": -0.0158730159,
        "eps": -0.35,
        "epsdiluted": -0.35,
        "weightedAverageShsOut": 43000000,
        "weightedAverageShsOutDil": 43000000,
        "link": "https://www.sec.gov/Archives/edgar/data/31235/000156459019041750/0001564590-19-041750-index.htm",
        "finalLink": "https://www.sec.gov/Archives/edgar/data/31235/000156459019041750/kodk-10q_20190930.htm"
    },
    {
        "date": "2019-06-30",
        "symbol": "KODK",
        "reportedCurrency": "USD",
        "cik": "0000031235",
        "fillingDate": "2019-08-08",
        "acceptedDate": "2019-08-08 16:15:58",
        "calendarYear": "2019",
        "period": "Q2",
        "revenue": 307000000,
        "costOfRevenue": 265000000,
        "grossProfit": 42000000,
        "grossProfitRatio": 0.1368078176,
        "researchAndDevelopmentExpenses": 11000000,
        "generalAndAdministrativeExpenses": 0,
        "sellingAndMarketingExpenses": 0,
        "sellingGeneralAndAdministrativeExpenses": 54000000,
        "otherExpenses": 2000000,
        "operatingExpenses": 67000000,
        "costAndExpenses": 332000000,
        "interestIncome": 0,
        "interestExpense": 5000000,
        "depreciationAndAmortization": 14000000,
        "ebitda": 15000000,
        "ebitdaratio": 0.0488599349,
        "operatingIncome": -25000000,
        "operatingIncomeRatio": -0.0814332248,
        "totalOtherIncomeExpensesNet": 21000000,
        "incomeBeforeTax": -4000000,
        "incomeBeforeTaxRatio": -0.013029316,
        "incomeTaxExpense": 2000000,
        "netIncome": 201000000,
        "netIncomeRatio": 0.654723127,
        "eps": 4.56,
        "epsdiluted": 4.56,
        "weightedAverageShsOut": 43000000,
        "weightedAverageShsOutDil": 43000000,
        "link": "https://www.sec.gov/Archives/edgar/data/31235/000156459019030788/0001564590-19-030788-index.htm",
        "finalLink": "https://www.sec.gov/Archives/edgar/data/31235/000156459019030788/kodk-10q_20190630.htm"
    },
    {
        "date": "2019-03-31",
        "symbol": "KODK",
        "reportedCurrency": "USD",
        "cik": "0000031235",
        "fillingDate": "2019-05-09",
        "acceptedDate": "2019-05-09 16:15:52",
        "calendarYear": "2019",
        "period": "Q1",
        "revenue": 291000000,
        "costOfRevenue": 251000000,
        "grossProfit": 40000000,
        "grossProfitRatio": 0.1374570447,
        "researchAndDevelopmentExpenses": 11000000,
        "generalAndAdministrativeExpenses": 0,
        "sellingAndMarketingExpenses": 0,
        "sellingGeneralAndAdministrativeExpenses": 59000000,
        "otherExpenses": 2000000,
        "operatingExpenses": 72000000,
        "costAndExpenses": 323000000,
        "interestIncome": 0,
        "interestExpense": 3000000,
        "depreciationAndAmortization": 15000000,
        "ebitda": 9000000,
        "ebitdaratio": 0.0309278351,
        "operatingIncome": -32000000,
        "operatingIncomeRatio": -0.1099656357,
        "totalOtherIncomeExpensesNet": 23000000,
        "incomeBeforeTax": -9000000,
        "incomeBeforeTaxRatio": -0.0309278351,
        "incomeTaxExpense": 3000000,
        "netIncome": -18000000,
        "netIncomeRatio": -0.0618556701,
        "eps": -0.54,
        "epsdiluted": -0.54,
        "weightedAverageShsOut": 42500000,
        "weightedAverageShsOutDil": 42900000,
        "link": "https://www.sec.gov/Archives/edgar/data/31235/000156459019017998/0001564590-19-017998-index.htm",
        "finalLink": "https://www.sec.gov/Archives/edgar/data/31235/000156459019017998/kodk-10q_20190331.htm"
    },
    {
        "date": "2018-12-31",
        "symbol": "KODK",
        "reportedCurrency": "USD",
        "cik": "0000031235",
        "fillingDate": "2019-04-01",
        "acceptedDate": "2019-04-01 16:17:01",
        "calendarYear": "2018",
        "period": "Q4",
        "revenue": 230000000,
        "costOfRevenue": 228000000,
        "grossProfit": 2000000,
        "grossProfitRatio": 0.0086956522,
        "researchAndDevelopmentExpenses": 6000000,
        "generalAndAdministrativeExpenses": 0,
        "sellingAndMarketingExpenses": 0,
        "sellingGeneralAndAdministrativeExpenses": 40000000,
        "otherExpenses": 14000000,
        "operatingExpenses": 60000000,
        "costAndExpenses": 288000000,
        "interestIncome": 0,
        "interestExpense": 0,
        "depreciationAndAmortization": 15000000,
        "ebitda": -26000000,
        "ebitdaratio": -0.1130434783,
        "operatingIncome": -58000000,
        "operatingIncomeRatio": -0.252173913,
        "totalOtherIncomeExpensesNet": 34000000,
        "incomeBeforeTax": -24000000,
        "incomeBeforeTaxRatio": -0.1043478261,
        "incomeTaxExpense": -17000000,
        "netIncome": -14000000,
        "netIncomeRatio": -0.0608695652,
        "eps": -0.44,
        "epsdiluted": -0.44,
        "weightedAverageShsOut": 42700000,
        "weightedAverageShsOutDil": 42700000,
        "link": "https://www.sec.gov/Archives/edgar/data/31235/000156459019010423/0001564590-19-010423-index.htm",
        "finalLink": "https://www.sec.gov/Archives/edgar/data/31235/000156459019010423/kodk-10k_20181231.htm"
    },
    {
        "date": "2018-09-30",
        "symbol": "KODK",
        "reportedCurrency": "USD",
        "cik": "0000031235",
        "fillingDate": "2018-11-09",
        "acceptedDate": "2018-11-09 16:17:13",
        "calendarYear": "2018",
        "period": "Q3",
        "revenue": 329000000,
        "costOfRevenue": 279000000,
        "grossProfit": 50000000,
        "grossProfitRatio": 0.1519756839,
        "researchAndDevelopmentExpenses": 12000000,
        "generalAndAdministrativeExpenses": 0,
        "sellingAndMarketingExpenses": 0,
        "sellingGeneralAndAdministrativeExpenses": 53000000,
        "otherExpenses": -9000000,
        "operatingExpenses": 56000000,
        "costAndExpenses": 335000000,
        "interestIncome": 0,
        "interestExpense": 2000000,
        "depreciationAndAmortization": 19000000,
        "ebitda": 44000000,
        "ebitdaratio": 0.1337386018,
        "operatingIncome": -6000000,
        "operatingIncomeRatio": -0.0182370821,
        "totalOtherIncomeExpensesNet": 29000000,
        "incomeBeforeTax": 23000000,
        "incomeBeforeTaxRatio": 0.0699088146,
        "incomeTaxExpense": 3000000,
        "netIncome": 19000000,
        "netIncomeRatio": 0.0577507599,
        "eps": 0.33,
        "epsdiluted": 0.33,
        "weightedAverageShsOut": 42700000,
        "weightedAverageShsOutDil": 43000000,
        "link": "https://www.sec.gov/Archives/edgar/data/31235/000156459018028936/0001564590-18-028936-index.htm",
        "finalLink": "https://www.sec.gov/Archives/edgar/data/31235/000156459018028936/kodk-10q_20180930.htm"
    },
    {
        "date": "2018-06-30",
        "symbol": "KODK",
        "reportedCurrency": "USD",
        "cik": "0000031235",
        "fillingDate": "2018-08-09",
        "acceptedDate": "2018-08-09 16:15:56",
        "calendarYear": "2018",
        "period": "Q2",
        "revenue": 332000000,
        "costOfRevenue": 287000000,
        "grossProfit": 45000000,
        "grossProfitRatio": 0.1355421687,
        "researchAndDevelopmentExpenses": 12000000,
        "generalAndAdministrativeExpenses": 0,
        "sellingAndMarketingExpenses": 0,
        "sellingGeneralAndAdministrativeExpenses": 59000000,
        "otherExpenses": 0,
        "operatingExpenses": 71000000,
        "costAndExpenses": 358000000,
        "interestIncome": 0,
        "interestExpense": 2000000,
        "depreciationAndAmortization": 20000000,
        "ebitda": 25000000,
        "ebitdaratio": 0.0753012048,
        "operatingIncome": -26000000,
        "operatingIncomeRatio": -0.078313253,
        "totalOtherIncomeExpensesNet": 29000000,
        "incomeBeforeTax": 3000000,
        "incomeBeforeTaxRatio": 0.0090361446,
        "incomeTaxExpense": 0,
        "netIncome": 4000000,
        "netIncomeRatio": 0.0120481928,
        "eps": -0.0234,
        "epsdiluted": -0.0234,
        "weightedAverageShsOut": 42700000,
        "weightedAverageShsOutDil": 42700000,
        "link": "https://www.sec.gov/Archives/edgar/data/31235/000156459018021055/0001564590-18-021055-index.htm",
        "finalLink": "https://www.sec.gov/Archives/edgar/data/31235/000156459018021055/kodk-10q_20180630.htm"
    },
    {
        "date": "2018-03-31",
        "symbol": "KODK",
        "reportedCurrency": "USD",
        "cik": "0000031235",
        "fillingDate": "2018-05-10",
        "acceptedDate": "2018-05-09 17:54:54",
        "calendarYear": "2018",
        "period": "Q1",
        "revenue": 318000000,
        "costOfRevenue": 280000000,
        "grossProfit": 38000000,
        "grossProfitRatio": 0.1194968553,
        "researchAndDevelopmentExpenses": 13000000,
        "generalAndAdministrativeExpenses": 0,
        "sellingAndMarketingExpenses": 0,
        "sellingGeneralAndAdministrativeExpenses": 58000000,
        "otherExpenses": 2000000,
        "operatingExpenses": 73000000,
        "costAndExpenses": 353000000,
        "interestIncome": 0,
        "interestExpense": 2000000,
        "depreciationAndAmortization": 19000000,
        "ebitda": 0,
        "ebitdaratio": 0,
        "operatingIncome": -35000000,
        "operatingIncomeRatio": -0.1100628931,
        "totalOtherIncomeExpensesNet": 14000000,
        "incomeBeforeTax": -21000000,
        "incomeBeforeTaxRatio": -0.0660377358,
        "incomeTaxExpense": 4000000,
        "netIncome": -25000000,
        "netIncomeRatio": -0.0786163522,
        "eps": -0.7,
        "epsdiluted": -0.7,
        "weightedAverageShsOut": 42600000,
        "weightedAverageShsOutDil": 42600000,
        "link": "https://www.sec.gov/Archives/edgar/data/31235/000156459018012561/0001564590-18-012561-index.htm",
        "finalLink": "https://www.sec.gov/Archives/edgar/data/31235/000156459018012561/kodk-10q_20180331.htm"
    },
    {
        "date": "2017-12-31",
        "symbol": "KODK",
        "reportedCurrency": "USD",
        "cik": "0000031235",
        "fillingDate": "2018-03-15",
        "acceptedDate": "2018-03-15 16:51:46",
        "calendarYear": "2017",
        "period": "Q4",
        "revenue": 414000000,
        "costOfRevenue": 320000000,
        "grossProfit": 94000000,
        "grossProfitRatio": 0.2270531401,
        "researchAndDevelopmentExpenses": 11000000,
        "generalAndAdministrativeExpenses": 0,
        "sellingAndMarketingExpenses": 0,
        "sellingGeneralAndAdministrativeExpenses": 50000000,
        "otherExpenses": 5000000,
        "operatingExpenses": 66000000,
        "costAndExpenses": 386000000,
        "interestIncome": 0,
        "interestExpense": 8000000,
        "depreciationAndAmortization": 18000000,
        "ebitda": 50000000,
        "ebitdaratio": 0.1207729469,
        "operatingIncome": 28000000,
        "operatingIncomeRatio": 0.0676328502,
        "totalOtherIncomeExpensesNet": -4000000,
        "incomeBeforeTax": 24000000,
        "incomeBeforeTaxRatio": 0.0579710145,
        "incomeTaxExpense": -104000000,
        "netIncome": 129000000,
        "netIncomeRatio": 0.3115942029,
        "eps": 2.91,
        "epsdiluted": 2.9,
        "weightedAverageShsOut": 42500000,
        "weightedAverageShsOutDil": 42700000,
        "link": "https://www.sec.gov/Archives/edgar/data/31235/000156459018005857/0001564590-18-005857-index.htm",
        "finalLink": "https://www.sec.gov/Archives/edgar/data/31235/000156459018005857/kodk-10k_20171231.htm"
    },
    {
        "date": "2017-09-30",
        "symbol": "KODK",
        "reportedCurrency": "USD",
        "cik": "0000031235",
        "fillingDate": "2017-11-08",
        "acceptedDate": "2017-11-08 16:15:38",
        "calendarYear": "2017",
        "period": "Q3",
        "revenue": 379000000,
        "costOfRevenue": 315000000,
        "grossProfit": 64000000,
        "grossProfitRatio": 0.1688654354,
        "researchAndDevelopmentExpenses": 12000000,
        "generalAndAdministrativeExpenses": 49000000,
        "sellingAndMarketingExpenses": 12000000,
        "sellingGeneralAndAdministrativeExpenses": 61000000,
        "otherExpenses": 80000000,
        "operatingExpenses": 157000000,
        "costAndExpenses": 472000000,
        "interestIncome": 0,
        "interestExpense": 8000000,
        "depreciationAndAmortization": 21000000,
        "ebitda": -29000000,
        "ebitdaratio": -0.0765171504,
        "operatingIncome": -93000000,
        "operatingIncomeRatio": -0.2453825858,
        "totalOtherIncomeExpensesNet": 35000000,
        "incomeBeforeTax": -58000000,
        "incomeBeforeTaxRatio": -0.1530343008,
        "incomeTaxExpense": -13000000,
        "netIncome": -46000000,
        "netIncomeRatio": -0.1213720317,
        "eps": -1.2,
        "epsdiluted": -1.2,
        "weightedAverageShsOut": 42500000,
        "weightedAverageShsOutDil": 42500000,
        "link": "https://www.sec.gov/Archives/edgar/data/31235/000156459017022748/0001564590-17-022748-index.htm",
        "finalLink": "https://www.sec.gov/Archives/edgar/data/31235/000156459017022748/kodk-10q_20170930.htm"
    },
    {
        "date": "2017-06-30",
        "symbol": "KODK",
        "reportedCurrency": "USD",
        "cik": "0000031235",
        "fillingDate": "2017-08-09",
        "acceptedDate": "2017-08-09 16:16:02",
        "calendarYear": "2017",
        "period": "Q2",
        "revenue": 381000000,
        "costOfRevenue": 311000000,
        "grossProfit": 70000000,
        "grossProfitRatio": 0.1837270341,
        "researchAndDevelopmentExpenses": 18000000,
        "generalAndAdministrativeExpenses": 0,
        "sellingAndMarketingExpenses": 0,
        "sellingGeneralAndAdministrativeExpenses": 66000000,
        "otherExpenses": 13000000,
        "operatingExpenses": 97000000,
        "costAndExpenses": 408000000,
        "interestIncome": 0,
        "interestExpense": 8000000,
        "depreciationAndAmortization": 22000000,
        "ebitda": 41000000,
        "ebitdaratio": 0.1076115486,
        "operatingIncome": -27000000,
        "operatingIncomeRatio": -0.0708661417,
        "totalOtherIncomeExpensesNet": 38000000,
        "incomeBeforeTax": 11000000,
        "incomeBeforeTaxRatio": 0.0288713911,
        "incomeTaxExpense": 4000000,
        "netIncome": 4000000,
        "netIncomeRatio": 0.0104986877,
        "eps": -0.02,
        "epsdiluted": -0.02,
        "weightedAverageShsOut": 42500000,
        "weightedAverageShsOutDil": 42700000,
        "link": "https://www.sec.gov/Archives/edgar/data/31235/000156459017016962/0001564590-17-016962-index.htm",
        "finalLink": "https://www.sec.gov/Archives/edgar/data/31235/000156459017016962/kodk-10q_20170630.htm"
    },
    {
        "date": "2017-03-31",
        "symbol": "KODK",
        "reportedCurrency": "USD",
        "cik": "0000031235",
        "fillingDate": "2017-05-09",
        "acceptedDate": "2017-05-09 16:16:28",
        "calendarYear": "2017",
        "period": "Q1",
        "revenue": 357000000,
        "costOfRevenue": 295000000,
        "grossProfit": 62000000,
        "grossProfitRatio": 0.1736694678,
        "researchAndDevelopmentExpenses": 15000000,
        "generalAndAdministrativeExpenses": 53000000,
        "sellingAndMarketingExpenses": 12000000,
        "sellingGeneralAndAdministrativeExpenses": 65000000,
        "otherExpenses": 17000000,
        "operatingExpenses": 102000000,
        "costAndExpenses": 397000000,
        "interestIncome": 0,
        "interestExpense": 8000000,
        "depreciationAndAmortization": 19000000,
        "ebitda": 37000000,
        "ebitdaratio": 0.1036414566,
        "operatingIncome": -40000000,
        "operatingIncomeRatio": -0.1120448179,
        "totalOtherIncomeExpensesNet": 50000000,
        "incomeBeforeTax": 10000000,
        "incomeBeforeTaxRatio": 0.0280112045,
        "incomeTaxExpense": 3000000,
        "netIncome": 7000000,
        "netIncomeRatio": 0.0196078431,
        "eps": 0.0472,
        "epsdiluted": 0.0468,
        "weightedAverageShsOut": 42400000,
        "weightedAverageShsOutDil": 42700000,
        "link": "https://www.sec.gov/Archives/edgar/data/31235/000156459017009865/0001564590-17-009865-index.htm",
        "finalLink": "https://www.sec.gov/Archives/edgar/data/31235/000156459017009865/kodk-10q_20170331.htm"
    },
    {
        "date": "2016-12-31",
        "symbol": "KODK",
        "reportedCurrency": "USD",
        "cik": "0000031235",
        "fillingDate": "2017-03-07",
        "acceptedDate": "2017-03-07 16:16:29",
        "calendarYear": "2016",
        "period": "Q4",
        "revenue": 404000000,
        "costOfRevenue": 299000000,
        "grossProfit": 105000000,
        "grossProfitRatio": 0.2599009901,
        "researchAndDevelopmentExpenses": 10000000,
        "generalAndAdministrativeExpenses": 0,
        "sellingAndMarketingExpenses": 0,
        "sellingGeneralAndAdministrativeExpenses": 39000000,
        "otherExpenses": 17000000,
        "operatingExpenses": 66000000,
        "costAndExpenses": 365000000,
        "interestIncome": 0,
        "interestExpense": 12000000,
        "depreciationAndAmortization": 23000000,
        "ebitda": 63000000,
        "ebitdaratio": 0.1559405941,
        "operatingIncome": 39000000,
        "operatingIncomeRatio": 0.0965346535,
        "totalOtherIncomeExpensesNet": -11000000,
        "incomeBeforeTax": 28000000,
        "incomeBeforeTaxRatio": 0.0693069307,
        "incomeTaxExpense": 16000000,
        "netIncome": 10000000,
        "netIncomeRatio": 0.0247524752,
        "eps": 0.17,
        "epsdiluted": 0.16,
        "weightedAverageShsOut": 42200000,
        "weightedAverageShsOutDil": 42500000,
        "link": "https://www.sec.gov/Archives/edgar/data/31235/000156459017003570/0001564590-17-003570-index.htm",
        "finalLink": "https://www.sec.gov/Archives/edgar/data/31235/000156459017003570/kodk-10k_20161231.htm"
    },
    {
        "date": "2016-09-30",
        "symbol": "KODK",
        "reportedCurrency": "USD",
        "cik": "0000031235",
        "fillingDate": "2016-11-09",
        "acceptedDate": "2016-11-09 16:16:38",
        "calendarYear": "2016",
        "period": "Q3",
        "revenue": 411000000,
        "costOfRevenue": 318000000,
        "grossProfit": 93000000,
        "grossProfitRatio": 0.2262773723,
        "researchAndDevelopmentExpenses": 11000000,
        "generalAndAdministrativeExpenses": 44000000,
        "sellingAndMarketingExpenses": 6000000,
        "sellingGeneralAndAdministrativeExpenses": 50000000,
        "otherExpenses": -4000000,
        "operatingExpenses": 61000000,
        "costAndExpenses": 379000000,
        "interestIncome": 0,
        "interestExpense": 16000000,
        "depreciationAndAmortization": 25000000,
        "ebitda": 56000000,
        "ebitdaratio": 0.1362530414,
        "operatingIncome": 32000000,
        "operatingIncomeRatio": 0.0778588808,
        "totalOtherIncomeExpensesNet": -17000000,
        "incomeBeforeTax": 15000000,
        "incomeBeforeTaxRatio": 0.0364963504,
        "incomeTaxExpense": 3000000,
        "netIncome": 16000000,
        "netIncomeRatio": 0.0389294404,
        "eps": 0.38,
        "epsdiluted": 0.37,
        "weightedAverageShsOut": 42300000,
        "weightedAverageShsOutDil": 42800000,
        "link": "https://www.sec.gov/Archives/edgar/data/31235/000156459016028636/0001564590-16-028636-index.htm",
        "finalLink": "https://www.sec.gov/Archives/edgar/data/31235/000156459016028636/kodk-10q_20160930.htm"
    },
    {
        "date": "2016-06-30",
        "symbol": "KODK",
        "reportedCurrency": "USD",
        "cik": "0000031235",
        "fillingDate": "2016-08-09",
        "acceptedDate": "2016-08-09 16:35:32",
        "calendarYear": "2016",
        "period": "Q2",
        "revenue": 423000000,
        "costOfRevenue": 316000000,
        "grossProfit": 107000000,
        "grossProfitRatio": 0.2529550827,
        "researchAndDevelopmentExpenses": 10000000,
        "generalAndAdministrativeExpenses": 0,
        "sellingAndMarketingExpenses": 0,
        "sellingGeneralAndAdministrativeExpenses": 58000000,
        "otherExpenses": 1000000,
        "operatingExpenses": 75000000,
        "costAndExpenses": 391000000,
        "interestIncome": 0,
        "interestExpense": 16000000,
        "depreciationAndAmortization": 27000000,
        "ebitda": 58000000,
        "ebitdaratio": 0.1371158392,
        "operatingIncome": 32000000,
        "operatingIncomeRatio": 0.0756501182,
        "totalOtherIncomeExpensesNet": -17000000,
        "incomeBeforeTax": 15000000,
        "incomeBeforeTaxRatio": 0.0354609929,
        "incomeTaxExpense": 6000000,
        "netIncome": 7000000,
        "netIncomeRatio": 0.0165484634,
        "eps": 0.17,
        "epsdiluted": 0.16,
        "weightedAverageShsOut": 42200000,
        "weightedAverageShsOutDil": 42600000,
        "link": "https://www.sec.gov/Archives/edgar/data/31235/000156459016023703/0001564590-16-023703-index.htm",
        "finalLink": "https://www.sec.gov/Archives/edgar/data/31235/000156459016023703/kodk-10q_20160630.htm"
    },
    {
        "date": "2016-03-31",
        "symbol": "KODK",
        "reportedCurrency": "USD",
        "cik": "0000031235",
        "fillingDate": "2016-05-05",
        "acceptedDate": "2016-05-05 16:16:39",
        "calendarYear": "2016",
        "period": "Q1",
        "revenue": 377000000,
        "costOfRevenue": 289000000,
        "grossProfit": 88000000,
        "grossProfitRatio": 0.2334217507,
        "researchAndDevelopmentExpenses": 9000000,
        "generalAndAdministrativeExpenses": 35000000,
        "sellingAndMarketingExpenses": 10000000,
        "sellingGeneralAndAdministrativeExpenses": 45000000,
        "otherExpenses": 18000000,
        "operatingExpenses": 78000000,
        "costAndExpenses": 367000000,
        "interestIncome": 0,
        "interestExpense": 16000000,
        "depreciationAndAmortization": 30000000,
        "ebitda": 39000000,
        "ebitdaratio": 0.1034482759,
        "operatingIncome": 10000000,
        "operatingIncomeRatio": 0.0265251989,
        "totalOtherIncomeExpensesNet": -17000000,
        "incomeBeforeTax": -7000000,
        "incomeBeforeTaxRatio": -0.0185676393,
        "incomeTaxExpense": 7000000,
        "netIncome": -18000000,
        "netIncomeRatio": -0.0477453581,
        "eps": -0.43,
        "epsdiluted": -0.43,
        "weightedAverageShsOut": 41463414,
        "weightedAverageShsOutDil": 42100000,
        "link": "https://www.sec.gov/Archives/edgar/data/31235/000003123516000018/0000031235-16-000018-index.htm",
        "finalLink": "https://www.sec.gov/Archives/edgar/data/31235/000003123516000018/ekcq12016_form10q.htm"
    },
    {
        "date": "2015-12-31",
        "symbol": "KODK",
        "reportedCurrency": "USD",
        "cik": "0000031235",
        "fillingDate": "2016-03-15",
        "acceptedDate": "2016-03-15 16:15:39",
        "calendarYear": "2015",
        "period": "Q4",
        "revenue": 467000000,
        "costOfRevenue": 348000000,
        "grossProfit": 119000000,
        "grossProfitRatio": 0.2548179872,
        "researchAndDevelopmentExpenses": 12000000,
        "generalAndAdministrativeExpenses": 0,
        "sellingAndMarketingExpenses": 0,
        "sellingGeneralAndAdministrativeExpenses": 47000000,
        "otherExpenses": 11000000,
        "operatingExpenses": 69000000,
        "costAndExpenses": 417000000,
        "interestIncome": 1000000,
        "interestExpense": 17000000,
        "depreciationAndAmortization": 32000000,
        "ebitda": 76000000,
        "ebitdaratio": 0.1627408994,
        "operatingIncome": 50000000,
        "operatingIncomeRatio": 0.1070663812,
        "totalOtherIncomeExpensesNet": -23000000,
        "incomeBeforeTax": 27000000,
        "incomeBeforeTaxRatio": 0.0578158458,
        "incomeTaxExpense": 4000000,
        "netIncome": 24000000,
        "netIncomeRatio": 0.051391863,
        "eps": 0.57,
        "epsdiluted": 0.57,
        "weightedAverageShsOut": 41900045,
        "weightedAverageShsOutDil": 42077595,
        "link": "https://www.sec.gov/Archives/edgar/data/31235/000119312516505191/0001193125-16-505191-index.htm",
        "finalLink": "https://www.sec.gov/Archives/edgar/data/31235/000119312516505191/d151522d10k.htm"
    },
    {
        "date": "2015-09-30",
        "symbol": "KODK",
        "reportedCurrency": "USD",
        "cik": "0000031235",
        "fillingDate": "2015-10-22",
        "acceptedDate": "2015-10-22 16:16:03",
        "calendarYear": "2015",
        "period": "Q3",
        "revenue": 425000000,
        "costOfRevenue": 331000000,
        "grossProfit": 94000000,
        "grossProfitRatio": 0.2211764706,
        "researchAndDevelopmentExpenses": 15000000,
        "generalAndAdministrativeExpenses": 0,
        "sellingAndMarketingExpenses": 0,
        "sellingGeneralAndAdministrativeExpenses": 52000000,
        "otherExpenses": 4000000,
        "operatingExpenses": 67000000,
        "costAndExpenses": 398000000,
        "interestIncome": 0,
        "interestExpense": 16000000,
        "depreciationAndAmortization": 36000000,
        "ebitda": 60000000,
        "ebitdaratio": 0.1411764706,
        "operatingIncome": 27000000,
        "operatingIncomeRatio": 0.0635294118,
        "totalOtherIncomeExpensesNet": -19000000,
        "incomeBeforeTax": 8000000,
        "incomeBeforeTaxRatio": 0.0188235294,
        "incomeTaxExpense": 14000000,
        "netIncome": -22000000,
        "netIncomeRatio": -0.0517647059,
        "eps": -0.53,
        "epsdiluted": -0.53,
        "weightedAverageShsOut": 41176470,
        "weightedAverageShsOutDil": 41900000,
        "link": "https://www.sec.gov/Archives/edgar/data/31235/000003123515000010/0000031235-15-000010-index.htm",
        "finalLink": "https://www.sec.gov/Archives/edgar/data/31235/000003123515000010/ekcq32015_form10q.htm"
    },
    {
        "date": "2015-06-30",
        "symbol": "KODK",
        "reportedCurrency": "USD",
        "cik": "0000031235",
        "fillingDate": "2015-08-04",
        "acceptedDate": "2015-08-04 16:01:25",
        "calendarYear": "2015",
        "period": "Q2",
        "revenue": 434000000,
        "costOfRevenue": 350000000,
        "grossProfit": 84000000,
        "grossProfitRatio": 0.1935483871,
        "researchAndDevelopmentExpenses": 16000000,
        "generalAndAdministrativeExpenses": 0,
        "sellingAndMarketingExpenses": 0,
        "sellingGeneralAndAdministrativeExpenses": 58000000,
        "otherExpenses": 4000000,
        "operatingExpenses": 74000000,
        "costAndExpenses": 424000000,
        "interestIncome": 0,
        "interestExpense": 15000000,
        "depreciationAndAmortization": 39000000,
        "ebitda": 47000000,
        "ebitdaratio": 0.1082949309,
        "operatingIncome": 10000000,
        "operatingIncomeRatio": 0.0230414747,
        "totalOtherIncomeExpensesNet": -17000000,
        "incomeBeforeTax": -7000000,
        "incomeBeforeTaxRatio": -0.0161290323,
        "incomeTaxExpense": 8000000,
        "netIncome": -24000000,
        "netIncomeRatio": -0.0552995392,
        "eps": -0.57,
        "epsdiluted": -0.57,
        "weightedAverageShsOut": 41900000,
        "weightedAverageShsOutDil": 41900000,
        "link": "https://www.sec.gov/Archives/edgar/data/31235/000003123515000008/0000031235-15-000008-index.htm",
        "finalLink": "https://www.sec.gov/Archives/edgar/data/31235/000003123515000008/ekcq22015_form10q.htm"
    },
    {
        "date": "2015-03-31",
        "symbol": "KODK",
        "reportedCurrency": "USD",
        "cik": "0000031235",
        "fillingDate": "2015-05-07",
        "acceptedDate": "2015-05-07 16:03:14",
        "calendarYear": "2015",
        "period": "Q1",
        "revenue": 411000000,
        "costOfRevenue": 328000000,
        "grossProfit": 83000000,
        "grossProfitRatio": 0.201946472,
        "researchAndDevelopmentExpenses": 19000000,
        "generalAndAdministrativeExpenses": 0,
        "sellingAndMarketingExpenses": 0,
        "sellingGeneralAndAdministrativeExpenses": 52000000,
        "otherExpenses": 20000000,
        "operatingExpenses": 85000000,
        "costAndExpenses": 413000000,
        "interestIncome": 0,
        "interestExpense": 15000000,
        "depreciationAndAmortization": 38000000,
        "ebitda": 21000000,
        "ebitdaratio": 0.0510948905,
        "operatingIncome": -2000000,
        "operatingIncomeRatio": -0.00486618,
        "totalOtherIncomeExpensesNet": -30000000,
        "incomeBeforeTax": -32000000,
        "incomeBeforeTaxRatio": -0.0778588808,
        "incomeTaxExpense": 5000000,
        "netIncome": -58000000,
        "netIncomeRatio": -0.1411192214,
        "eps": -1.38,
        "epsdiluted": -1.38,
        "weightedAverageShsOut": 41900000,
        "weightedAverageShsOutDil": 41900000,
        "link": "https://www.sec.gov/Archives/edgar/data/31235/000003123515000004/0000031235-15-000004-index.htm",
        "finalLink": "https://www.sec.gov/Archives/edgar/data/31235/000003123515000004/ekcq12015_form10q.htm"
    },
    {
        "date": "2014-12-31",
        "symbol": "KODK",
        "reportedCurrency": "USD",
        "cik": "0000031235",
        "fillingDate": "2015-03-16",
        "acceptedDate": "2015-03-16 16:04:54",
        "calendarYear": "2014",
        "period": "Q4",
        "revenue": 529000000,
        "costOfRevenue": 420000000,
        "grossProfit": 109000000,
        "grossProfitRatio": 0.2060491493,
        "researchAndDevelopmentExpenses": 21000000,
        "generalAndAdministrativeExpenses": 0,
        "sellingAndMarketingExpenses": 0,
        "sellingGeneralAndAdministrativeExpenses": 71000000,
        "otherExpenses": 24000000,
        "operatingExpenses": 116000000,
        "costAndExpenses": 536000000,
        "interestIncome": 6000000,
        "interestExpense": 15000000,
        "depreciationAndAmortization": 38000000,
        "ebitda": 12000000,
        "ebitdaratio": 0.02268431,
        "operatingIncome": -7000000,
        "operatingIncomeRatio": -0.0132325142,
        "totalOtherIncomeExpensesNet": -34000000,
        "incomeBeforeTax": -41000000,
        "incomeBeforeTaxRatio": -0.0775047259,
        "incomeTaxExpense": -1000000,
        "netIncome": -42000000,
        "netIncomeRatio": -0.0793950851,
        "eps": -1.01,
        "epsdiluted": -1,
        "weightedAverageShsOut": 41700000,
        "weightedAverageShsOutDil": 41900000,
        "link": "https://www.sec.gov/Archives/edgar/data/31235/000003123515000002/0000031235-15-000002-index.htm",
        "finalLink": "https://www.sec.gov/Archives/edgar/data/31235/000003123515000002/ek2014_form10k.htm"
    },
    {
        "date": "2014-09-30",
        "symbol": "KODK",
        "reportedCurrency": "USD",
        "cik": "0000031235",
        "fillingDate": "2014-11-04",
        "acceptedDate": "2014-11-04 16:03:34",
        "calendarYear": "2014",
        "period": "Q3",
        "revenue": 568000000,
        "costOfRevenue": 412000000,
        "grossProfit": 156000000,
        "grossProfitRatio": 0.2746478873,
        "researchAndDevelopmentExpenses": 20000000,
        "generalAndAdministrativeExpenses": 0,
        "sellingAndMarketingExpenses": 0,
        "sellingGeneralAndAdministrativeExpenses": 67000000,
        "otherExpenses": 11000000,
        "operatingExpenses": 98000000,
        "costAndExpenses": 510000000,
        "interestIncome": 0,
        "interestExpense": 15000000,
        "depreciationAndAmortization": 49000000,
        "ebitda": 105000000,
        "ebitdaratio": 0.1848591549,
        "operatingIncome": 58000000,
        "operatingIncomeRatio": 0.1021126761,
        "totalOtherIncomeExpensesNet": -17000000,
        "incomeBeforeTax": 41000000,
        "incomeBeforeTaxRatio": 0.0721830986,
        "incomeTaxExpense": 10000000,
        "netIncome": 17000000,
        "netIncomeRatio": 0.0299295775,
        "eps": 0.41,
        "epsdiluted": 0.39,
        "weightedAverageShsOut": 41800000,
        "weightedAverageShsOutDil": 43300000,
        "link": "https://www.sec.gov/Archives/edgar/data/31235/000003123514000019/0000031235-14-000019-index.htm",
        "finalLink": "https://www.sec.gov/Archives/edgar/data/31235/000003123514000019/q32014form10q.htm"
    },
    {
        "date": "2014-06-30",
        "symbol": "KODK",
        "reportedCurrency": "USD",
        "cik": "0000031235",
        "fillingDate": "2014-08-05",
        "acceptedDate": "2014-08-05 16:12:09",
        "calendarYear": "2014",
        "period": "Q2",
        "revenue": 528000000,
        "costOfRevenue": 426000000,
        "grossProfit": 102000000,
        "grossProfitRatio": 0.1931818182,
        "researchAndDevelopmentExpenses": 26000000,
        "generalAndAdministrativeExpenses": 0,
        "sellingAndMarketingExpenses": 0,
        "sellingGeneralAndAdministrativeExpenses": 85000000,
        "otherExpenses": 20000000,
        "operatingExpenses": 131000000,
        "costAndExpenses": 557000000,
        "interestIncome": 0,
        "interestExpense": 16000000,
        "depreciationAndAmortization": 56000000,
        "ebitda": 20000000,
        "ebitdaratio": 0.0378787879,
        "operatingIncome": -29000000,
        "operatingIncomeRatio": -0.0549242424,
        "totalOtherIncomeExpensesNet": -23000000,
        "incomeBeforeTax": -52000000,
        "incomeBeforeTaxRatio": -0.0984848485,
        "incomeTaxExpense": 8000000,
        "netIncome": -62000000,
        "netIncomeRatio": -0.1174242424,
        "eps": -1.49,
        "epsdiluted": -1.49,
        "weightedAverageShsOut": 41700000,
        "weightedAverageShsOutDil": 41700000,
        "link": "https://www.sec.gov/Archives/edgar/data/31235/000003123514000014/0000031235-14-000014-index.htm",
        "finalLink": "https://www.sec.gov/Archives/edgar/data/31235/000003123514000014/ekform10q2qrt2014.htm"
    },
    {
        "date": "2014-03-31",
        "symbol": "KODK",
        "reportedCurrency": "USD",
        "cik": "0000031235",
        "fillingDate": "2014-05-06",
        "acceptedDate": "2014-05-06 16:03:34",
        "calendarYear": "2014",
        "period": "Q1",
        "revenue": 488000000,
        "costOfRevenue": 399000000,
        "grossProfit": 89000000,
        "grossProfitRatio": 0.1823770492,
        "researchAndDevelopmentExpenses": 27000000,
        "generalAndAdministrativeExpenses": 0,
        "sellingAndMarketingExpenses": 0,
        "sellingGeneralAndAdministrativeExpenses": 87000000,
        "otherExpenses": 13000000,
        "operatingExpenses": 127000000,
        "costAndExpenses": 526000000,
        "interestIncome": 0,
        "interestExpense": 16000000,
        "depreciationAndAmortization": 56000000,
        "ebitda": 12000000,
        "ebitdaratio": 0.0245901639,
        "operatingIncome": -38000000,
        "operatingIncomeRatio": -0.0778688525,
        "totalOtherIncomeExpensesNet": -22000000,
        "incomeBeforeTax": -60000000,
        "incomeBeforeTaxRatio": -0.1229508197,
        "incomeTaxExpense": -7000000,
        "netIncome": -36000000,
        "netIncomeRatio": -0.0737704918,
        "eps": -0.86,
        "epsdiluted": -0.86,
        "weightedAverageShsOut": 41700000,
        "weightedAverageShsOutDil": 41700000,
        "link": "https://www.sec.gov/Archives/edgar/data/31235/000003123514000005/0000031235-14-000005-index.htm",
        "finalLink": "https://www.sec.gov/Archives/edgar/data/31235/000003123514000005/ekcq12014_10q.htm"
    },
    {
        "date": "2013-12-31",
        "symbol": "KODK",
        "reportedCurrency": "USD",
        "cik": "0000031235",
        "fillingDate": "2014-03-19",
        "acceptedDate": "2014-03-19 16:03:30",
        "calendarYear": "2013",
        "period": "Q4",
        "revenue": 609000000,
        "costOfRevenue": 505000000,
        "grossProfit": 104000000,
        "grossProfitRatio": 0.170771757,
        "researchAndDevelopmentExpenses": 25000000,
        "generalAndAdministrativeExpenses": 85000000,
        "sellingAndMarketingExpenses": 0,
        "sellingGeneralAndAdministrativeExpenses": 85000000,
        "otherExpenses": 3000000,
        "operatingExpenses": 138000000,
        "costAndExpenses": 643000000,
        "interestIncome": 10000000,
        "interestExpense": 0,
        "depreciationAndAmortization": 51000000,
        "ebitda": 45000000,
        "ebitdaratio": 0.0738916256,
        "operatingIncome": -6000000,
        "operatingIncomeRatio": -0.0098522167,
        "totalOtherIncomeExpensesNet": -38000000,
        "incomeBeforeTax": -44000000,
        "incomeBeforeTaxRatio": -0.0722495895,
        "incomeTaxExpense": 7000000,
        "netIncome": -57000000,
        "netIncomeRatio": -0.0935960591,
        "eps": -1.37,
        "epsdiluted": -1.37,
        "weightedAverageShsOut": 41700014,
        "weightedAverageShsOutDil": 41700001,
        "link": "https://www.sec.gov/Archives/edgar/data/31235/000119312514106388/0001193125-14-106388-index.htm",
        "finalLink": "https://www.sec.gov/Archives/edgar/data/31235/000119312514106388/d693724d10k.htm"
    },
    {
        "date": "2013-09-30",
        "symbol": "KODK",
        "reportedCurrency": "USD",
        "cik": "0000031235",
        "fillingDate": "2013-11-12",
        "acceptedDate": "2013-11-12 16:10:49",
        "calendarYear": "2013",
        "period": "Q3",
        "revenue": 563000000,
        "costOfRevenue": 456000000,
        "grossProfit": 107000000,
        "grossProfitRatio": 0.190053286,
        "researchAndDevelopmentExpenses": 24000000,
        "generalAndAdministrativeExpenses": 29000000,
        "sellingAndMarketingExpenses": 64000000,
        "sellingGeneralAndAdministrativeExpenses": 93000000,
        "otherExpenses": 0,
        "operatingExpenses": 2084000000,
        "costAndExpenses": 2540000000,
        "interestIncome": 39000000,
        "interestExpense": 0,
        "depreciationAndAmortization": 43000000,
        "ebitda": 33000000,
        "ebitdaratio": 0.0586145648,
        "operatingIncome": -10000000,
        "operatingIncomeRatio": -0.0177619893,
        "totalOtherIncomeExpensesNet": 2162000000,
        "incomeBeforeTax": 2152000000,
        "incomeBeforeTaxRatio": 3.8223801066,
        "incomeTaxExpense": 98000000,
        "netIncome": 2057000000,
        "netIncomeRatio": 3.6536412078,
        "eps": 10.51,
        "epsdiluted": 10.51,
        "weightedAverageShsOut": 195766681,
        "weightedAverageShsOutDil": 195766667,
        "link": "https://www.sec.gov/Archives/edgar/data/31235/000119312513438254/0001193125-13-438254-index.htm",
        "finalLink": "https://www.sec.gov/Archives/edgar/data/31235/000119312513438254/d613176d10q.htm"
    },
    {
        "date": "2013-06-30",
        "symbol": "KODK",
        "reportedCurrency": "USD",
        "cik": "0000031235",
        "fillingDate": "2013-08-07",
        "acceptedDate": "2013-08-07 16:06:49",
        "calendarYear": "2013",
        "period": "Q2",
        "revenue": 583000000,
        "costOfRevenue": 450000000,
        "grossProfit": 133000000,
        "grossProfitRatio": 0.2281303602,
        "researchAndDevelopmentExpenses": 25000000,
        "generalAndAdministrativeExpenses": 0,
        "sellingAndMarketingExpenses": 0,
        "sellingGeneralAndAdministrativeExpenses": 115000000,
        "otherExpenses": 28000000,
        "operatingExpenses": 168000000,
        "costAndExpenses": 618000000,
        "interestIncome": 0,
        "interestExpense": 47000000,
        "depreciationAndAmortization": 54000000,
        "ebitda": -56000000,
        "ebitdaratio": -0.0960548885,
        "operatingIncome": -35000000,
        "operatingIncomeRatio": -0.0600343053,
        "totalOtherIncomeExpensesNet": -122000000,
        "incomeBeforeTax": -157000000,
        "incomeBeforeTaxRatio": -0.269296741,
        "incomeTaxExpense": 51000000,
        "netIncome": -224000000,
        "netIncomeRatio": -0.384219554,
        "eps": -0.82,
        "epsdiluted": -0.82,
        "weightedAverageShsOut": 272800000,
        "weightedAverageShsOutDil": 272800000,
        "link": "https://www.sec.gov/Archives/edgar/data/31235/000003123513000039/0000031235-13-000039-index.htm",
        "finalLink": "https://www.sec.gov/Archives/edgar/data/31235/000003123513000039/ekform10q2qrt2013.htm"
    },
    {
        "date": "2013-03-31",
        "symbol": "KODK",
        "reportedCurrency": "USD",
        "cik": "0000031235",
        "fillingDate": "2013-04-29",
        "acceptedDate": "2013-04-29 14:17:59",
        "calendarYear": "2013",
        "period": "Q1",
        "revenue": 594000000,
        "costOfRevenue": 445000000,
        "grossProfit": 149000000,
        "grossProfitRatio": 0.2508417508,
        "researchAndDevelopmentExpenses": 35000000,
        "generalAndAdministrativeExpenses": 0,
        "sellingAndMarketingExpenses": 0,
        "sellingGeneralAndAdministrativeExpenses": 118000000,
        "otherExpenses": -483000000,
        "operatingExpenses": -340000000,
        "costAndExpenses": 105000000,
        "interestIncome": 0,
        "interestExpense": 30000000,
        "depreciationAndAmortization": 41000000,
        "ebitda": 396000000,
        "ebitdaratio": 0.6666666667,
        "operatingIncome": 489000000,
        "operatingIncomeRatio": 0.8232323232,
        "totalOtherIncomeExpensesNet": -158000000,
        "incomeBeforeTax": 331000000,
        "incomeBeforeTaxRatio": 0.5572390572,
        "incomeTaxExpense": 7000000,
        "netIncome": 283000000,
        "netIncomeRatio": 0.4764309764,
        "eps": 1.04,
        "epsdiluted": 1.04,
        "weightedAverageShsOut": 272500000,
        "weightedAverageShsOutDil": 272500000,
        "link": "https://www.sec.gov/Archives/edgar/data/31235/000003123513000027/0000031235-13-000027-index.htm",
        "finalLink": "https://www.sec.gov/Archives/edgar/data/31235/000003123513000027/ekq12013_10q04292013.htm"
    },
    {
        "date": "2012-12-31",
        "symbol": "KODK",
        "reportedCurrency": "USD",
        "cik": "0000031235",
        "fillingDate": "2013-03-11",
        "acceptedDate": "2013-03-11 16:38:57",
        "calendarYear": "2012",
        "period": "Q4",
        "revenue": 1120000000,
        "costOfRevenue": 933000000,
        "grossProfit": 187000000,
        "grossProfitRatio": 0.1669642857,
        "researchAndDevelopmentExpenses": 49000000,
        "generalAndAdministrativeExpenses": 0,
        "sellingAndMarketingExpenses": 0,
        "sellingGeneralAndAdministrativeExpenses": 216000000,
        "otherExpenses": -69000000,
        "operatingExpenses": 196000000,
        "costAndExpenses": 1129000000,
        "interestIncome": 11000000,
        "interestExpense": 41000000,
        "depreciationAndAmortization": 59000000,
        "ebitda": -473000000,
        "ebitdaratio": -0.4223214286,
        "operatingIncome": -9000000,
        "operatingIncomeRatio": -0.0080357143,
        "totalOtherIncomeExpensesNet": -564000000,
        "incomeBeforeTax": -573000000,
        "incomeBeforeTaxRatio": -0.5116071429,
        "incomeTaxExpense": -173000000,
        "netIncome": -402000000,
        "netIncomeRatio": -0.3589285714,
        "eps": -1.48,
        "epsdiluted": -1.48,
        "weightedAverageShsOut": 271900000,
        "weightedAverageShsOutDil": 271900000,
        "link": "https://www.sec.gov/Archives/edgar/data/31235/000119312513101202/0001193125-13-101202-index.htm",
        "finalLink": "https://www.sec.gov/Archives/edgar/data/31235/000119312513101202/d495783d10k.htm"
    },
    {
        "date": "2012-09-30",
        "symbol": "KODK",
        "reportedCurrency": "USD",
        "cik": "0000031235",
        "fillingDate": "2012-09-30",
        "acceptedDate": "2012-09-29 20:00:00",
        "calendarYear": "2012",
        "period": "Q3",
        "revenue": 1018000000,
        "costOfRevenue": 858000000,
        "grossProfit": 160000000,
        "grossProfitRatio": 0.1571709234,
        "researchAndDevelopmentExpenses": 44000000,
        "generalAndAdministrativeExpenses": 0,
        "sellingAndMarketingExpenses": 0,
        "sellingGeneralAndAdministrativeExpenses": 196000000,
        "otherExpenses": 113000000,
        "operatingExpenses": 353000000,
        "costAndExpenses": 1211000000,
        "interestIncome": 0,
        "interestExpense": 41000000,
        "depreciationAndAmortization": 74000000,
        "ebitda": -169000000,
        "ebitdaratio": -0.1660117878,
        "operatingIncome": -193000000,
        "operatingIncomeRatio": -0.1895874263,
        "totalOtherIncomeExpensesNet": -91000000,
        "incomeBeforeTax": -284000000,
        "incomeBeforeTaxRatio": -0.278978389,
        "incomeTaxExpense": 24000000,
        "netIncome": -312000000,
        "netIncomeRatio": -0.3064833006,
        "eps": -1.15,
        "epsdiluted": -1.15,
        "weightedAverageShsOut": 271900000,
        "weightedAverageShsOutDil": 271900000,
        "link": "",
        "finalLink": ""
    },
    {
        "date": "2012-06-30",
        "symbol": "KODK",
        "reportedCurrency": "USD",
        "cik": "0000031235",
        "fillingDate": "2012-06-30",
        "acceptedDate": "2012-06-29 20:00:00",
        "calendarYear": "2012",
        "period": "Q2",
        "revenue": 699000000,
        "costOfRevenue": 598000000,
        "grossProfit": 101000000,
        "grossProfitRatio": 0.1444921316,
        "researchAndDevelopmentExpenses": 54000000,
        "generalAndAdministrativeExpenses": 0,
        "sellingAndMarketingExpenses": 0,
        "sellingGeneralAndAdministrativeExpenses": 158000000,
        "otherExpenses": 5000000,
        "operatingExpenses": 205000000,
        "costAndExpenses": 803000000,
        "interestIncome": 0,
        "interestExpense": 41000000,
        "depreciationAndAmortization": 44000000,
        "ebitda": -226000000,
        "ebitdaratio": -0.3233190272,
        "operatingIncome": -104000000,
        "operatingIncomeRatio": -0.1487839771,
        "totalOtherIncomeExpensesNet": -202000000,
        "incomeBeforeTax": -306000000,
        "incomeBeforeTaxRatio": -0.4377682403,
        "incomeTaxExpense": -9000000,
        "netIncome": -299000000,
        "netIncomeRatio": -0.4277539342,
        "eps": -1.1,
        "epsdiluted": -1.1,
        "weightedAverageShsOut": 271900000,
        "weightedAverageShsOutDil": 271900000,
        "link": "",
        "finalLink": ""
    },
    {
        "date": "2012-03-31",
        "symbol": "KODK",
        "reportedCurrency": "USD",
        "cik": "0000031235",
        "fillingDate": "2012-03-31",
        "acceptedDate": "2012-03-30 20:00:00",
        "calendarYear": "2012",
        "period": "Q1",
        "revenue": 928000000,
        "costOfRevenue": 868000000,
        "grossProfit": 60000000,
        "grossProfitRatio": 0.0646551724,
        "researchAndDevelopmentExpenses": 66000000,
        "generalAndAdministrativeExpenses": 0,
        "sellingAndMarketingExpenses": 0,
        "sellingGeneralAndAdministrativeExpenses": 209000000,
        "otherExpenses": 78000000,
        "operatingExpenses": 347000000,
        "costAndExpenses": 1215000000,
        "interestIncome": 0,
        "interestExpense": 36000000,
        "depreciationAndAmortization": 65000000,
        "ebitda": -314000000,
        "ebitdaratio": -0.338362069,
        "operatingIncome": -287000000,
        "operatingIncomeRatio": -0.3092672414,
        "totalOtherIncomeExpensesNet": -128000000,
        "incomeBeforeTax": -415000000,
        "incomeBeforeTaxRatio": -0.4471982759,
        "incomeTaxExpense": -105000000,
        "netIncome": -366000000,
        "netIncomeRatio": -0.3943965517,
        "eps": -1.35,
        "epsdiluted": -1.35,
        "weightedAverageShsOut": 271100000,
        "weightedAverageShsOutDil": 271100000,
        "link": "",
        "finalLink": ""
    },
    {
        "date": "2011-12-31",
        "symbol": "KODK",
        "reportedCurrency": "USD",
        "cik": "0000031235",
        "fillingDate": "2012-02-29",
        "acceptedDate": "2012-02-29 16:02:28",
        "calendarYear": "2011",
        "period": "Q4",
        "revenue": 1753000000,
        "costOfRevenue": 1409000000,
        "grossProfit": 344000000,
        "grossProfitRatio": 0.1962350257,
        "researchAndDevelopmentExpenses": 60000000,
        "generalAndAdministrativeExpenses": 0,
        "sellingAndMarketingExpenses": 0,
        "sellingGeneralAndAdministrativeExpenses": 275000000,
        "otherExpenses": 34000000,
        "operatingExpenses": 369000000,
        "costAndExpenses": 1778000000,
        "interestIncome": 10000000,
        "interestExpense": 39000000,
        "depreciationAndAmortization": 71000000,
        "ebitda": 42000000,
        "ebitdaratio": 0.0239589276,
        "operatingIncome": -25000000,
        "operatingIncomeRatio": -0.0142612664,
        "totalOtherIncomeExpensesNet": -43000000,
        "incomeBeforeTax": -68000000,
        "incomeBeforeTaxRatio": -0.0387906446,
        "incomeTaxExpense": 49000000,
        "netIncome": -117000000,
        "netIncomeRatio": -0.0667427268,
        "eps": -0.43,
        "epsdiluted": -0.43,
        "weightedAverageShsOut": 269700000,
        "weightedAverageShsOutDil": 271100000,
        "link": "https://www.sec.gov/Archives/edgar/data/31235/000003123512000036/0000031235-12-000036-index.htm",
        "finalLink": "https://www.sec.gov/Archives/edgar/data/31235/000003123512000036/ek2011_10k.htm"
    },
    {
        "date": "2011-09-30",
        "symbol": "KODK",
        "reportedCurrency": "USD",
        "cik": "0000031235",
        "fillingDate": "2011-11-03",
        "acceptedDate": "2011-11-03 06:48:06",
        "calendarYear": "2011",
        "period": "Q3",
        "revenue": 1261000000,
        "costOfRevenue": 1081000000,
        "grossProfit": 180000000,
        "grossProfitRatio": 0.1427438541,
        "researchAndDevelopmentExpenses": 68000000,
        "generalAndAdministrativeExpenses": 0,
        "sellingAndMarketingExpenses": 0,
        "sellingGeneralAndAdministrativeExpenses": 259000000,
        "otherExpenses": 29000000,
        "operatingExpenses": 347000000,
        "costAndExpenses": 1428000000,
        "interestIncome": 0,
        "interestExpense": 41000000,
        "depreciationAndAmortization": 72000000,
        "ebitda": -102000000,
        "ebitdaratio": -0.080888184,
        "operatingIncome": -167000000,
        "operatingIncomeRatio": -0.1324345757,
        "totalOtherIncomeExpensesNet": -48000000,
        "incomeBeforeTax": -215000000,
        "incomeBeforeTaxRatio": -0.1704996035,
        "incomeTaxExpense": -1000000,
        "netIncome": -222000000,
        "netIncomeRatio": -0.1760507534,
        "eps": -0.83,
        "epsdiluted": -0.83,
        "weightedAverageShsOut": 268900000,
        "weightedAverageShsOutDil": 268900000,
        "link": "https://www.sec.gov/Archives/edgar/data/31235/000003123511000137/0000031235-11-000137-index.htm",
        "finalLink": "https://www.sec.gov/Archives/edgar/data/31235/000003123511000137/ekq32011_10q.htm"
    },
    {
        "date": "2011-06-30",
        "symbol": "KODK",
        "reportedCurrency": "USD",
        "cik": "0000031235",
        "fillingDate": "2011-07-26",
        "acceptedDate": "2011-07-26 06:53:24",
        "calendarYear": "2011",
        "period": "Q2",
        "revenue": 1485000000,
        "costOfRevenue": 1274000000,
        "grossProfit": 211000000,
        "grossProfitRatio": 0.1420875421,
        "researchAndDevelopmentExpenses": 68000000,
        "generalAndAdministrativeExpenses": 0,
        "sellingAndMarketingExpenses": 0,
        "sellingGeneralAndAdministrativeExpenses": 289000000,
        "otherExpenses": 28000000,
        "operatingExpenses": 385000000,
        "costAndExpenses": 1659000000,
        "interestIncome": 0,
        "interestExpense": 38000000,
        "depreciationAndAmortization": 76000000,
        "ebitda": -81000000,
        "ebitdaratio": -0.0545454545,
        "operatingIncome": -174000000,
        "operatingIncomeRatio": -0.1171717172,
        "totalOtherIncomeExpensesNet": -21000000,
        "incomeBeforeTax": -195000000,
        "incomeBeforeTaxRatio": -0.1313131313,
        "incomeTaxExpense": -16000000,
        "netIncome": -179000000,
        "netIncomeRatio": -0.1205387205,
        "eps": -0.67,
        "epsdiluted": -0.67,
        "weightedAverageShsOut": 268900000,
        "weightedAverageShsOutDil": 268900000,
        "link": "https://www.sec.gov/Archives/edgar/data/31235/000003123511000117/0000031235-11-000117-index.htm",
        "finalLink": "https://www.sec.gov/Archives/edgar/data/31235/000003123511000117/ekq22011_10q.htm"
    },
    {
        "date": "2011-03-31",
        "symbol": "KODK",
        "reportedCurrency": "USD",
        "cik": "0000031235",
        "fillingDate": "2011-04-28",
        "acceptedDate": "2011-04-28 06:53:07",
        "calendarYear": "2011",
        "period": "Q1",
        "revenue": 1322000000,
        "costOfRevenue": 1197000000,
        "grossProfit": 125000000,
        "grossProfitRatio": 0.0945537065,
        "researchAndDevelopmentExpenses": 78000000,
        "generalAndAdministrativeExpenses": 0,
        "sellingAndMarketingExpenses": 0,
        "sellingGeneralAndAdministrativeExpenses": 311000000,
        "otherExpenses": -37000000,
        "operatingExpenses": 352000000,
        "costAndExpenses": 1549000000,
        "interestIncome": 0,
        "interestExpense": 38000000,
        "depreciationAndAmortization": 75000000,
        "ebitda": -160000000,
        "ebitdaratio": -0.1210287443,
        "operatingIncome": -227000000,
        "operatingIncomeRatio": -0.171709531,
        "totalOtherIncomeExpensesNet": -46000000,
        "incomeBeforeTax": -273000000,
        "incomeBeforeTaxRatio": -0.206505295,
        "incomeTaxExpense": -24000000,
        "netIncome": -246000000,
        "netIncomeRatio": -0.1860816944,
        "eps": -0.91,
        "epsdiluted": -0.91,
        "weightedAverageShsOut": 268900000,
        "weightedAverageShsOutDil": 268900000,
        "link": "https://www.sec.gov/Archives/edgar/data/31235/000003123511000085/0000031235-11-000085-index.htm",
        "finalLink": "https://www.sec.gov/Archives/edgar/data/31235/000003123511000085/ek10q1stq2011.htm"
    },
    {
        "date": "2010-12-31",
        "symbol": "KODK",
        "reportedCurrency": "USD",
        "cik": "0000031235",
        "fillingDate": "2011-02-25",
        "acceptedDate": "2011-02-25 07:02:58",
        "calendarYear": "2010",
        "period": "Q4",
        "revenue": 1927000000,
        "costOfRevenue": 1550000000,
        "grossProfit": 377000000,
        "grossProfitRatio": 0.1956408926,
        "researchAndDevelopmentExpenses": 78000000,
        "generalAndAdministrativeExpenses": 0,
        "sellingAndMarketingExpenses": 0,
        "sellingGeneralAndAdministrativeExpenses": 340000000,
        "otherExpenses": 642000000,
        "operatingExpenses": 1060000000,
        "costAndExpenses": 2610000000,
        "interestIncome": 11000000,
        "interestExpense": 32000000,
        "depreciationAndAmortization": 89000000,
        "ebitda": -572000000,
        "ebitdaratio": -0.2968344577,
        "operatingIncome": -683000000,
        "operatingIncomeRatio": -0.3544369486,
        "totalOtherIncomeExpensesNet": -10000000,
        "incomeBeforeTax": -693000000,
        "incomeBeforeTaxRatio": -0.3596263622,
        "incomeTaxExpense": -109000000,
        "netIncome": -595000000,
        "netIncomeRatio": -0.308770109,
        "eps": -2.22,
        "epsdiluted": -2.22,
        "weightedAverageShsOut": 268500000,
        "weightedAverageShsOutDil": 268500000,
        "link": "https://www.sec.gov/Archives/edgar/data/31235/000003123511000025/0000031235-11-000025-index.htm",
        "finalLink": "https://www.sec.gov/Archives/edgar/data/31235/000003123511000025/ek2010_10k.htm"
    },
    {
        "date": "2010-09-30",
        "symbol": "KODK",
        "reportedCurrency": "USD",
        "cik": "0000031235",
        "fillingDate": "2010-10-28",
        "acceptedDate": "2010-10-28 06:45:43",
        "calendarYear": "2010",
        "period": "Q3",
        "revenue": 1756000000,
        "costOfRevenue": 1282000000,
        "grossProfit": 474000000,
        "grossProfitRatio": 0.2699316629,
        "researchAndDevelopmentExpenses": 83000000,
        "generalAndAdministrativeExpenses": 0,
        "sellingAndMarketingExpenses": 0,
        "sellingGeneralAndAdministrativeExpenses": 313000000,
        "otherExpenses": 21000000,
        "operatingExpenses": 416000000,
        "costAndExpenses": 1698000000,
        "interestIncome": 0,
        "interestExpense": 38000000,
        "depreciationAndAmortization": 96000000,
        "ebitda": 162000000,
        "ebitdaratio": 0.0922551253,
        "operatingIncome": 58000000,
        "operatingIncomeRatio": 0.0330296128,
        "totalOtherIncomeExpensesNet": -30000000,
        "incomeBeforeTax": 28000000,
        "incomeBeforeTaxRatio": 0.0159453303,
        "incomeTaxExpense": 71000000,
        "netIncome": -43000000,
        "netIncomeRatio": -0.0244874715,
        "eps": -0.16,
        "epsdiluted": -0.16,
        "weightedAverageShsOut": 268500000,
        "weightedAverageShsOutDil": 268500000,
        "link": "https://www.sec.gov/Archives/edgar/data/31235/000003123510000112/0000031235-10-000112-index.htm",
        "finalLink": "https://www.sec.gov/Archives/edgar/data/31235/000003123510000112/ek10q3rdq2010.htm"
    },
    {
        "date": "2010-06-30",
        "symbol": "KODK",
        "reportedCurrency": "USD",
        "cik": "0000031235",
        "fillingDate": "2010-07-28",
        "acceptedDate": "2010-07-28 06:54:37",
        "calendarYear": "2010",
        "period": "Q2",
        "revenue": 1555000000,
        "costOfRevenue": 1252000000,
        "grossProfit": 303000000,
        "grossProfitRatio": 0.1948553055,
        "researchAndDevelopmentExpenses": 81000000,
        "generalAndAdministrativeExpenses": 0,
        "sellingAndMarketingExpenses": 0,
        "sellingGeneralAndAdministrativeExpenses": 313000000,
        "otherExpenses": 9000000,
        "operatingExpenses": 403000000,
        "costAndExpenses": 1655000000,
        "interestIncome": 0,
        "interestExpense": 41000000,
        "depreciationAndAmortization": 92000000,
        "ebitda": -8000000,
        "ebitdaratio": -0.0051446945,
        "operatingIncome": -100000000,
        "operatingIncomeRatio": -0.0643086817,
        "totalOtherIncomeExpensesNet": -41000000,
        "incomeBeforeTax": -141000000,
        "incomeBeforeTaxRatio": -0.0906752412,
        "incomeTaxExpense": 26000000,
        "netIncome": -168000000,
        "netIncomeRatio": -0.1080385852,
        "eps": -0.63,
        "epsdiluted": -0.63,
        "weightedAverageShsOut": 268500000,
        "weightedAverageShsOutDil": 268500000,
        "link": "https://www.sec.gov/Archives/edgar/data/31235/000003123510000089/0000031235-10-000089-index.htm",
        "finalLink": "https://www.sec.gov/Archives/edgar/data/31235/000003123510000089/ek10q2ndq2010.htm"
    },
    {
        "date": "2010-03-31",
        "symbol": "KODK",
        "reportedCurrency": "USD",
        "cik": "0000031235",
        "fillingDate": "2010-04-29",
        "acceptedDate": "2010-04-29 06:55:41",
        "calendarYear": "2010",
        "period": "Q1",
        "revenue": 1914000000,
        "costOfRevenue": 1121000000,
        "grossProfit": 793000000,
        "grossProfitRatio": 0.4143155695,
        "researchAndDevelopmentExpenses": 79000000,
        "generalAndAdministrativeExpenses": 0,
        "sellingAndMarketingExpenses": 0,
        "sellingGeneralAndAdministrativeExpenses": 309000000,
        "otherExpenses": 17000000,
        "operatingExpenses": 404000000,
        "costAndExpenses": 1525000000,
        "interestIncome": 0,
        "interestExpense": 38000000,
        "depreciationAndAmortization": 101000000,
        "ebitda": 384000000,
        "ebitdaratio": 0.2006269592,
        "operatingIncome": 389000000,
        "operatingIncomeRatio": 0.2032392894,
        "totalOtherIncomeExpensesNet": -144000000,
        "incomeBeforeTax": 245000000,
        "incomeBeforeTaxRatio": 0.1280041797,
        "incomeTaxExpense": 126000000,
        "netIncome": 119000000,
        "netIncomeRatio": 0.0621734587,
        "eps": 0.44,
        "epsdiluted": 0.4,
        "weightedAverageShsOut": 268300000,
        "weightedAverageShsOutDil": 326200000,
        "link": "https://www.sec.gov/Archives/edgar/data/31235/000003123510000063/0000031235-10-000063-index.htm",
        "finalLink": "https://www.sec.gov/Archives/edgar/data/31235/000003123510000063/ek10q1stq2010.htm"
    },
    {
        "date": "2009-12-31",
        "symbol": "KODK",
        "reportedCurrency": "USD",
        "cik": "0000031235",
        "fillingDate": "2010-02-22",
        "acceptedDate": "2010-02-22 16:01:02",
        "calendarYear": "2009",
        "period": "Q4",
        "revenue": 2582000000,
        "costOfRevenue": 1695000000,
        "grossProfit": 887000000,
        "grossProfitRatio": 0.3435321456,
        "researchAndDevelopmentExpenses": 86000000,
        "generalAndAdministrativeExpenses": 0,
        "sellingAndMarketingExpenses": 0,
        "sellingGeneralAndAdministrativeExpenses": 347000000,
        "otherExpenses": -54000000,
        "operatingExpenses": 379000000,
        "costAndExpenses": 2074000000,
        "interestIncome": 0,
        "interestExpense": 44000000,
        "depreciationAndAmortization": 99000000,
        "ebitda": 629000000,
        "ebitdaratio": 0.243609605,
        "operatingIncome": 508000000,
        "operatingIncomeRatio": 0.196746708,
        "totalOtherIncomeExpensesNet": -22000000,
        "incomeBeforeTax": 486000000,
        "incomeBeforeTaxRatio": 0.1882261813,
        "incomeTaxExpense": 56000000,
        "netIncome": 443000000,
        "netIncomeRatio": 0.1715724245,
        "eps": 1.65,
        "epsdiluted": 1.65,
        "weightedAverageShsOut": 268300000,
        "weightedAverageShsOutDil": 326200000,
        "link": "https://www.sec.gov/Archives/edgar/data/31235/000003123510000038/0000031235-10-000038-index.htm",
        "finalLink": "https://www.sec.gov/Archives/edgar/data/31235/000003123510000038/ek2009_10k.htm"
    },
    {
        "date": "2009-09-30",
        "symbol": "KODK",
        "reportedCurrency": "USD",
        "cik": "0000031235",
        "fillingDate": "2009-10-29",
        "acceptedDate": "2009-10-29 06:50:22",
        "calendarYear": "2009",
        "period": "Q3",
        "revenue": 1781000000,
        "costOfRevenue": 1420000000,
        "grossProfit": 361000000,
        "grossProfitRatio": 0.2026951151,
        "researchAndDevelopmentExpenses": 81000000,
        "generalAndAdministrativeExpenses": 0,
        "sellingAndMarketingExpenses": 0,
        "sellingGeneralAndAdministrativeExpenses": 318000000,
        "otherExpenses": 43000000,
        "operatingExpenses": 442000000,
        "costAndExpenses": 1862000000,
        "interestIncome": 0,
        "interestExpense": 27000000,
        "depreciationAndAmortization": 109000000,
        "ebitda": 37000000,
        "ebitdaratio": 0.0207748456,
        "operatingIncome": -81000000,
        "operatingIncomeRatio": -0.0454800674,
        "totalOtherIncomeExpensesNet": -18000000,
        "incomeBeforeTax": -99000000,
        "incomeBeforeTaxRatio": -0.055586749,
        "incomeTaxExpense": 12000000,
        "netIncome": -111000000,
        "netIncomeRatio": -0.0623245368,
        "eps": -0.41,
        "epsdiluted": -0.41,
        "weightedAverageShsOut": 268200000,
        "weightedAverageShsOutDil": 268200000,
        "link": "https://www.sec.gov/Archives/edgar/data/31235/000003123509000117/0000031235-09-000117-index.htm",
        "finalLink": "https://www.sec.gov/Archives/edgar/data/31235/000003123509000117/ek10q3rdq2009.htm"
    },
    {
        "date": "2009-06-30",
        "symbol": "KODK",
        "reportedCurrency": "USD",
        "cik": "0000031235",
        "fillingDate": "2009-07-30",
        "acceptedDate": "2009-07-30 06:47:48",
        "calendarYear": "2009",
        "period": "Q2",
        "revenue": 1766000000,
        "costOfRevenue": 1440000000,
        "grossProfit": 326000000,
        "grossProfitRatio": 0.1845979615,
        "researchAndDevelopmentExpenses": 84000000,
        "generalAndAdministrativeExpenses": 0,
        "sellingAndMarketingExpenses": 0,
        "sellingGeneralAndAdministrativeExpenses": 324000000,
        "otherExpenses": 37000000,
        "operatingExpenses": 445000000,
        "costAndExpenses": 1885000000,
        "interestIncome": 0,
        "interestExpense": 23000000,
        "depreciationAndAmortization": 106000000,
        "ebitda": 1000000,
        "ebitdaratio": 0.0005662514,
        "operatingIncome": -119000000,
        "operatingIncomeRatio": -0.0673839185,
        "totalOtherIncomeExpensesNet": -9000000,
        "incomeBeforeTax": -128000000,
        "incomeBeforeTaxRatio": -0.0724801812,
        "incomeTaxExpense": 63000000,
        "netIncome": -189000000,
        "netIncomeRatio": -0.1070215176,
        "eps": -0.7,
        "epsdiluted": -0.7,
        "weightedAverageShsOut": 268200000,
        "weightedAverageShsOutDil": 268200000,
        "link": "https://www.sec.gov/Archives/edgar/data/31235/000003123509000087/0000031235-09-000087-index.htm",
        "finalLink": "https://www.sec.gov/Archives/edgar/data/31235/000003123509000087/ek10q2ndqtr2009.htm"
    },
    {
        "date": "2009-03-31",
        "symbol": "KODK",
        "reportedCurrency": "USD",
        "cik": "0000031235",
        "fillingDate": "2009-04-30",
        "acceptedDate": "2009-04-30 07:00:52",
        "calendarYear": "2009",
        "period": "Q1",
        "revenue": 1477000000,
        "costOfRevenue": 1283000000,
        "grossProfit": 194000000,
        "grossProfitRatio": 0.1313473257,
        "researchAndDevelopmentExpenses": 110000000,
        "generalAndAdministrativeExpenses": 0,
        "sellingAndMarketingExpenses": 0,
        "sellingGeneralAndAdministrativeExpenses": 313000000,
        "otherExpenses": 112000000,
        "operatingExpenses": 530000000,
        "costAndExpenses": 1813000000,
        "interestIncome": 0,
        "interestExpense": 25000000,
        "depreciationAndAmortization": 113000000,
        "ebitda": -238000000,
        "ebitdaratio": -0.1611374408,
        "operatingIncome": -336000000,
        "operatingIncomeRatio": -0.2274881517,
        "totalOtherIncomeExpensesNet": -40000000,
        "incomeBeforeTax": -376000000,
        "incomeBeforeTaxRatio": -0.2545700745,
        "incomeTaxExpense": -16000000,
        "netIncome": -353000000,
        "netIncomeRatio": -0.2389979689,
        "eps": -1.32,
        "epsdiluted": -1.32,
        "weightedAverageShsOut": 268200000,
        "weightedAverageShsOutDil": 268200000,
        "link": "https://www.sec.gov/Archives/edgar/data/31235/000003123509000046/0000031235-09-000046-index.htm",
        "finalLink": "https://www.sec.gov/Archives/edgar/data/31235/000003123509000046/ek10qmarch2009.htm"
    },
    {
        "date": "2008-12-31",
        "symbol": "KODK",
        "reportedCurrency": "USD",
        "cik": "0000031235",
        "fillingDate": "2009-02-27",
        "acceptedDate": "2009-02-27 08:14:46",
        "calendarYear": "2008",
        "period": "Q4",
        "revenue": 2433000000,
        "costOfRevenue": 1935000000,
        "grossProfit": 498000000,
        "grossProfitRatio": 0.2046855734,
        "researchAndDevelopmentExpenses": 120000000,
        "generalAndAdministrativeExpenses": 0,
        "sellingAndMarketingExpenses": 0,
        "sellingGeneralAndAdministrativeExpenses": 403000000,
        "otherExpenses": 81000000,
        "operatingExpenses": 604000000,
        "costAndExpenses": 2539000000,
        "interestIncome": 0,
        "interestExpense": 28000000,
        "depreciationAndAmortization": 120000000,
        "ebitda": 114000000,
        "ebitdaratio": 0.0468557337,
        "operatingIncome": -106000000,
        "operatingIncomeRatio": -0.043567612,
        "totalOtherIncomeExpensesNet": -810000000,
        "incomeBeforeTax": -916000000,
        "incomeBeforeTaxRatio": -0.3764899301,
        "incomeTaxExpense": -2000000,
        "netIncome": -918000000,
        "netIncomeRatio": -0.3773119605,
        "eps": -2.61,
        "epsdiluted": -2.61,
        "weightedAverageShsOut": 352307692,
        "weightedAverageShsOutDil": 352307692,
        "link": "https://www.sec.gov/Archives/edgar/data/31235/000003123509000028/0000031235-09-000028-index.htm",
        "finalLink": "https://www.sec.gov/Archives/edgar/data/31235/000003123509000028/ek123108_10k.htm"
    },
    {
        "date": "2008-09-30",
        "symbol": "KODK",
        "reportedCurrency": "USD",
        "cik": "0000031235",
        "fillingDate": "2008-10-30",
        "acceptedDate": "2008-10-30 06:55:46",
        "calendarYear": "2008",
        "period": "Q3",
        "revenue": 2405000000,
        "costOfRevenue": 1744000000,
        "grossProfit": 661000000,
        "grossProfitRatio": 0.2748440748,
        "researchAndDevelopmentExpenses": 100000000,
        "generalAndAdministrativeExpenses": 0,
        "sellingAndMarketingExpenses": 0,
        "sellingGeneralAndAdministrativeExpenses": 363000000,
        "otherExpenses": 48000000,
        "operatingExpenses": 511000000,
        "costAndExpenses": 2255000000,
        "interestIncome": 0,
        "interestExpense": 26000000,
        "depreciationAndAmortization": 128000000,
        "ebitda": 326000000,
        "ebitdaratio": 0.1355509356,
        "operatingIncome": 150000000,
        "operatingIncomeRatio": 0.0623700624,
        "totalOtherIncomeExpensesNet": -21000000,
        "incomeBeforeTax": 129000000,
        "incomeBeforeTaxRatio": 0.0536382536,
        "incomeTaxExpense": 28000000,
        "netIncome": 96000000,
        "netIncomeRatio": 0.0399168399,
        "eps": 0.34,
        "epsdiluted": 0.33,
        "weightedAverageShsOut": 283100000,
        "weightedAverageShsOutDil": 301900000,
        "link": "https://www.sec.gov/Archives/edgar/data/31235/000003123508000098/0000031235-08-000098-index.htm",
        "finalLink": "https://www.sec.gov/Archives/edgar/data/31235/000003123508000098/ek10qsept2008.htm"
    },
    {
        "date": "2008-06-30",
        "symbol": "KODK",
        "reportedCurrency": "USD",
        "cik": "0000031235",
        "fillingDate": "2008-07-31",
        "acceptedDate": "2008-07-31 06:48:41",
        "calendarYear": "2008",
        "period": "Q2",
        "revenue": 2485000000,
        "costOfRevenue": 1899000000,
        "grossProfit": 586000000,
        "grossProfitRatio": 0.2358148893,
        "researchAndDevelopmentExpenses": 142000000,
        "generalAndAdministrativeExpenses": 0,
        "sellingAndMarketingExpenses": 0,
        "sellingGeneralAndAdministrativeExpenses": 438000000,
        "otherExpenses": -5000000,
        "operatingExpenses": 568000000,
        "costAndExpenses": 2467000000,
        "interestIncome": 0,
        "interestExpense": 26000000,
        "depreciationAndAmortization": 126000000,
        "ebitda": 139000000,
        "ebitdaratio": 0.0559356137,
        "operatingIncome": 18000000,
        "operatingIncomeRatio": 0.0072434608,
        "totalOtherIncomeExpensesNet": -31000000,
        "incomeBeforeTax": -13000000,
        "incomeBeforeTaxRatio": -0.0052313883,
        "incomeTaxExpense": -213000000,
        "netIncome": 495000000,
        "netIncomeRatio": 0.199195171,
        "eps": 1.72,
        "epsdiluted": 1.62,
        "weightedAverageShsOut": 288200000,
        "weightedAverageShsOutDil": 288200000,
        "link": "https://www.sec.gov/Archives/edgar/data/31235/000003123508000089/0000031235-08-000089-index.htm",
        "finalLink": "https://www.sec.gov/Archives/edgar/data/31235/000003123508000089/ek10qjune2008.htm"
    },
    {
        "date": "2008-03-31",
        "symbol": "KODK",
        "reportedCurrency": "USD",
        "cik": "0000031235",
        "fillingDate": "2008-05-01",
        "acceptedDate": "2008-05-01 06:50:56",
        "calendarYear": "2008",
        "period": "Q1",
        "revenue": 2093000000,
        "costOfRevenue": 1669000000,
        "grossProfit": 424000000,
        "grossProfitRatio": 0.2025800287,
        "researchAndDevelopmentExpenses": 140000000,
        "generalAndAdministrativeExpenses": 0,
        "sellingAndMarketingExpenses": 0,
        "sellingGeneralAndAdministrativeExpenses": 385000000,
        "otherExpenses": -20000000,
        "operatingExpenses": 505000000,
        "costAndExpenses": 2174000000,
        "interestIncome": 0,
        "interestExpense": 28000000,
        "depreciationAndAmortization": 126000000,
        "ebitda": 80000000,
        "ebitdaratio": 0.0382226469,
        "operatingIncome": -81000000,
        "operatingIncomeRatio": -0.03870043,
        "totalOtherIncomeExpensesNet": 7000000,
        "incomeBeforeTax": -74000000,
        "incomeBeforeTaxRatio": -0.0353559484,
        "incomeTaxExpense": 40000000,
        "netIncome": -115000000,
        "netIncomeRatio": -0.0549450549,
        "eps": -0.4,
        "epsdiluted": -0.4,
        "weightedAverageShsOut": 288100000,
        "weightedAverageShsOutDil": 288100000,
        "link": "https://www.sec.gov/Archives/edgar/data/31235/000003123508000071/0000031235-08-000071-index.htm",
        "finalLink": "https://www.sec.gov/Archives/edgar/data/31235/000003123508000071/ek10qmarch2008.htm"
    },
    {
        "date": "2007-12-31",
        "symbol": "KODK",
        "reportedCurrency": "USD",
        "cik": "0000031235",
        "fillingDate": "2008-02-27",
        "acceptedDate": "2008-02-27 08:41:21",
        "calendarYear": "2007",
        "period": "Q4",
        "revenue": 3091000000,
        "costOfRevenue": 2332000000,
        "grossProfit": 759000000,
        "grossProfitRatio": 0.2455516014,
        "researchAndDevelopmentExpenses": 137000000,
        "generalAndAdministrativeExpenses": 0,
        "sellingAndMarketingExpenses": 0,
        "sellingGeneralAndAdministrativeExpenses": 505000000,
        "otherExpenses": 44000000,
        "operatingExpenses": 686000000,
        "costAndExpenses": 3018000000,
        "interestIncome": 0,
        "interestExpense": 29000000,
        "depreciationAndAmortization": 176000000,
        "ebitda": 293000000,
        "ebitdaratio": 0.0947913297,
        "operatingIncome": 73000000,
        "operatingIncomeRatio": 0.0236169524,
        "totalOtherIncomeExpensesNet": 27000000,
        "incomeBeforeTax": 100000000,
        "incomeBeforeTaxRatio": 0.0323519896,
        "incomeTaxExpense": 13000000,
        "netIncome": 215000000,
        "netIncomeRatio": 0.0695567777,
        "eps": 0.75,
        "epsdiluted": 0.75,
        "weightedAverageShsOut": 287838298,
        "weightedAverageShsOutDil": 288732394,
        "link": "https://www.sec.gov/Archives/edgar/data/31235/000120677408000374/0001206774-08-000374-index.htm",
        "finalLink": "https://www.sec.gov/Archives/edgar/data/31235/000120677408000374/kodak_10k.htm"
    },
    {
        "date": "2007-09-30",
        "symbol": "KODK",
        "reportedCurrency": "USD",
        "cik": "0000031235",
        "fillingDate": "2007-11-01",
        "acceptedDate": "2007-11-01 06:30:19",
        "calendarYear": "2007",
        "period": "Q3",
        "revenue": 2581000000,
        "costOfRevenue": 1899000000,
        "grossProfit": 682000000,
        "grossProfitRatio": 0.2642386672,
        "researchAndDevelopmentExpenses": 129000000,
        "generalAndAdministrativeExpenses": 0,
        "sellingAndMarketingExpenses": 0,
        "sellingGeneralAndAdministrativeExpenses": 427000000,
        "otherExpenses": 100000000,
        "operatingExpenses": 656000000,
        "costAndExpenses": 2555000000,
        "interestIncome": 0,
        "interestExpense": 28000000,
        "depreciationAndAmortization": 163000000,
        "ebitda": 289000000,
        "ebitdaratio": 0.1119721038,
        "operatingIncome": 26000000,
        "operatingIncomeRatio": 0.0100736149,
        "totalOtherIncomeExpensesNet": 3000000,
        "incomeBeforeTax": 29000000,
        "incomeBeforeTaxRatio": 0.0112359551,
        "incomeTaxExpense": -5000000,
        "netIncome": 37000000,
        "netIncomeRatio": 0.0143355289,
        "eps": 0.13,
        "epsdiluted": 0.13,
        "weightedAverageShsOut": 287800000,
        "weightedAverageShsOutDil": 288600000,
        "link": "https://www.sec.gov/Archives/edgar/data/31235/000120677407002504/0001206774-07-002504-index.htm",
        "finalLink": "https://www.sec.gov/Archives/edgar/data/31235/000120677407002504/kodak_10q.htm"
    },
    {
        "date": "2007-06-30",
        "symbol": "KODK",
        "reportedCurrency": "USD",
        "cik": "0000031235",
        "fillingDate": "2007-08-09",
        "acceptedDate": "2007-08-09 16:05:04",
        "calendarYear": "2007",
        "period": "Q2",
        "revenue": 2468000000,
        "costOfRevenue": 1824000000,
        "grossProfit": 644000000,
        "grossProfitRatio": 0.2609400324,
        "researchAndDevelopmentExpenses": 132000000,
        "generalAndAdministrativeExpenses": 0,
        "sellingAndMarketingExpenses": 0,
        "sellingGeneralAndAdministrativeExpenses": 435000000,
        "otherExpenses": 295000000,
        "operatingExpenses": 866000000,
        "costAndExpenses": 2690000000,
        "interestIncome": 0,
        "interestExpense": 31000000,
        "depreciationAndAmortization": 198000000,
        "ebitda": 271000000,
        "ebitdaratio": 0.1098055105,
        "operatingIncome": -222000000,
        "operatingIncomeRatio": -0.0899513776,
        "totalOtherIncomeExpensesNet": 25000000,
        "incomeBeforeTax": -197000000,
        "incomeBeforeTaxRatio": -0.079821718,
        "incomeTaxExpense": -43000000,
        "netIncome": 575000000,
        "netIncomeRatio": 0.2329821718,
        "eps": 2,
        "epsdiluted": 2,
        "weightedAverageShsOut": 287600000,
        "weightedAverageShsOutDil": 287600000,
        "link": "https://www.sec.gov/Archives/edgar/data/31235/000120677407001959/0001206774-07-001959-index.htm",
        "finalLink": "https://www.sec.gov/Archives/edgar/data/31235/000120677407001959/kodak_10q.htm"
    },
    {
        "date": "2007-03-31",
        "symbol": "KODK",
        "reportedCurrency": "USD",
        "cik": "0000031235",
        "fillingDate": "2007-05-09",
        "acceptedDate": "2007-05-09 16:34:32",
        "calendarYear": "2007",
        "period": "Q1",
        "revenue": 2080000000,
        "costOfRevenue": 1652000000,
        "grossProfit": 428000000,
        "grossProfitRatio": 0.2057692308,
        "researchAndDevelopmentExpenses": 137000000,
        "generalAndAdministrativeExpenses": 0,
        "sellingAndMarketingExpenses": 0,
        "sellingGeneralAndAdministrativeExpenses": 394000000,
        "otherExpenses": 85000000,
        "operatingExpenses": 620000000,
        "costAndExpenses": 2272000000,
        "interestIncome": 0,
        "interestExpense": 25000000,
        "depreciationAndAmortization": 248000000,
        "ebitda": 141000000,
        "ebitdaratio": 0.0677884615,
        "operatingIncome": -192000000,
        "operatingIncomeRatio": -0.0923076923,
        "totalOtherIncomeExpensesNet": -1000000,
        "incomeBeforeTax": -193000000,
        "incomeBeforeTaxRatio": -0.0927884615,
        "incomeTaxExpense": -18000000,
        "netIncome": -151000000,
        "netIncomeRatio": -0.0725961538,
        "eps": -0.53,
        "epsdiluted": -0.53,
        "weightedAverageShsOut": 287300000,
        "weightedAverageShsOutDil": 287300000,
        "link": "https://www.sec.gov/Archives/edgar/data/31235/000120677407001351/0001206774-07-001351-index.htm",
        "finalLink": "https://www.sec.gov/Archives/edgar/data/31235/000120677407001351/kodak_10q.htm"
    },
    {
        "date": "2006-12-31",
        "symbol": "KODK",
        "reportedCurrency": "USD",
        "cik": "0000031235",
        "fillingDate": "2007-03-01",
        "acceptedDate": "2007-03-01 08:55:49",
        "calendarYear": "2006",
        "period": "Q4",
        "revenue": 3821000000,
        "costOfRevenue": 2814000000,
        "grossProfit": 1007000000,
        "grossProfitRatio": 0.263543575,
        "researchAndDevelopmentExpenses": 170000000,
        "generalAndAdministrativeExpenses": 0,
        "sellingAndMarketingExpenses": 0,
        "sellingGeneralAndAdministrativeExpenses": 595000000,
        "otherExpenses": 20000000,
        "operatingExpenses": 785000000,
        "costAndExpenses": 3599000000,
        "interestIncome": 0,
        "interestExpense": 60000000,
        "depreciationAndAmortization": 315000000,
        "ebitda": 557000000,
        "ebitdaratio": 0.1457733578,
        "operatingIncome": 222000000,
        "operatingIncomeRatio": 0.0580999738,
        "totalOtherIncomeExpensesNet": -24000000,
        "incomeBeforeTax": 198000000,
        "incomeBeforeTaxRatio": 0.0518188956,
        "incomeTaxExpense": 181000000,
        "netIncome": 16000000,
        "netIncomeRatio": 0.0041873855,
        "eps": 0.06,
        "epsdiluted": 0.06,
        "weightedAverageShsOut": 218181818,
        "weightedAverageShsOutDil": 218181818,
        "link": "https://www.sec.gov/Archives/edgar/data/31235/000120677407000543/0001206774-07-000543-index.htm",
        "finalLink": "https://www.sec.gov/Archives/edgar/data/31235/000120677407000543/kodak_10k.htm"
    },
    {
        "date": "2006-09-30",
        "symbol": "KODK",
        "reportedCurrency": "USD",
        "cik": "0000031235",
        "fillingDate": "2006-11-03",
        "acceptedDate": "2006-11-03 11:18:16",
        "calendarYear": "2006",
        "period": "Q3",
        "revenue": 2595000000,
        "costOfRevenue": 1944000000,
        "grossProfit": 651000000,
        "grossProfitRatio": 0.250867052,
        "researchAndDevelopmentExpenses": 170000000,
        "generalAndAdministrativeExpenses": 0,
        "sellingAndMarketingExpenses": 0,
        "sellingGeneralAndAdministrativeExpenses": 464000000,
        "otherExpenses": 108000000,
        "operatingExpenses": 710000000,
        "costAndExpenses": 2654000000,
        "interestIncome": 0,
        "interestExpense": 74000000,
        "depreciationAndAmortization": 194000000,
        "ebitda": 243000000,
        "ebitdaratio": 0.0936416185,
        "operatingIncome": -59000000,
        "operatingIncomeRatio": -0.0227360308,
        "totalOtherIncomeExpensesNet": 6000000,
        "incomeBeforeTax": -53000000,
        "incomeBeforeTaxRatio": -0.0204238921,
        "incomeTaxExpense": 30000000,
        "netIncome": -37000000,
        "netIncomeRatio": -0.0142581888,
        "eps": -0.13,
        "epsdiluted": -0.13,
        "weightedAverageShsOut": 287200000,
        "weightedAverageShsOutDil": 287200000,
        "link": "https://www.sec.gov/Archives/edgar/data/31235/000120677406002254/0001206774-06-002254-index.htm",
        "finalLink": "https://www.sec.gov/Archives/edgar/data/31235/000120677406002254/kodak_10q.htm"
    },
    {
        "date": "2006-06-30",
        "symbol": "KODK",
        "reportedCurrency": "USD",
        "cik": "0000031235",
        "fillingDate": "2006-08-03",
        "acceptedDate": "2006-08-03 09:18:55",
        "calendarYear": "2006",
        "period": "Q2",
        "revenue": 3360000000,
        "costOfRevenue": 2551000000,
        "grossProfit": 809000000,
        "grossProfitRatio": 0.2407738095,
        "researchAndDevelopmentExpenses": 187000000,
        "generalAndAdministrativeExpenses": 0,
        "sellingAndMarketingExpenses": 0,
        "sellingGeneralAndAdministrativeExpenses": 620000000,
        "otherExpenses": 169000000,
        "operatingExpenses": 976000000,
        "costAndExpenses": 3527000000,
        "interestIncome": 0,
        "interestExpense": 66000000,
        "depreciationAndAmortization": 345000000,
        "ebitda": 347000000,
        "ebitdaratio": 0.1032738095,
        "operatingIncome": -167000000,
        "operatingIncomeRatio": -0.049702381,
        "totalOtherIncomeExpensesNet": -64000000,
        "incomeBeforeTax": -231000000,
        "incomeBeforeTaxRatio": -0.06875,
        "incomeTaxExpense": 51000000,
        "netIncome": -282000000,
        "netIncomeRatio": -0.0839285714,
        "eps": -0.98,
        "epsdiluted": -0.98,
        "weightedAverageShsOut": 287300000,
        "weightedAverageShsOutDil": 287300000,
        "link": "https://www.sec.gov/Archives/edgar/data/31235/000120677406001701/0001206774-06-001701-index.htm",
        "finalLink": "https://www.sec.gov/Archives/edgar/data/31235/000120677406001701/ek131709.htm"
    },
    {
        "date": "2006-03-31",
        "symbol": "KODK",
        "reportedCurrency": "USD",
        "cik": "0000031235",
        "fillingDate": "2006-05-04",
        "acceptedDate": "2006-05-04 06:31:19",
        "calendarYear": "2006",
        "period": "Q1",
        "revenue": 2292000000,
        "costOfRevenue": 1823000000,
        "grossProfit": 469000000,
        "grossProfitRatio": 0.2046247818,
        "researchAndDevelopmentExpenses": 183000000,
        "generalAndAdministrativeExpenses": 0,
        "sellingAndMarketingExpenses": 0,
        "sellingGeneralAndAdministrativeExpenses": 507000000,
        "otherExpenses": 138000000,
        "operatingExpenses": 793000000,
        "costAndExpenses": 2616000000,
        "interestIncome": 0,
        "interestExpense": 62000000,
        "depreciationAndAmortization": 371000000,
        "ebitda": 185000000,
        "ebitdaratio": 0.0807155323,
        "operatingIncome": -324000000,
        "operatingIncomeRatio": -0.1413612565,
        "totalOtherIncomeExpensesNet": -14000000,
        "incomeBeforeTax": -338000000,
        "incomeBeforeTaxRatio": -0.147469459,
        "incomeTaxExpense": 8000000,
        "netIncome": -298000000,
        "netIncomeRatio": -0.130017452,
        "eps": -1.04,
        "epsdiluted": -1.04,
        "weightedAverageShsOut": 287200000,
        "weightedAverageShsOutDil": 287200000,
        "link": "https://www.sec.gov/Archives/edgar/data/31235/000120677406001025/0001206774-06-001025-index.htm",
        "finalLink": "https://www.sec.gov/Archives/edgar/data/31235/000120677406001025/ek125908.htm"
    },
    {
        "date": "2005-12-31",
        "symbol": "KODK",
        "reportedCurrency": "USD",
        "cik": "0000031235",
        "fillingDate": "2006-03-02",
        "acceptedDate": "2006-03-02 16:37:52",
        "calendarYear": "2005",
        "period": "Q4",
        "revenue": 4197000000,
        "costOfRevenue": 3262000000,
        "grossProfit": 935000000,
        "grossProfitRatio": 0.2227781749,
        "researchAndDevelopmentExpenses": 200000000,
        "generalAndAdministrativeExpenses": 0,
        "sellingAndMarketingExpenses": 0,
        "sellingGeneralAndAdministrativeExpenses": 738000000,
        "otherExpenses": 159000000,
        "operatingExpenses": 1097000000,
        "costAndExpenses": 4359000000,
        "interestIncome": 0,
        "interestExpense": 67000000,
        "depreciationAndAmortization": 465000000,
        "ebitda": 462000000,
        "ebitdaratio": 0.1100786276,
        "operatingIncome": -162000000,
        "operatingIncomeRatio": -0.0385989993,
        "totalOtherIncomeExpensesNet": -12000000,
        "incomeBeforeTax": -174000000,
        "incomeBeforeTaxRatio": -0.0414581844,
        "incomeTaxExpense": -31000000,
        "netIncome": -52000000,
        "netIncomeRatio": -0.0123898022,
        "eps": -0.2,
        "epsdiluted": -0.2,
        "weightedAverageShsOut": 255049504,
        "weightedAverageShsOutDil": 255049504,
        "link": "https://www.sec.gov/Archives/edgar/data/31235/000120677406000357/0001206774-06-000357-index.htm",
        "finalLink": "https://www.sec.gov/Archives/edgar/data/31235/000120677406000357/ek111562.htm"
    },
    {
        "date": "2005-09-30",
        "symbol": "KODK",
        "reportedCurrency": "USD",
        "cik": "0000031235",
        "fillingDate": "2005-11-09",
        "acceptedDate": "2005-11-09 17:17:38",
        "calendarYear": "2005",
        "period": "Q3",
        "revenue": 3553000000,
        "costOfRevenue": 2631000000,
        "grossProfit": 922000000,
        "grossProfitRatio": 0.2594990149,
        "researchAndDevelopmentExpenses": 217000000,
        "generalAndAdministrativeExpenses": 0,
        "sellingAndMarketingExpenses": 0,
        "sellingGeneralAndAdministrativeExpenses": 670000000,
        "otherExpenses": 163000000,
        "operatingExpenses": 1045000000,
        "costAndExpenses": 3676000000,
        "interestIncome": 0,
        "interestExpense": 0,
        "depreciationAndAmortization": 396000000,
        "ebitda": 436000000,
        "ebitdaratio": 0.1227132001,
        "operatingIncome": -123000000,
        "operatingIncomeRatio": -0.0346186321,
        "totalOtherIncomeExpensesNet": -66000000,
        "incomeBeforeTax": -189000000,
        "incomeBeforeTaxRatio": -0.0531944835,
        "incomeTaxExpense": 726000000,
        "netIncome": -914000000,
        "netIncomeRatio": -0.2572473966,
        "eps": -3.18,
        "epsdiluted": -3.18,
        "weightedAverageShsOut": 287200000,
        "weightedAverageShsOutDil": 287200000,
        "link": "https://www.sec.gov/Archives/edgar/data/31235/000120677405001793/0001206774-05-001793-index.htm",
        "finalLink": "https://www.sec.gov/Archives/edgar/data/31235/000120677405001793/ek107843.htm"
    },
    {
        "date": "2005-06-30",
        "symbol": "KODK",
        "reportedCurrency": "USD",
        "cik": "0000031235",
        "fillingDate": "2005-08-09",
        "acceptedDate": "2005-08-09 08:05:20",
        "calendarYear": "2005",
        "period": "Q2",
        "revenue": 3686000000,
        "costOfRevenue": 2648000000,
        "grossProfit": 1038000000,
        "grossProfitRatio": 0.281606077,
        "researchAndDevelopmentExpenses": 276000000,
        "generalAndAdministrativeExpenses": 0,
        "sellingAndMarketingExpenses": 0,
        "sellingGeneralAndAdministrativeExpenses": 650000000,
        "otherExpenses": 253000000,
        "operatingExpenses": 1175000000,
        "costAndExpenses": 3823000000,
        "interestIncome": 0,
        "interestExpense": 49000000,
        "depreciationAndAmortization": 274000000,
        "ebitda": 390000000,
        "ebitdaratio": 0.1058057515,
        "operatingIncome": -137000000,
        "operatingIncomeRatio": -0.0371676614,
        "totalOtherIncomeExpensesNet": -86000000,
        "incomeBeforeTax": -223000000,
        "incomeBeforeTaxRatio": -0.0604991861,
        "incomeTaxExpense": -68000000,
        "netIncome": -155000000,
        "netIncomeRatio": -0.0420510038,
        "eps": -0.54,
        "epsdiluted": -0.54,
        "weightedAverageShsOut": 287100000,
        "weightedAverageShsOutDil": 287100000,
        "link": "https://www.sec.gov/Archives/edgar/data/31235/000120677405001402/0001206774-05-001402-index.htm",
        "finalLink": "https://www.sec.gov/Archives/edgar/data/31235/000120677405001402/ek102126.htm"
    },
    {
        "date": "2005-03-31",
        "symbol": "KODK",
        "reportedCurrency": "USD",
        "cik": "0000031235",
        "fillingDate": "2005-12-12",
        "acceptedDate": "2005-12-12 17:28:51",
        "calendarYear": "2005",
        "period": "Q1",
        "revenue": 2832000000,
        "costOfRevenue": 2141000000,
        "grossProfit": 691000000,
        "grossProfitRatio": 0.2439971751,
        "researchAndDevelopmentExpenses": 199000000,
        "generalAndAdministrativeExpenses": 0,
        "sellingAndMarketingExpenses": 0,
        "sellingGeneralAndAdministrativeExpenses": 581000000,
        "otherExpenses": 115000000,
        "operatingExpenses": 892000000,
        "costAndExpenses": 3033000000,
        "interestIncome": 0,
        "interestExpense": 38000000,
        "depreciationAndAmortization": 267000000,
        "ebitda": 181000000,
        "ebitdaratio": 0.0639124294,
        "operatingIncome": -201000000,
        "operatingIncomeRatio": -0.0709745763,
        "totalOtherIncomeExpensesNet": -3000000,
        "incomeBeforeTax": -204000000,
        "incomeBeforeTaxRatio": -0.0720338983,
        "incomeTaxExpense": -57000000,
        "netIncome": -145000000,
        "netIncomeRatio": -0.051200565,
        "eps": -0.51,
        "epsdiluted": -0.5,
        "weightedAverageShsOut": 286900000,
        "weightedAverageShsOutDil": 286900000,
        "link": "https://www.sec.gov/Archives/edgar/data/31235/000120677405001992/0001206774-05-001992-index.htm",
        "finalLink": "https://www.sec.gov/Archives/edgar/data/31235/000120677405001992/ek109809.htm"
    },
    {
        "date": "2004-12-31",
        "symbol": "KODK",
        "reportedCurrency": "USD",
        "cik": "0000031235",
        "fillingDate": "2005-04-06",
        "acceptedDate": "2005-04-06 08:48:37",
        "calendarYear": "2004",
        "period": "Q4",
        "revenue": 3765000000,
        "costOfRevenue": 2798000000,
        "grossProfit": 967000000,
        "grossProfitRatio": 0.2568393094,
        "researchAndDevelopmentExpenses": 226000000,
        "generalAndAdministrativeExpenses": 0,
        "sellingAndMarketingExpenses": 0,
        "sellingGeneralAndAdministrativeExpenses": 709000000,
        "otherExpenses": 283000000,
        "operatingExpenses": 1218000000,
        "costAndExpenses": 4016000000,
        "interestIncome": 0,
        "interestExpense": 38000000,
        "depreciationAndAmortization": 377000000,
        "ebitda": 409000000,
        "ebitdaratio": 0.1086321381,
        "operatingIncome": -251000000,
        "operatingIncomeRatio": -0.0666666667,
        "totalOtherIncomeExpensesNet": 97000000,
        "incomeBeforeTax": -154000000,
        "incomeBeforeTaxRatio": -0.0409030544,
        "incomeTaxExpense": -31000000,
        "netIncome": -105000000,
        "netIncomeRatio": -0.0278884462,
        "eps": -0.33,
        "epsdiluted": -0.33,
        "weightedAverageShsOut": 314285714,
        "weightedAverageShsOutDil": 314285714,
        "link": "https://www.sec.gov/Archives/edgar/data/31235/000120677405000535/0001206774-05-000535-index.htm",
        "finalLink": "https://www.sec.gov/Archives/edgar/data/31235/000120677405000535/ek910724.htm"
    },
    {
        "date": "2004-09-30",
        "symbol": "KODK",
        "reportedCurrency": "USD",
        "cik": "0000031235",
        "fillingDate": "2004-11-09",
        "acceptedDate": "2004-11-09 15:35:14",
        "calendarYear": "2004",
        "period": "Q3",
        "revenue": 3374000000,
        "costOfRevenue": 2296000000,
        "grossProfit": 1078000000,
        "grossProfitRatio": 0.3195020747,
        "researchAndDevelopmentExpenses": 219000000,
        "generalAndAdministrativeExpenses": 0,
        "sellingAndMarketingExpenses": 0,
        "sellingGeneralAndAdministrativeExpenses": 629000000,
        "otherExpenses": 227000000,
        "operatingExpenses": 1075000000,
        "costAndExpenses": 3371000000,
        "interestIncome": 0,
        "interestExpense": 3000000,
        "depreciationAndAmortization": 244000000,
        "ebitda": 474000000,
        "ebitdaratio": 0.1404860699,
        "operatingIncome": 3000000,
        "operatingIncomeRatio": 0.0008891523,
        "totalOtherIncomeExpensesNet": -19000000,
        "incomeBeforeTax": -16000000,
        "incomeBeforeTaxRatio": -0.0047421458,
        "incomeTaxExpense": -28000000,
        "netIncome": 458000000,
        "netIncomeRatio": 0.1357439241,
        "eps": 1.6,
        "epsdiluted": 1.6,
        "weightedAverageShsOut": 286600000,
        "weightedAverageShsOutDil": 286700000,
        "link": "https://www.sec.gov/Archives/edgar/data/31235/000120677404001616/0001206774-04-001616-index.htm",
        "finalLink": "https://www.sec.gov/Archives/edgar/data/31235/000120677404001616/ek908889.htm"
    },
    {
        "date": "2004-06-30",
        "symbol": "KODK",
        "reportedCurrency": "USD",
        "cik": "0000031235",
        "fillingDate": "2004-08-05",
        "acceptedDate": "2004-08-05 17:18:59",
        "calendarYear": "2004",
        "period": "Q2",
        "revenue": 3464000000,
        "costOfRevenue": 2363000000,
        "grossProfit": 1101000000,
        "grossProfitRatio": 0.3178406467,
        "researchAndDevelopmentExpenses": 212000000,
        "generalAndAdministrativeExpenses": 0,
        "sellingAndMarketingExpenses": 0,
        "sellingGeneralAndAdministrativeExpenses": 615000000,
        "otherExpenses": 134000000,
        "operatingExpenses": 962000000,
        "costAndExpenses": 3325000000,
        "interestIncome": 0,
        "interestExpense": 43000000,
        "depreciationAndAmortization": 234000000,
        "ebitda": 507000000,
        "ebitdaratio": 0.1463625866,
        "operatingIncome": 139000000,
        "operatingIncomeRatio": 0.0401270208,
        "totalOtherIncomeExpensesNet": -35000000,
        "incomeBeforeTax": 104000000,
        "incomeBeforeTaxRatio": 0.0300230947,
        "incomeTaxExpense": -15000000,
        "netIncome": 136000000,
        "netIncomeRatio": 0.03926097,
        "eps": 0.48,
        "epsdiluted": 0.46,
        "weightedAverageShsOut": 286600000,
        "weightedAverageShsOutDil": 305200000,
        "link": "https://www.sec.gov/Archives/edgar/data/31235/000120677404000768/0001206774-04-000768-index.htm",
        "finalLink": "https://www.sec.gov/Archives/edgar/data/31235/000120677404000768/ekc90857610q.htm"
    },
    {
        "date": "2004-03-31",
        "symbol": "KODK",
        "reportedCurrency": "USD",
        "cik": "0000031235",
        "fillingDate": "2004-05-10",
        "acceptedDate": "2004-05-10 16:50:32",
        "calendarYear": "2004",
        "period": "Q1",
        "revenue": 2920000000,
        "costOfRevenue": 2113000000,
        "grossProfit": 807000000,
        "grossProfitRatio": 0.276369863,
        "researchAndDevelopmentExpenses": 197000000,
        "generalAndAdministrativeExpenses": 0,
        "sellingAndMarketingExpenses": 0,
        "sellingGeneralAndAdministrativeExpenses": 549000000,
        "otherExpenses": 54000000,
        "operatingExpenses": 800000000,
        "costAndExpenses": 2913000000,
        "interestIncome": 0,
        "interestExpense": 44000000,
        "depreciationAndAmortization": 235000000,
        "ebitda": 296000000,
        "ebitdaratio": 0.101369863,
        "operatingIncome": 7000000,
        "operatingIncomeRatio": 0.0023972603,
        "totalOtherIncomeExpensesNet": -46000000,
        "incomeBeforeTax": -39000000,
        "incomeBeforeTaxRatio": -0.0133561644,
        "incomeTaxExpense": -47000000,
        "netIncome": 21000000,
        "netIncomeRatio": 0.0071917808,
        "eps": 0.07,
        "epsdiluted": 0.07,
        "weightedAverageShsOut": 286600000,
        "weightedAverageShsOutDil": 286700000,
        "link": "https://www.sec.gov/Archives/edgar/data/31235/000120677404000490/0001206774-04-000490-index.htm",
        "finalLink": "https://www.sec.gov/Archives/edgar/data/31235/000120677404000490/k90723610q.htm"
    },
    {
        "date": "2003-12-31",
        "symbol": "KODK",
        "reportedCurrency": "USD",
        "cik": "0000031235",
        "fillingDate": "2004-03-15",
        "acceptedDate": "2004-03-15 08:34:06",
        "calendarYear": "2003",
        "period": "Q4",
        "revenue": 3778000000,
        "costOfRevenue": 2561000000,
        "grossProfit": 1217000000,
        "grossProfitRatio": 0.3221281101,
        "researchAndDevelopmentExpenses": 214000000,
        "generalAndAdministrativeExpenses": 0,
        "sellingAndMarketingExpenses": 0,
        "sellingGeneralAndAdministrativeExpenses": 727000000,
        "otherExpenses": 256000000,
        "operatingExpenses": 1197000000,
        "costAndExpenses": 3758000000,
        "interestIncome": 0,
        "interestExpense": 44000000,
        "depreciationAndAmortization": 210000000,
        "ebitda": 486000000,
        "ebitdaratio": 0.1286394918,
        "operatingIncome": 20000000,
        "operatingIncomeRatio": 0.0052938062,
        "totalOtherIncomeExpensesNet": -56000000,
        "incomeBeforeTax": -36000000,
        "incomeBeforeTaxRatio": -0.0095288512,
        "incomeTaxExpense": -43000000,
        "netIncome": 19000000,
        "netIncomeRatio": 0.0050291159,
        "eps": 0.0663,
        "epsdiluted": 0.0663,
        "weightedAverageShsOut": 286500000,
        "weightedAverageShsOutDil": 286500000,
        "link": "https://www.sec.gov/Archives/edgar/data/31235/000003123504000049/0000031235-04-000049-index.htm",
        "finalLink": "https://www.sec.gov/Archives/edgar/data/31235/000003123504000049/ek10-k2003.txt"
    },
    {
        "date": "2003-09-30",
        "symbol": "KODK",
        "reportedCurrency": "USD",
        "cik": "0000031235",
        "fillingDate": "2003-10-24",
        "acceptedDate": "2003-10-24 16:06:42",
        "calendarYear": "2003",
        "period": "Q3",
        "revenue": 3346000000,
        "costOfRevenue": 2241000000,
        "grossProfit": 1105000000,
        "grossProfitRatio": 0.3302450687,
        "researchAndDevelopmentExpenses": 194000000,
        "generalAndAdministrativeExpenses": 0,
        "sellingAndMarketingExpenses": 0,
        "sellingGeneralAndAdministrativeExpenses": 630000000,
        "otherExpenses": 152000000,
        "operatingExpenses": 974000000,
        "costAndExpenses": 3215000000,
        "interestIncome": 0,
        "interestExpense": 33000000,
        "depreciationAndAmortization": 228000000,
        "ebitda": 511000000,
        "ebitdaratio": 0.1527196653,
        "operatingIncome": 131000000,
        "operatingIncomeRatio": 0.0391512253,
        "totalOtherIncomeExpensesNet": -31000000,
        "incomeBeforeTax": 100000000,
        "incomeBeforeTaxRatio": 0.0298864316,
        "incomeTaxExpense": -26000000,
        "netIncome": 122000000,
        "netIncomeRatio": 0.0364614465,
        "eps": 0.42,
        "epsdiluted": 0.42,
        "weightedAverageShsOut": 286500000,
        "weightedAverageShsOutDil": 286600000,
        "link": "https://www.sec.gov/Archives/edgar/data/31235/000003123503000073/0000031235-03-000073-index.htm",
        "finalLink": "https://www.sec.gov/Archives/edgar/data/31235/000003123503000073/ek10-q0309.txt"
    },
    {
        "date": "2003-06-30",
        "symbol": "KODK",
        "reportedCurrency": "USD",
        "cik": "0000031235",
        "fillingDate": "2003-07-25",
        "acceptedDate": "2003-07-25 16:04:32",
        "calendarYear": "2003",
        "period": "Q2",
        "revenue": 3259000000,
        "costOfRevenue": 2163000000,
        "grossProfit": 1096000000,
        "grossProfitRatio": 0.3362994784,
        "researchAndDevelopmentExpenses": 179000000,
        "generalAndAdministrativeExpenses": 0,
        "sellingAndMarketingExpenses": 0,
        "sellingGeneralAndAdministrativeExpenses": 707000000,
        "otherExpenses": 44000000,
        "operatingExpenses": 929000000,
        "costAndExpenses": 3092000000,
        "interestIncome": 0,
        "interestExpense": 0,
        "depreciationAndAmortization": 192000000,
        "ebitda": 403000000,
        "ebitdaratio": 0.1236575637,
        "operatingIncome": 167000000,
        "operatingIncomeRatio": 0.0512427125,
        "totalOtherIncomeExpensesNet": -43000000,
        "incomeBeforeTax": 124000000,
        "incomeBeforeTaxRatio": 0.0380484811,
        "incomeTaxExpense": 18000000,
        "netIncome": 112000000,
        "netIncomeRatio": 0.0343663701,
        "eps": 0.39,
        "epsdiluted": 0.39,
        "weightedAverageShsOut": 286500000,
        "weightedAverageShsOutDil": 286600000,
        "link": "https://www.sec.gov/Archives/edgar/data/31235/000003123503000050/0000031235-03-000050-index.htm",
        "finalLink": "https://www.sec.gov/Archives/edgar/data/31235/000003123503000050/ek10q0306.txt"
    },
    {
        "date": "2003-03-31",
        "symbol": "KODK",
        "reportedCurrency": "USD",
        "cik": "0000031235",
        "fillingDate": "2003-04-24",
        "acceptedDate": "2003-04-24 15:12:36",
        "calendarYear": "2003",
        "period": "Q1",
        "revenue": 2640000000,
        "costOfRevenue": 1839000000,
        "grossProfit": 801000000,
        "grossProfitRatio": 0.3034090909,
        "researchAndDevelopmentExpenses": 194000000,
        "generalAndAdministrativeExpenses": 0,
        "sellingAndMarketingExpenses": 0,
        "sellingGeneralAndAdministrativeExpenses": 558000000,
        "otherExpenses": 32000000,
        "operatingExpenses": 783000000,
        "costAndExpenses": 2622000000,
        "interestIncome": 0,
        "interestExpense": 0,
        "depreciationAndAmortization": 200000000,
        "ebitda": 250000000,
        "ebitdaratio": 0.0946969697,
        "operatingIncome": 18000000,
        "operatingIncomeRatio": 0.0068181818,
        "totalOtherIncomeExpensesNet": -58000000,
        "incomeBeforeTax": -40000000,
        "incomeBeforeTaxRatio": -0.0151515152,
        "incomeTaxExpense": -28000000,
        "netIncome": 12000000,
        "netIncomeRatio": 0.0045454545,
        "eps": 0.04,
        "epsdiluted": 0.04,
        "weightedAverageShsOut": 286300000,
        "weightedAverageShsOutDil": 286600000,
        "link": "https://www.sec.gov/Archives/edgar/data/31235/000003123503000019/0000031235-03-000019-index.htm",
        "finalLink": "https://www.sec.gov/Archives/edgar/data/31235/000003123503000019/ek10q0303.txt"
    },
    {
        "date": "2002-12-31",
        "symbol": "KODK",
        "reportedCurrency": "USD",
        "cik": "0000031235",
        "fillingDate": "2003-03-14",
        "acceptedDate": "2003-03-14 16:48:34",
        "calendarYear": "2002",
        "period": "Q4",
        "revenue": 3435000000,
        "costOfRevenue": 2224000000,
        "grossProfit": 1211000000,
        "grossProfitRatio": 0.3525473071,
        "researchAndDevelopmentExpenses": 195000000,
        "generalAndAdministrativeExpenses": 0,
        "sellingAndMarketingExpenses": 0,
        "sellingGeneralAndAdministrativeExpenses": 698000000,
        "otherExpenses": 107000000,
        "operatingExpenses": 1000000000,
        "costAndExpenses": 3224000000,
        "interestIncome": 0,
        "interestExpense": 45000000,
        "depreciationAndAmortization": 217000000,
        "ebitda": 535000000,
        "ebitdaratio": 0.1557496361,
        "operatingIncome": 211000000,
        "operatingIncomeRatio": 0.061426492,
        "totalOtherIncomeExpensesNet": -72000000,
        "incomeBeforeTax": 139000000,
        "incomeBeforeTaxRatio": 0.0404657933,
        "incomeTaxExpense": 3000000,
        "netIncome": 113000000,
        "netIncomeRatio": 0.0328966521,
        "eps": 0.39,
        "epsdiluted": 0.39,
        "weightedAverageShsOut": 291800000,
        "weightedAverageShsOutDil": 291800000,
        "link": "https://www.sec.gov/Archives/edgar/data/31235/000003123503000017/0000031235-03-000017-index.htm",
        "finalLink": "https://www.sec.gov/Archives/edgar/data/31235/000003123503000017/ek10k0212.txt"
    },
    {
        "date": "2002-09-30",
        "symbol": "KODK",
        "reportedCurrency": "USD",
        "cik": "0000031235",
        "fillingDate": "2002-11-14",
        "acceptedDate": "2002-11-15 15:13:55",
        "calendarYear": "2002",
        "period": "Q3",
        "revenue": 3354000000,
        "costOfRevenue": 2066000000,
        "grossProfit": 1288000000,
        "grossProfitRatio": 0.3840190817,
        "researchAndDevelopmentExpenses": 188000000,
        "generalAndAdministrativeExpenses": 0,
        "sellingAndMarketingExpenses": 0,
        "sellingGeneralAndAdministrativeExpenses": 632000000,
        "otherExpenses": -9000000,
        "operatingExpenses": 811000000,
        "costAndExpenses": 2877000000,
        "interestIncome": 0,
        "interestExpense": 40000000,
        "depreciationAndAmortization": 215000000,
        "ebitda": 683000000,
        "ebitdaratio": 0.2036374478,
        "operatingIncome": 477000000,
        "operatingIncomeRatio": 0.1422182469,
        "totalOtherIncomeExpensesNet": -61000000,
        "incomeBeforeTax": 416000000,
        "incomeBeforeTaxRatio": 0.1240310078,
        "incomeTaxExpense": 82000000,
        "netIncome": 334000000,
        "netIncomeRatio": 0.099582588,
        "eps": 1.15,
        "epsdiluted": 1.14,
        "weightedAverageShsOut": 291800000,
        "weightedAverageShsOutDil": 291800000,
        "link": "https://www.sec.gov/Archives/edgar/data/31235/000003123502000016/0000031235-02-000016-index.htm",
        "finalLink": "https://www.sec.gov/Archives/edgar/data/31235/000003123502000016/ek10q0209.txt"
    },
    {
        "date": "2002-06-30",
        "symbol": "KODK",
        "reportedCurrency": "USD",
        "cik": "0000031235",
        "fillingDate": "2002-08-13",
        "acceptedDate": "2002-08-13 08:24:21",
        "calendarYear": "2002",
        "period": "Q2",
        "revenue": 3336000000,
        "costOfRevenue": 2082000000,
        "grossProfit": 1254000000,
        "grossProfitRatio": 0.3758992806,
        "researchAndDevelopmentExpenses": 192000000,
        "generalAndAdministrativeExpenses": 0,
        "sellingAndMarketingExpenses": 0,
        "sellingGeneralAndAdministrativeExpenses": 656000000,
        "otherExpenses": 0,
        "operatingExpenses": 848000000,
        "costAndExpenses": 2930000000,
        "interestIncome": 0,
        "interestExpense": 44000000,
        "depreciationAndAmortization": 201000000,
        "ebitda": 607000000,
        "ebitdaratio": 0.1819544365,
        "operatingIncome": 406000000,
        "operatingIncomeRatio": 0.1217026379,
        "totalOtherIncomeExpensesNet": -70000000,
        "incomeBeforeTax": 336000000,
        "incomeBeforeTaxRatio": 0.1007194245,
        "incomeTaxExpense": 54000000,
        "netIncome": 284000000,
        "netIncomeRatio": 0.0851318945,
        "eps": 0.97,
        "epsdiluted": 0.97,
        "weightedAverageShsOut": 291700000,
        "weightedAverageShsOutDil": 291800000,
        "link": "https://www.sec.gov/Archives/edgar/data/31235/000003123502000010/0000031235-02-000010-index.htm",
        "finalLink": "https://www.sec.gov/Archives/edgar/data/31235/000003123502000010/ek10q0206.txt"
    },
    {
        "date": "2002-03-31",
        "symbol": "KODK",
        "reportedCurrency": "USD",
        "cik": "0000031235",
        "fillingDate": "2002-05-02",
        "acceptedDate": "2002-05-02 17:14:40",
        "calendarYear": "2002",
        "period": "Q1",
        "revenue": 2707000000,
        "costOfRevenue": 1849000000,
        "grossProfit": 858000000,
        "grossProfitRatio": 0.3169560399,
        "researchAndDevelopmentExpenses": 187000000,
        "generalAndAdministrativeExpenses": 0,
        "sellingAndMarketingExpenses": 0,
        "sellingGeneralAndAdministrativeExpenses": 541000000,
        "otherExpenses": 0,
        "operatingExpenses": 728000000,
        "costAndExpenses": 2577000000,
        "interestIncome": 0,
        "interestExpense": 44000000,
        "depreciationAndAmortization": 185000000,
        "ebitda": 315000000,
        "ebitdaratio": 0.1163649797,
        "operatingIncome": 130000000,
        "operatingIncomeRatio": 0.0480236424,
        "totalOtherIncomeExpensesNet": -75000000,
        "incomeBeforeTax": 55000000,
        "incomeBeforeTaxRatio": 0.0203176949,
        "incomeTaxExpense": 16000000,
        "netIncome": 39000000,
        "netIncomeRatio": 0.0144070927,
        "eps": 0.13,
        "epsdiluted": 0.13,
        "weightedAverageShsOut": 291300000,
        "weightedAverageShsOutDil": 291300000,
        "link": "https://www.sec.gov/Archives/edgar/data/31235/000003123502000005/0000031235-02-000005-index.htm",
        "finalLink": "https://www.sec.gov/Archives/edgar/data/31235/000003123502000005/ek10q0203.txt"
    },
    {
        "date": "2001-12-31",
        "symbol": "KODK",
        "reportedCurrency": "USD",
        "cik": "0000031235",
        "fillingDate": "2002-03-20",
        "acceptedDate": "2002-03-20 00:00:00",
        "calendarYear": "2001",
        "period": "Q4",
        "revenue": 3359000000,
        "costOfRevenue": 2332000000,
        "grossProfit": 1027000000,
        "grossProfitRatio": 0.3057457577,
        "researchAndDevelopmentExpenses": 207000000,
        "generalAndAdministrativeExpenses": 0,
        "sellingAndMarketingExpenses": 0,
        "sellingGeneralAndAdministrativeExpenses": 763000000,
        "otherExpenses": 326000000,
        "operatingExpenses": 1296000000,
        "costAndExpenses": 3628000000,
        "interestIncome": 0,
        "interestExpense": 48000000,
        "depreciationAndAmortization": 233000000,
        "ebitda": 252000000,
        "ebitdaratio": 0.0750223281,
        "operatingIncome": -269000000,
        "operatingIncomeRatio": -0.0800833581,
        "totalOtherIncomeExpensesNet": -64000000,
        "incomeBeforeTax": -333000000,
        "incomeBeforeTaxRatio": -0.0991366478,
        "incomeTaxExpense": -127000000,
        "netIncome": -206000000,
        "netIncomeRatio": -0.0613277761,
        "eps": -0.71,
        "epsdiluted": -0.71,
        "weightedAverageShsOut": 290900000,
        "weightedAverageShsOutDil": 290900000,
        "link": "https://www.sec.gov/Archives/edgar/data/31235/000003123502000002/0000031235-02-000002-index.htm",
        "finalLink": "https://www.sec.gov/Archives/edgar/data/31235/000003123502000002/ek10-k2001.txt"
    },
    {
        "date": "2001-09-30",
        "symbol": "KODK",
        "reportedCurrency": "USD",
        "cik": "0000031235",
        "fillingDate": "2001-11-09",
        "acceptedDate": "2001-11-09 00:00:00",
        "calendarYear": "2001",
        "period": "Q3",
        "revenue": 3308000000,
        "costOfRevenue": 2176000000,
        "grossProfit": 1132000000,
        "grossProfitRatio": 0.3422007255,
        "researchAndDevelopmentExpenses": 197000000,
        "generalAndAdministrativeExpenses": 0,
        "sellingAndMarketingExpenses": 0,
        "sellingGeneralAndAdministrativeExpenses": 661000000,
        "otherExpenses": 72000000,
        "operatingExpenses": 930000000,
        "costAndExpenses": 3106000000,
        "interestIncome": 0,
        "interestExpense": 52000000,
        "depreciationAndAmortization": 224000000,
        "ebitda": 461000000,
        "ebitdaratio": 0.1393591294,
        "operatingIncome": 202000000,
        "operatingIncomeRatio": 0.0610640871,
        "totalOtherIncomeExpensesNet": -70000000,
        "incomeBeforeTax": 132000000,
        "incomeBeforeTaxRatio": 0.0399032648,
        "incomeTaxExpense": 36000000,
        "netIncome": 96000000,
        "netIncomeRatio": 0.0290205562,
        "eps": 0.33,
        "epsdiluted": 0.33,
        "weightedAverageShsOut": 290900000,
        "weightedAverageShsOutDil": 291300000,
        "link": "https://www.sec.gov/Archives/edgar/data/31235/000003123501500017/0000031235-01-500017-index.htm",
        "finalLink": "https://www.sec.gov/Archives/edgar/data/31235/000003123501500017/ek10-q0109.txt"
    },
    {
        "date": "2001-06-30",
        "symbol": "KODK",
        "reportedCurrency": "USD",
        "cik": "0000031235",
        "fillingDate": "2001-08-07",
        "acceptedDate": "2001-08-07 00:00:00",
        "calendarYear": "2001",
        "period": "Q2",
        "revenue": 3592000000,
        "costOfRevenue": 2254000000,
        "grossProfit": 1338000000,
        "grossProfitRatio": 0.3724944321,
        "researchAndDevelopmentExpenses": 186000000,
        "generalAndAdministrativeExpenses": 0,
        "sellingAndMarketingExpenses": 0,
        "sellingGeneralAndAdministrativeExpenses": 629000000,
        "otherExpenses": 373000000,
        "operatingExpenses": 1188000000,
        "costAndExpenses": 3442000000,
        "interestIncome": 0,
        "interestExpense": 58000000,
        "depreciationAndAmortization": 232000000,
        "ebitda": 718000000,
        "ebitdaratio": 0.1998886414,
        "operatingIncome": 150000000,
        "operatingIncomeRatio": 0.0417594655,
        "totalOtherIncomeExpensesNet": -65000000,
        "incomeBeforeTax": 85000000,
        "incomeBeforeTaxRatio": 0.0236636971,
        "incomeTaxExpense": 49000000,
        "netIncome": 36000000,
        "netIncomeRatio": 0.0100222717,
        "eps": 0.12,
        "epsdiluted": 0.12,
        "weightedAverageShsOut": 290500000,
        "weightedAverageShsOutDil": 291300000,
        "link": "https://www.sec.gov/Archives/edgar/data/31235/000003123501500013/0000031235-01-500013-index.htm",
        "finalLink": "https://www.sec.gov/Archives/edgar/data/31235/000003123501500013/ek10-q0106.txt"
    },
    {
        "date": "2001-03-31",
        "symbol": "KODK",
        "reportedCurrency": "USD",
        "cik": "0000031235",
        "fillingDate": "2001-05-14",
        "acceptedDate": "2001-05-14 00:00:00",
        "calendarYear": "2001",
        "period": "Q1",
        "revenue": 2975000000,
        "costOfRevenue": 1908000000,
        "grossProfit": 1067000000,
        "grossProfitRatio": 0.3586554622,
        "researchAndDevelopmentExpenses": 189000000,
        "generalAndAdministrativeExpenses": 0,
        "sellingAndMarketingExpenses": 0,
        "sellingGeneralAndAdministrativeExpenses": 574000000,
        "otherExpenses": 42000000,
        "operatingExpenses": 805000000,
        "costAndExpenses": 2713000000,
        "interestIncome": 0,
        "interestExpense": 61000000,
        "depreciationAndAmortization": 230000000,
        "ebitda": 492000000,
        "ebitdaratio": 0.1653781513,
        "operatingIncome": 262000000,
        "operatingIncomeRatio": 0.0880672269,
        "totalOtherIncomeExpensesNet": -38000000,
        "incomeBeforeTax": 224000000,
        "incomeBeforeTaxRatio": 0.0752941176,
        "incomeTaxExpense": 74000000,
        "netIncome": 150000000,
        "netIncomeRatio": 0.0504201681,
        "eps": 0.52,
        "epsdiluted": 0.52,
        "weightedAverageShsOut": 290100000,
        "weightedAverageShsOutDil": 290500000,
        "link": "https://www.sec.gov/Archives/edgar/data/31235/000003123501500012/0000031235-01-500012-index.htm",
        "finalLink": "https://www.sec.gov/Archives/edgar/data/31235/000003123501500012/ek10q0103.txt"
    },
    {
        "date": "2000-12-31",
        "symbol": "KODK",
        "reportedCurrency": "USD",
        "cik": "0000031235",
        "fillingDate": "2001-03-13",
        "acceptedDate": "2001-03-13 00:00:00",
        "calendarYear": "2000",
        "period": "Q4",
        "revenue": 3560000000,
        "costOfRevenue": 2233000000,
        "grossProfit": 1327000000,
        "grossProfitRatio": 0.372752809,
        "researchAndDevelopmentExpenses": 178000000,
        "generalAndAdministrativeExpenses": 0,
        "sellingAndMarketingExpenses": 0,
        "sellingGeneralAndAdministrativeExpenses": 797000000,
        "otherExpenses": 0,
        "operatingExpenses": 975000000,
        "costAndExpenses": 3208000000,
        "interestIncome": 0,
        "interestExpense": 51000000,
        "depreciationAndAmortization": 236000000,
        "ebitda": 588000000,
        "ebitdaratio": 0.1651685393,
        "operatingIncome": 352000000,
        "operatingIncomeRatio": 0.0988764045,
        "totalOtherIncomeExpensesNet": -58000000,
        "incomeBeforeTax": 294000000,
        "incomeBeforeTaxRatio": 0.0825842697,
        "incomeTaxExpense": 100000000,
        "netIncome": 194000000,
        "netIncomeRatio": 0.054494382,
        "eps": 0.64,
        "epsdiluted": 0.64,
        "weightedAverageShsOut": 292681818,
        "weightedAverageShsOutDil": 305400000,
        "link": "https://www.sec.gov/Archives/edgar/data/31235/000003123501000011/0000031235-01-000011-index.htm",
        "finalLink": "https://www.sec.gov/Archives/edgar/data/31235/000003123501000011/0000031235-01-000011-0001.txt"
    },
    {
        "date": "2000-09-30",
        "symbol": "KODK",
        "reportedCurrency": "USD",
        "cik": "0000031235",
        "fillingDate": "2000-11-13",
        "acceptedDate": "2000-11-13 00:00:00",
        "calendarYear": "2000",
        "period": "Q3",
        "revenue": 3590000000,
        "costOfRevenue": 1987000000,
        "grossProfit": 1603000000,
        "grossProfitRatio": 0.4465181058,
        "researchAndDevelopmentExpenses": 197000000,
        "generalAndAdministrativeExpenses": 0,
        "sellingAndMarketingExpenses": 0,
        "sellingGeneralAndAdministrativeExpenses": 746000000,
        "otherExpenses": 0,
        "operatingExpenses": 943000000,
        "costAndExpenses": 2930000000,
        "interestIncome": 0,
        "interestExpense": 48000000,
        "depreciationAndAmortization": 219000000,
        "ebitda": 879000000,
        "ebitdaratio": 0.2448467967,
        "operatingIncome": 660000000,
        "operatingIncomeRatio": 0.1838440111,
        "totalOtherIncomeExpensesNet": -26000000,
        "incomeBeforeTax": 634000000,
        "incomeBeforeTaxRatio": 0.1766016713,
        "incomeTaxExpense": 216000000,
        "netIncome": 418000000,
        "netIncomeRatio": 0.1164345404,
        "eps": 1.37,
        "epsdiluted": 1.36,
        "weightedAverageShsOut": 305400000,
        "weightedAverageShsOutDil": 307700000,
        "link": "https://www.sec.gov/Archives/edgar/data/31235/000003123500000017/0000031235-00-000017-index.htm",
        "finalLink": "https://www.sec.gov/Archives/edgar/data/31235/000003123500000017/0000031235-00-000017-0001.txt"
    },
    {
        "date": "2000-06-30",
        "symbol": "KODK",
        "reportedCurrency": "USD",
        "cik": "0000031235",
        "fillingDate": "2000-08-10",
        "acceptedDate": "2000-08-10 00:00:00",
        "calendarYear": "2000",
        "period": "Q2",
        "revenue": 3749000000,
        "costOfRevenue": 2043000000,
        "grossProfit": 1706000000,
        "grossProfitRatio": 0.4550546812,
        "researchAndDevelopmentExpenses": 208000000,
        "generalAndAdministrativeExpenses": 0,
        "sellingAndMarketingExpenses": 0,
        "sellingGeneralAndAdministrativeExpenses": 752000000,
        "otherExpenses": 0,
        "operatingExpenses": 960000000,
        "costAndExpenses": 3003000000,
        "interestIncome": 0,
        "interestExpense": 0,
        "depreciationAndAmortization": 218000000,
        "ebitda": 964000000,
        "ebitdaratio": 0.2571352361,
        "operatingIncome": 746000000,
        "operatingIncomeRatio": 0.1989863964,
        "totalOtherIncomeExpensesNet": 20000000,
        "incomeBeforeTax": 766000000,
        "incomeBeforeTaxRatio": 0.2043211523,
        "incomeTaxExpense": 260000000,
        "netIncome": 506000000,
        "netIncomeRatio": 0.1349693252,
        "eps": 1.63,
        "epsdiluted": 1.62,
        "weightedAverageShsOut": 309700000,
        "weightedAverageShsOutDil": 311800000,
        "link": "https://www.sec.gov/Archives/edgar/data/31235/000003123500000008/0000031235-00-000008-index.htm",
        "finalLink": "https://www.sec.gov/Archives/edgar/data/31235/000003123500000008/0000031235-00-000008-0001.txt"
    },
    {
        "date": "2000-03-31",
        "symbol": "KODK",
        "reportedCurrency": "USD",
        "cik": "0000031235",
        "fillingDate": "2000-05-10",
        "acceptedDate": "2000-05-10 00:00:00",
        "calendarYear": "2000",
        "period": "Q1",
        "revenue": 3095000000,
        "costOfRevenue": 1756000000,
        "grossProfit": 1339000000,
        "grossProfitRatio": 0.4326332795,
        "researchAndDevelopmentExpenses": 201000000,
        "generalAndAdministrativeExpenses": 0,
        "sellingAndMarketingExpenses": 0,
        "sellingGeneralAndAdministrativeExpenses": 682000000,
        "otherExpenses": 0,
        "operatingExpenses": 883000000,
        "costAndExpenses": 2639000000,
        "interestIncome": 0,
        "interestExpense": 37000000,
        "depreciationAndAmortization": 216000000,
        "ebitda": 672000000,
        "ebitdaratio": 0.2171243942,
        "operatingIncome": 456000000,
        "operatingIncomeRatio": 0.1473344103,
        "totalOtherIncomeExpensesNet": -18000000,
        "incomeBeforeTax": 438000000,
        "incomeBeforeTaxRatio": 0.1415185784,
        "incomeTaxExpense": 149000000,
        "netIncome": 289000000,
        "netIncomeRatio": 0.0933764136,
        "eps": 0.93,
        "epsdiluted": 0.93,
        "weightedAverageShsOut": 310200000,
        "weightedAverageShsOutDil": 312300000,
        "link": "https://www.sec.gov/Archives/edgar/data/31235/000003123500000007/0000031235-00-000007-index.html",
        "finalLink": "https://www.sec.gov/Archives/edgar/data/31235/000003123500000007/"
    },
    {
        "date": "1999-12-31",
        "symbol": "KODK",
        "reportedCurrency": "USD",
        "cik": "0000031235",
        "fillingDate": "2000-03-13",
        "acceptedDate": "2000-03-13 00:00:00",
        "calendarYear": "1999",
        "period": "Q4",
        "revenue": 3799000000,
        "costOfRevenue": 1897000000,
        "grossProfit": 1902000000,
        "grossProfitRatio": 0.5006580679,
        "researchAndDevelopmentExpenses": 219000000,
        "generalAndAdministrativeExpenses": 0,
        "sellingAndMarketingExpenses": 0,
        "sellingGeneralAndAdministrativeExpenses": 816000000,
        "otherExpenses": 248000000,
        "operatingExpenses": 1283000000,
        "costAndExpenses": 3180000000,
        "interestIncome": 0,
        "interestExpense": 0,
        "depreciationAndAmortization": 248000000,
        "ebitda": 867000000,
        "ebitdaratio": 0.2282179521,
        "operatingIncome": 619000000,
        "operatingIncomeRatio": 0.1629376152,
        "totalOtherIncomeExpensesNet": 101000000,
        "incomeBeforeTax": 720000000,
        "incomeBeforeTaxRatio": 0.1895235588,
        "incomeTaxExpense": 245000000,
        "netIncome": 475000000,
        "netIncomeRatio": 0.1250329034,
        "eps": 1.51,
        "epsdiluted": 1.5,
        "weightedAverageShsOut": 314700000,
        "weightedAverageShsOutDil": 316200000,
        "link": "https://www.sec.gov/Archives/edgar/data/31235/000003123500000004/0000031235-00-000004-index.html",
        "finalLink": "https://www.sec.gov/Archives/edgar/data/31235/000003123500000004/"
    },
    {
        "date": "1999-09-30",
        "symbol": "KODK",
        "reportedCurrency": "USD",
        "cik": "0000031235",
        "fillingDate": "1999-11-03",
        "acceptedDate": "1999-11-03 00:00:00",
        "calendarYear": "1999",
        "period": "Q3",
        "revenue": 3580000000,
        "costOfRevenue": 1859000000,
        "grossProfit": 1721000000,
        "grossProfitRatio": 0.480726257,
        "researchAndDevelopmentExpenses": 193000000,
        "generalAndAdministrativeExpenses": 0,
        "sellingAndMarketingExpenses": 0,
        "sellingGeneralAndAdministrativeExpenses": 923000000,
        "otherExpenses": 228000000,
        "operatingExpenses": 1344000000,
        "costAndExpenses": 3203000000,
        "interestIncome": 0,
        "interestExpense": 39000000,
        "depreciationAndAmortization": 228000000,
        "ebitda": 605000000,
        "ebitdaratio": 0.1689944134,
        "operatingIncome": 377000000,
        "operatingIncomeRatio": 0.1053072626,
        "totalOtherIncomeExpensesNet": -22000000,
        "incomeBeforeTax": 355000000,
        "incomeBeforeTaxRatio": 0.0991620112,
        "incomeTaxExpense": 120000000,
        "netIncome": 235000000,
        "netIncomeRatio": 0.0656424581,
        "eps": 0.74,
        "epsdiluted": 0.73,
        "weightedAverageShsOut": 316200000,
        "weightedAverageShsOutDil": 320300000,
        "link": "https://www.sec.gov/Archives/edgar/data/31235/000003123599000013/0000031235-99-000013-index.html",
        "finalLink": "https://www.sec.gov/Archives/edgar/data/31235/000003123599000013/"
    },
    {
        "date": "1999-06-30",
        "symbol": "KODK",
        "reportedCurrency": "USD",
        "cik": "0000031235",
        "fillingDate": "1999-07-30",
        "acceptedDate": "1999-07-30 00:00:00",
        "calendarYear": "1999",
        "period": "Q2",
        "revenue": 3610000000,
        "costOfRevenue": 1673000000,
        "grossProfit": 1937000000,
        "grossProfitRatio": 0.536565097,
        "researchAndDevelopmentExpenses": 198000000,
        "generalAndAdministrativeExpenses": 0,
        "sellingAndMarketingExpenses": 0,
        "sellingGeneralAndAdministrativeExpenses": 810000000,
        "otherExpenses": 213000000,
        "operatingExpenses": 1221000000,
        "costAndExpenses": 2894000000,
        "interestIncome": 0,
        "interestExpense": 0,
        "depreciationAndAmortization": 213000000,
        "ebitda": 929000000,
        "ebitdaratio": 0.2573407202,
        "operatingIncome": 716000000,
        "operatingIncomeRatio": 0.1983379501,
        "totalOtherIncomeExpensesNet": 29000000,
        "incomeBeforeTax": 745000000,
        "incomeBeforeTaxRatio": 0.2063711911,
        "incomeTaxExpense": 254000000,
        "netIncome": 491000000,
        "netIncomeRatio": 0.1360110803,
        "eps": 1.54,
        "epsdiluted": 1.52,
        "weightedAverageShsOut": 319100000,
        "weightedAverageShsOutDil": 323000000,
        "link": "https://www.sec.gov/Archives/edgar/data/31235/000003123599000011/0000031235-99-000011-index.html",
        "finalLink": "https://www.sec.gov/Archives/edgar/data/31235/000003123599000011/"
    },
    {
        "date": "1999-03-31",
        "symbol": "KODK",
        "reportedCurrency": "USD",
        "cik": "0000031235",
        "fillingDate": "1999-05-04",
        "acceptedDate": "1999-05-04 00:00:00",
        "calendarYear": "1999",
        "period": "Q1",
        "revenue": 3100000000,
        "costOfRevenue": 1640000000,
        "grossProfit": 1460000000,
        "grossProfitRatio": 0.4709677419,
        "researchAndDevelopmentExpenses": 207000000,
        "generalAndAdministrativeExpenses": 0,
        "sellingAndMarketingExpenses": 0,
        "sellingGeneralAndAdministrativeExpenses": 746000000,
        "otherExpenses": 229000000,
        "operatingExpenses": 1182000000,
        "costAndExpenses": 2822000000,
        "interestIncome": 0,
        "interestExpense": 30000000,
        "depreciationAndAmortization": 229000000,
        "ebitda": 507000000,
        "ebitdaratio": 0.1635483871,
        "operatingIncome": 278000000,
        "operatingIncomeRatio": 0.0896774194,
        "totalOtherIncomeExpensesNet": 11000000,
        "incomeBeforeTax": 289000000,
        "incomeBeforeTaxRatio": 0.0932258065,
        "incomeTaxExpense": 98000000,
        "netIncome": 191000000,
        "netIncomeRatio": 0.0616129032,
        "eps": 0.59,
        "epsdiluted": 0.59,
        "weightedAverageShsOut": 322200000,
        "weightedAverageShsOutDil": 325200000,
        "link": "https://www.sec.gov/Archives/edgar/data/31235/000003123599000008/0000031235-99-000008-index.html",
        "finalLink": "https://www.sec.gov/Archives/edgar/data/31235/"
    },
    {
        "date": "1998-12-31",
        "symbol": "KODK",
        "reportedCurrency": "USD",
        "cik": "0000031235",
        "fillingDate": "1999-03-10",
        "acceptedDate": "1999-03-10 00:00:00",
        "calendarYear": "1998",
        "period": "Q4",
        "revenue": 3563000000,
        "costOfRevenue": 1866000000,
        "grossProfit": 1697000000,
        "grossProfitRatio": 0.4762840303,
        "researchAndDevelopmentExpenses": 209000000,
        "generalAndAdministrativeExpenses": 0,
        "sellingAndMarketingExpenses": 0,
        "sellingGeneralAndAdministrativeExpenses": 955000000,
        "otherExpenses": 234000000,
        "operatingExpenses": 1398000000,
        "costAndExpenses": 3264000000,
        "interestIncome": 0,
        "interestExpense": 14000000,
        "depreciationAndAmortization": 234000000,
        "ebitda": 533000000,
        "ebitdaratio": 0.1495930396,
        "operatingIncome": 299000000,
        "operatingIncomeRatio": 0.0839180466,
        "totalOtherIncomeExpensesNet": 113000000,
        "incomeBeforeTax": 412000000,
        "incomeBeforeTaxRatio": 0.1156328936,
        "incomeTaxExpense": 140000000,
        "netIncome": 272000000,
        "netIncomeRatio": 0.0763401628,
        "eps": 0.84,
        "epsdiluted": 0.84,
        "weightedAverageShsOut": 323300000,
        "weightedAverageShsOutDil": 323900000,
        "link": "https://www.sec.gov/Archives/edgar/data/31235/000003123599000001/0000031235-99-000001-index.html",
        "finalLink": "https://www.sec.gov/Archives/edgar/data/31235/"
    },
    {
        "date": "1998-09-30",
        "symbol": "KODK",
        "reportedCurrency": "USD",
        "cik": "0000031235",
        "fillingDate": "1998-11-10",
        "acceptedDate": "1998-11-10 00:00:00",
        "calendarYear": "1998",
        "period": "Q3",
        "revenue": 3391000000,
        "costOfRevenue": 1566000000,
        "grossProfit": 1825000000,
        "grossProfitRatio": 0.5381893247,
        "researchAndDevelopmentExpenses": 224000000,
        "generalAndAdministrativeExpenses": 0,
        "sellingAndMarketingExpenses": 0,
        "sellingGeneralAndAdministrativeExpenses": 761000000,
        "otherExpenses": 214000000,
        "operatingExpenses": 1199000000,
        "costAndExpenses": 2765000000,
        "interestIncome": 0,
        "interestExpense": 32000000,
        "depreciationAndAmortization": 214000000,
        "ebitda": 840000000,
        "ebitdaratio": 0.2477145385,
        "operatingIncome": 626000000,
        "operatingIncomeRatio": 0.1846063108,
        "totalOtherIncomeExpensesNet": -23000000,
        "incomeBeforeTax": 603000000,
        "incomeBeforeTaxRatio": 0.1778236508,
        "incomeTaxExpense": 205000000,
        "netIncome": 398000000,
        "netIncomeRatio": 0.1173695075,
        "eps": 1.23,
        "epsdiluted": 1.21,
        "weightedAverageShsOut": 323900000,
        "weightedAverageShsOutDil": 329900000,
        "link": "https://www.sec.gov/Archives/edgar/data/31235/000003123598000020/0000031235-98-000020-index.html",
        "finalLink": "https://www.sec.gov/Archives/edgar/data/31235/"
    },
    {
        "date": "1998-06-30",
        "symbol": "KODK",
        "reportedCurrency": "USD",
        "cik": "0000031235",
        "fillingDate": "1998-08-10",
        "acceptedDate": "1998-08-10 00:00:00",
        "calendarYear": "1998",
        "period": "Q2",
        "revenue": 3541000000,
        "costOfRevenue": 1617000000,
        "grossProfit": 1924000000,
        "grossProfitRatio": 0.5433493363,
        "researchAndDevelopmentExpenses": 224000000,
        "generalAndAdministrativeExpenses": 0,
        "sellingAndMarketingExpenses": 0,
        "sellingGeneralAndAdministrativeExpenses": 834000000,
        "otherExpenses": 211000000,
        "operatingExpenses": 1269000000,
        "costAndExpenses": 2886000000,
        "interestIncome": 0,
        "interestExpense": 0,
        "depreciationAndAmortization": 211000000,
        "ebitda": 866000000,
        "ebitdaratio": 0.2445636826,
        "operatingIncome": 655000000,
        "operatingIncomeRatio": 0.1849759955,
        "totalOtherIncomeExpensesNet": 95000000,
        "incomeBeforeTax": 750000000,
        "incomeBeforeTaxRatio": 0.211804575,
        "incomeTaxExpense": 255000000,
        "netIncome": 495000000,
        "netIncomeRatio": 0.1397910195,
        "eps": 1.53,
        "epsdiluted": 1.51,
        "weightedAverageShsOut": 323000000,
        "weightedAverageShsOutDil": 327200000,
        "link": "https://www.sec.gov/Archives/edgar/data/31235/000003123598000018/0000031235-98-000018-index.html",
        "finalLink": "https://www.sec.gov/Archives/edgar/data/31235/"
    },
    {
        "date": "1998-03-31",
        "symbol": "KODK",
        "reportedCurrency": "USD",
        "cik": "0000031235",
        "fillingDate": "1998-05-27",
        "acceptedDate": "1998-05-27 00:00:00",
        "calendarYear": "1998",
        "period": "Q1",
        "revenue": 2911000000,
        "costOfRevenue": 1391000000,
        "grossProfit": 1520000000,
        "grossProfitRatio": 0.5221573342,
        "researchAndDevelopmentExpenses": 223000000,
        "generalAndAdministrativeExpenses": 0,
        "sellingAndMarketingExpenses": 0,
        "sellingGeneralAndAdministrativeExpenses": 753000000,
        "otherExpenses": 194000000,
        "operatingExpenses": 1170000000,
        "costAndExpenses": 2561000000,
        "interestIncome": 0,
        "interestExpense": 0,
        "depreciationAndAmortization": 194000000,
        "ebitda": 544000000,
        "ebitdaratio": 0.1868773617,
        "operatingIncome": 350000000,
        "operatingIncomeRatio": 0.1202335967,
        "totalOtherIncomeExpensesNet": -9000000,
        "incomeBeforeTax": 341000000,
        "incomeBeforeTaxRatio": 0.1171418756,
        "incomeTaxExpense": 116000000,
        "netIncome": 225000000,
        "netIncomeRatio": 0.0772930265,
        "eps": 0.7,
        "epsdiluted": 0.69,
        "weightedAverageShsOut": 323000000,
        "weightedAverageShsOutDil": 326400000,
        "link": "https://www.sec.gov/Archives/edgar/data/31235/000003123598000007/0000031235-98-000007-index.html",
        "finalLink": "https://www.sec.gov/Archives/edgar/data/31235/"
    },
    {
        "date": "1997-12-31",
        "symbol": "KODK",
        "reportedCurrency": "USD",
        "cik": "0000031235",
        "fillingDate": "1998-05-15",
        "acceptedDate": "1998-05-15 00:00:00",
        "calendarYear": "1997",
        "period": "Q4",
        "revenue": 3779000000,
        "costOfRevenue": 2048000000,
        "grossProfit": 1731000000,
        "grossProfitRatio": 0.4580576872,
        "researchAndDevelopmentExpenses": 262000000,
        "generalAndAdministrativeExpenses": 0,
        "sellingAndMarketingExpenses": 0,
        "sellingGeneralAndAdministrativeExpenses": 1007000000,
        "otherExpenses": 228000000,
        "operatingExpenses": 1497000000,
        "costAndExpenses": 3545000000,
        "interestIncome": 0,
        "interestExpense": 0,
        "depreciationAndAmortization": 228000000,
        "ebitda": 462000000,
        "ebitdaratio": 0.1222545647,
        "operatingIncome": 234000000,
        "operatingIncomeRatio": 0.0619211432,
        "totalOtherIncomeExpensesNet": -1316000000,
        "incomeBeforeTax": -1082000000,
        "incomeBeforeTaxRatio": -0.286319132,
        "incomeTaxExpense": -338000000,
        "netIncome": -744000000,
        "netIncomeRatio": -0.1968774808,
        "eps": -2.29,
        "epsdiluted": -2.29,
        "weightedAverageShsOut": 325200000,
        "weightedAverageShsOutDil": 325200000,
        "link": "https://www.sec.gov/Archives/edgar/data/31235/000003123598000006/0000031235-98-000006-index.html",
        "finalLink": "https://www.sec.gov/Archives/edgar/data/31235/"
    },
    {
        "date": "1997-09-30",
        "symbol": "KODK",
        "reportedCurrency": "USD",
        "cik": "0000031235",
        "fillingDate": "1997-11-14",
        "acceptedDate": "1997-11-14 00:00:00",
        "calendarYear": "1997",
        "period": "Q3",
        "revenue": 3773000000,
        "costOfRevenue": 1835000000,
        "grossProfit": 1938000000,
        "grossProfitRatio": 0.5136496157,
        "researchAndDevelopmentExpenses": 259000000,
        "generalAndAdministrativeExpenses": 0,
        "sellingAndMarketingExpenses": 0,
        "sellingGeneralAndAdministrativeExpenses": 1035000000,
        "otherExpenses": 210000000,
        "operatingExpenses": 1504000000,
        "costAndExpenses": 3339000000,
        "interestIncome": 0,
        "interestExpense": 0,
        "depreciationAndAmortization": 210000000,
        "ebitda": 644000000,
        "ebitdaratio": 0.1706864564,
        "operatingIncome": 434000000,
        "operatingIncomeRatio": 0.1150278293,
        "totalOtherIncomeExpensesNet": -82000000,
        "incomeBeforeTax": 352000000,
        "incomeBeforeTaxRatio": 0.0932944606,
        "incomeTaxExpense": 120000000,
        "netIncome": 232000000,
        "netIncomeRatio": 0.0614895309,
        "eps": 0.71,
        "epsdiluted": 0.71,
        "weightedAverageShsOut": 325200000,
        "weightedAverageShsOutDil": 329100000,
        "link": "https://www.sec.gov/Archives/edgar/data/31235/000003123597000014/0000031235-97-000014-index.html",
        "finalLink": "https://www.sec.gov/Archives/edgar/data/31235/"
    },
    {
        "date": "1997-06-30",
        "symbol": "KODK",
        "reportedCurrency": "USD",
        "cik": "0000031235",
        "fillingDate": "1997-08-13",
        "acceptedDate": "1997-08-13 00:00:00",
        "calendarYear": "1997",
        "period": "Q2",
        "revenue": 3853000000,
        "costOfRevenue": 1818000000,
        "grossProfit": 2035000000,
        "grossProfitRatio": 0.5281598754,
        "researchAndDevelopmentExpenses": 266000000,
        "generalAndAdministrativeExpenses": 0,
        "sellingAndMarketingExpenses": 0,
        "sellingGeneralAndAdministrativeExpenses": 1021000000,
        "otherExpenses": 197000000,
        "operatingExpenses": 1484000000,
        "costAndExpenses": 3302000000,
        "interestIncome": 0,
        "interestExpense": 21000000,
        "depreciationAndAmortization": 197000000,
        "ebitda": 748000000,
        "ebitdaratio": 0.1941344407,
        "operatingIncome": 551000000,
        "operatingIncomeRatio": 0.1430054503,
        "totalOtherIncomeExpensesNet": 7000000,
        "incomeBeforeTax": 558000000,
        "incomeBeforeTaxRatio": 0.1448222165,
        "incomeTaxExpense": 190000000,
        "netIncome": 368000000,
        "netIncomeRatio": 0.0955099922,
        "eps": 1.12,
        "epsdiluted": 1.11,
        "weightedAverageShsOut": 327400000,
        "weightedAverageShsOutDil": 332600000,
        "link": "https://www.sec.gov/Archives/edgar/data/31235/000003123597000013/0000031235-97-000013-index.html",
        "finalLink": "https://www.sec.gov/Archives/edgar/data/31235/"
    },
    {
        "date": "1997-03-31",
        "symbol": "KODK",
        "reportedCurrency": "USD",
        "cik": "0000031235",
        "fillingDate": "1997-05-14",
        "acceptedDate": "1997-05-14 00:00:00",
        "calendarYear": "1997",
        "period": "Q1",
        "revenue": 3133000000,
        "costOfRevenue": 1450000000,
        "grossProfit": 1683000000,
        "grossProfitRatio": 0.5371848069,
        "researchAndDevelopmentExpenses": 257000000,
        "generalAndAdministrativeExpenses": 0,
        "sellingAndMarketingExpenses": 0,
        "sellingGeneralAndAdministrativeExpenses": 849000000,
        "otherExpenses": 193000000,
        "operatingExpenses": 1299000000,
        "costAndExpenses": 2749000000,
        "interestIncome": 0,
        "interestExpense": 22000000,
        "depreciationAndAmortization": 193000000,
        "ebitda": 577000000,
        "ebitdaratio": 0.1841685286,
        "operatingIncome": 384000000,
        "operatingIncomeRatio": 0.1225662305,
        "totalOtherIncomeExpensesNet": -159000000,
        "incomeBeforeTax": 225000000,
        "incomeBeforeTaxRatio": 0.0718161507,
        "incomeTaxExpense": 76000000,
        "netIncome": 149000000,
        "netIncomeRatio": 0.0475582509,
        "eps": 0.45,
        "epsdiluted": 0.44,
        "weightedAverageShsOut": 332400000,
        "weightedAverageShsOutDil": 338200000,
        "link": "https://www.sec.gov/Archives/edgar/data/31235/000003123597000012/0000031235-97-000012-index.html",
        "finalLink": "https://www.sec.gov/Archives/edgar/data/31235/"
    },
    {
        "date": "1996-12-31",
        "symbol": "KODK",
        "reportedCurrency": "USD",
        "cik": "0000031235",
        "fillingDate": "1997-04-30",
        "acceptedDate": "1997-04-30 00:00:00",
        "calendarYear": "1996",
        "period": "Q4",
        "revenue": 4314000000,
        "costOfRevenue": 2056000000,
        "grossProfit": 2258000000,
        "grossProfitRatio": 0.5234121465,
        "researchAndDevelopmentExpenses": 288000000,
        "generalAndAdministrativeExpenses": 0,
        "sellingAndMarketingExpenses": 0,
        "sellingGeneralAndAdministrativeExpenses": 1183000000,
        "otherExpenses": 242000000,
        "operatingExpenses": 1713000000,
        "costAndExpenses": 3769000000,
        "interestIncome": 0,
        "interestExpense": 24000000,
        "depreciationAndAmortization": 242000000,
        "ebitda": 787000000,
        "ebitdaratio": 0.1824293,
        "operatingIncome": 545000000,
        "operatingIncomeRatio": 0.1263328697,
        "totalOtherIncomeExpensesNet": -692000000,
        "incomeBeforeTax": -147000000,
        "incomeBeforeTaxRatio": -0.0340751043,
        "incomeTaxExpense": -34000000,
        "netIncome": 164000000,
        "netIncomeRatio": 0.0380157626,
        "eps": 0.49,
        "epsdiluted": 0.49,
        "weightedAverageShsOut": 331691099,
        "weightedAverageShsOutDil": 335400000,
        "link": "https://www.sec.gov/Archives/edgar/data/31235/000003123597000011/0000031235-97-000011-index.html",
        "finalLink": "https://www.sec.gov/Archives/edgar/data/31235/"
    },
    {
        "date": "1996-09-30",
        "symbol": "KODK",
        "reportedCurrency": "USD",
        "cik": "0000031235",
        "fillingDate": "1996-10-28",
        "acceptedDate": "1996-10-28 00:00:00",
        "calendarYear": "1996",
        "period": "Q3",
        "revenue": 4149000000,
        "costOfRevenue": 1933000000,
        "grossProfit": 2216000000,
        "grossProfitRatio": 0.5341046035,
        "researchAndDevelopmentExpenses": 252000000,
        "generalAndAdministrativeExpenses": 0,
        "sellingAndMarketingExpenses": 0,
        "sellingGeneralAndAdministrativeExpenses": 1119000000,
        "otherExpenses": 219000000,
        "operatingExpenses": 1590000000,
        "costAndExpenses": 3523000000,
        "interestIncome": 0,
        "interestExpense": 20000000,
        "depreciationAndAmortization": 219000000,
        "ebitda": 845000000,
        "ebitdaratio": 0.2036635334,
        "operatingIncome": 626000000,
        "operatingIncomeRatio": 0.1508797301,
        "totalOtherIncomeExpensesNet": -4000000,
        "incomeBeforeTax": 622000000,
        "incomeBeforeTaxRatio": 0.1499156423,
        "incomeTaxExpense": 212000000,
        "netIncome": 410000000,
        "netIncomeRatio": 0.0988189925,
        "eps": 1.22,
        "epsdiluted": 1.22,
        "weightedAverageShsOut": 335400000,
        "weightedAverageShsOutDil": 335400000,
        "link": "https://www.sec.gov/Archives/edgar/data/31235/000003123596000007/0000031235-96-000007-index.html",
        "finalLink": "https://www.sec.gov/Archives/edgar/data/31235/"
    },
    {
        "date": "1996-06-30",
        "symbol": "KODK",
        "reportedCurrency": "USD",
        "cik": "0000031235",
        "fillingDate": "1996-07-31",
        "acceptedDate": "1996-07-31 00:00:00",
        "calendarYear": "1996",
        "period": "Q2",
        "revenue": 4117000000,
        "costOfRevenue": 1871000000,
        "grossProfit": 2246000000,
        "grossProfitRatio": 0.545542871,
        "researchAndDevelopmentExpenses": 247000000,
        "generalAndAdministrativeExpenses": 0,
        "sellingAndMarketingExpenses": 0,
        "sellingGeneralAndAdministrativeExpenses": 1137000000,
        "otherExpenses": 229000000,
        "operatingExpenses": 1613000000,
        "costAndExpenses": 3484000000,
        "interestIncome": 0,
        "interestExpense": 21000000,
        "depreciationAndAmortization": 229000000,
        "ebitda": 862000000,
        "ebitdaratio": 0.209375759,
        "operatingIncome": 633000000,
        "operatingIncomeRatio": 0.1537527326,
        "totalOtherIncomeExpensesNet": 27000000,
        "incomeBeforeTax": 660000000,
        "incomeBeforeTaxRatio": 0.160310906,
        "incomeTaxExpense": 220000000,
        "netIncome": 440000000,
        "netIncomeRatio": 0.1068739373,
        "eps": 1.3,
        "epsdiluted": 1.3,
        "weightedAverageShsOut": 338200000,
        "weightedAverageShsOutDil": 338200000,
        "link": "https://www.sec.gov/Archives/edgar/data/31235/000003123596000006/0000031235-96-000006-index.html",
        "finalLink": "https://www.sec.gov/Archives/edgar/data/31235/"
    },
    {
        "date": "1996-03-31",
        "symbol": "KODK",
        "reportedCurrency": "USD",
        "cik": "0000031235",
        "fillingDate": "1996-05-06",
        "acceptedDate": "1996-05-06 00:00:00",
        "calendarYear": "1996",
        "period": "Q1",
        "revenue": 3388000000,
        "costOfRevenue": 1563000000,
        "grossProfit": 1825000000,
        "grossProfitRatio": 0.5386658796,
        "researchAndDevelopmentExpenses": 241000000,
        "generalAndAdministrativeExpenses": 0,
        "sellingAndMarketingExpenses": 0,
        "sellingGeneralAndAdministrativeExpenses": 971000000,
        "otherExpenses": 213000000,
        "operatingExpenses": 1425000000,
        "costAndExpenses": 2988000000,
        "interestIncome": 0,
        "interestExpense": 18000000,
        "depreciationAndAmortization": 213000000,
        "ebitda": 613000000,
        "ebitdaratio": 0.1809327037,
        "operatingIncome": 400000000,
        "operatingIncomeRatio": 0.1180637544,
        "totalOtherIncomeExpensesNet": 21000000,
        "incomeBeforeTax": 421000000,
        "incomeBeforeTaxRatio": 0.1242621015,
        "incomeTaxExpense": 147000000,
        "netIncome": 274000000,
        "netIncomeRatio": 0.0808736718,
        "eps": 0.8,
        "epsdiluted": 0.8,
        "weightedAverageShsOut": 343400000,
        "weightedAverageShsOutDil": 343400000,
        "link": "https://www.sec.gov/Archives/edgar/data/31235/000003123596000005/0000031235-96-000005-index.html",
        "finalLink": "https://www.sec.gov/Archives/edgar/data/31235/"
    },
    {
        "date": "1995-12-31",
        "symbol": "KODK",
        "reportedCurrency": "USD",
        "cik": "0000031235",
        "fillingDate": "1996-04-30",
        "acceptedDate": "1996-04-30 00:00:00",
        "calendarYear": "1995",
        "period": "Q4",
        "revenue": 4092000000,
        "costOfRevenue": 2057000000,
        "grossProfit": 2035000000,
        "grossProfitRatio": 0.497311828,
        "researchAndDevelopmentExpenses": 239000000,
        "generalAndAdministrativeExpenses": 0,
        "sellingAndMarketingExpenses": 0,
        "sellingGeneralAndAdministrativeExpenses": 1128000000,
        "otherExpenses": 275000000,
        "operatingExpenses": 1642000000,
        "costAndExpenses": 3699000000,
        "interestIncome": 0,
        "interestExpense": 20000000,
        "depreciationAndAmortization": 275000000,
        "ebitda": 668000000,
        "ebitdaratio": 0.1632453568,
        "operatingIncome": 393000000,
        "operatingIncomeRatio": 0.0960410557,
        "totalOtherIncomeExpensesNet": 7000000,
        "incomeBeforeTax": 400000000,
        "incomeBeforeTaxRatio": 0.0977517107,
        "incomeTaxExpense": 125000000,
        "netIncome": 275000000,
        "netIncomeRatio": 0.0672043011,
        "eps": 0.8,
        "epsdiluted": 0.8,
        "weightedAverageShsOut": 341277657,
        "weightedAverageShsOutDil": 342000000,
        "link": "https://www.sec.gov/Archives/edgar/data/31235/000003123596000004/0000031235-96-000004-index.html",
        "finalLink": "https://www.sec.gov/Archives/edgar/data/31235/"
    },
    {
        "date": "1995-09-30",
        "symbol": "KODK",
        "reportedCurrency": "USD",
        "cik": "0000031235",
        "fillingDate": "1995-11-03",
        "acceptedDate": "1995-11-03 00:00:00",
        "calendarYear": "1995",
        "period": "Q3",
        "revenue": 3813000000,
        "costOfRevenue": 1775000000,
        "grossProfit": 2038000000,
        "grossProfitRatio": 0.5344872804,
        "researchAndDevelopmentExpenses": 244000000,
        "generalAndAdministrativeExpenses": 0,
        "sellingAndMarketingExpenses": 0,
        "sellingGeneralAndAdministrativeExpenses": 1037000000,
        "otherExpenses": 212000000,
        "operatingExpenses": 1493000000,
        "costAndExpenses": 3268000000,
        "interestIncome": 0,
        "interestExpense": 20000000,
        "depreciationAndAmortization": 212000000,
        "ebitda": 757000000,
        "ebitdaratio": 0.1985313402,
        "operatingIncome": 545000000,
        "operatingIncomeRatio": 0.1429320745,
        "totalOtherIncomeExpensesNet": -33000000,
        "incomeBeforeTax": 512000000,
        "incomeBeforeTaxRatio": 0.1342774718,
        "incomeTaxExpense": 174000000,
        "netIncome": 338000000,
        "netIncomeRatio": 0.0886441122,
        "eps": 0.99,
        "epsdiluted": 0.99,
        "weightedAverageShsOut": 342000000,
        "weightedAverageShsOutDil": 342000000,
        "link": "https://www.sec.gov/Archives/edgar/data/31235/000003123595000009/0000031235-95-000009-index.html",
        "finalLink": "https://www.sec.gov/Archives/edgar/data/31235/"
    },
    {
        "date": "1995-06-30",
        "symbol": "KODK",
        "reportedCurrency": "USD",
        "cik": "0000031235",
        "fillingDate": "1995-08-09",
        "acceptedDate": "1995-08-09 00:00:00",
        "calendarYear": "1995",
        "period": "Q2",
        "revenue": 3938000000,
        "costOfRevenue": 1820000000,
        "grossProfit": 2118000000,
        "grossProfitRatio": 0.5378364652,
        "researchAndDevelopmentExpenses": 233000000,
        "generalAndAdministrativeExpenses": 0,
        "sellingAndMarketingExpenses": 0,
        "sellingGeneralAndAdministrativeExpenses": 1098000000,
        "otherExpenses": 210000000,
        "operatingExpenses": 1541000000,
        "costAndExpenses": 3361000000,
        "interestIncome": 0,
        "interestExpense": 19000000,
        "depreciationAndAmortization": 210000000,
        "ebitda": 787000000,
        "ebitdaratio": 0.1998476384,
        "operatingIncome": 577000000,
        "operatingIncomeRatio": 0.1465210767,
        "totalOtherIncomeExpensesNet": 22000000,
        "incomeBeforeTax": 599000000,
        "incomeBeforeTaxRatio": 0.1521076689,
        "incomeTaxExpense": 222000000,
        "netIncome": 377000000,
        "netIncomeRatio": 0.0957338751,
        "eps": 1.11,
        "epsdiluted": 1.11,
        "weightedAverageShsOut": 341200000,
        "weightedAverageShsOutDil": 341200000,
        "link": "https://www.sec.gov/Archives/edgar/data/31235/000003123595000008/0000031235-95-000008-index.html",
        "finalLink": "https://www.sec.gov/Archives/edgar/data/31235/"
    },
    {
        "date": "1995-03-31",
        "symbol": "KODK",
        "reportedCurrency": "USD",
        "cik": "0000031235",
        "fillingDate": "1995-04-27",
        "acceptedDate": "1995-04-27 00:00:00",
        "calendarYear": "1995",
        "period": "Q1",
        "revenue": 3137000000,
        "costOfRevenue": 1394000000,
        "grossProfit": 1743000000,
        "grossProfitRatio": 0.5556263946,
        "researchAndDevelopmentExpenses": 219000000,
        "generalAndAdministrativeExpenses": 0,
        "sellingAndMarketingExpenses": 0,
        "sellingGeneralAndAdministrativeExpenses": 895000000,
        "otherExpenses": 219000000,
        "operatingExpenses": 1333000000,
        "costAndExpenses": 2727000000,
        "interestIncome": 0,
        "interestExpense": 19000000,
        "depreciationAndAmortization": 219000000,
        "ebitda": 629000000,
        "ebitdaratio": 0.2005100414,
        "operatingIncome": 410000000,
        "operatingIncomeRatio": 0.1306981192,
        "totalOtherIncomeExpensesNet": 5000000,
        "incomeBeforeTax": 415000000,
        "incomeBeforeTaxRatio": 0.1322919987,
        "incomeTaxExpense": 153000000,
        "netIncome": 262000000,
        "netIncomeRatio": 0.0835192859,
        "eps": 0.77,
        "epsdiluted": 0.76,
        "weightedAverageShsOut": 340000000,
        "weightedAverageShsOutDil": 346000000,
        "link": "https://www.sec.gov/Archives/edgar/data/31235/000003123595000006/0000031235-95-000006-index.html",
        "finalLink": "https://www.sec.gov/Archives/edgar/data/31235/"
    },
    {
        "date": "1994-12-31",
        "symbol": "KODK",
        "reportedCurrency": "USD",
        "cik": "0000031235",
        "fillingDate": "1995-05-01",
        "acceptedDate": "1995-05-01 00:00:00",
        "calendarYear": "1994",
        "period": "Q4",
        "revenue": 3848000000,
        "costOfRevenue": 1836000000,
        "grossProfit": 2012000000,
        "grossProfitRatio": 0.5228690229,
        "researchAndDevelopmentExpenses": 204000000,
        "generalAndAdministrativeExpenses": 0,
        "sellingAndMarketingExpenses": 0,
        "sellingGeneralAndAdministrativeExpenses": 1067000000,
        "otherExpenses": 270000000,
        "operatingExpenses": 1541000000,
        "costAndExpenses": 3377000000,
        "interestIncome": 0,
        "interestExpense": 29000000,
        "depreciationAndAmortization": 270000000,
        "ebitda": 741000000,
        "ebitdaratio": 0.1925675676,
        "operatingIncome": 471000000,
        "operatingIncomeRatio": 0.1224012474,
        "totalOtherIncomeExpensesNet": -484000000,
        "incomeBeforeTax": -13000000,
        "incomeBeforeTaxRatio": -0.0033783784,
        "incomeTaxExpense": 66000000,
        "netIncome": 18000000,
        "netIncomeRatio": 0.0046777547,
        "eps": 0.053,
        "epsdiluted": 0.053,
        "weightedAverageShsOut": 339400000,
        "weightedAverageShsOutDil": 339400000,
        "link": "https://www.sec.gov/Archives/edgar/data/31235/000003123595000007/0000031235-95-000007-index.html",
        "finalLink": "https://www.sec.gov/Archives/edgar/data/31235/"
    },
    {
        "date": "1994-09-30",
        "symbol": "KODK",
        "reportedCurrency": "USD",
        "cik": "0000031235",
        "fillingDate": "1994-11-14",
        "acceptedDate": "1994-11-14 00:00:00",
        "calendarYear": "1994",
        "period": "Q3",
        "revenue": 3529000000,
        "costOfRevenue": 1735000000,
        "grossProfit": 1794000000,
        "grossProfitRatio": 0.5083593086,
        "researchAndDevelopmentExpenses": 221000000,
        "generalAndAdministrativeExpenses": 0,
        "sellingAndMarketingExpenses": 0,
        "sellingGeneralAndAdministrativeExpenses": 972000000,
        "otherExpenses": 232000000,
        "operatingExpenses": 1425000000,
        "costAndExpenses": 3160000000,
        "interestIncome": 0,
        "interestExpense": 28000000,
        "depreciationAndAmortization": 232000000,
        "ebitda": 601000000,
        "ebitdaratio": 0.170303202,
        "operatingIncome": 369000000,
        "operatingIncomeRatio": 0.1045621989,
        "totalOtherIncomeExpensesNet": -51000000,
        "incomeBeforeTax": 318000000,
        "incomeBeforeTaxRatio": 0.0901105129,
        "incomeTaxExpense": 125000000,
        "netIncome": 193000000,
        "netIncomeRatio": 0.0546897138,
        "eps": 0.57,
        "epsdiluted": 0.56,
        "weightedAverageShsOut": 339400000,
        "weightedAverageShsOutDil": 345200000,
        "link": "https://www.sec.gov/Archives/edgar/data/31235/000003123594000025/0000031235-94-000025-index.html",
        "finalLink": "https://www.sec.gov/Archives/edgar/data/31235/"
    },
    {
        "date": "1994-06-30",
        "symbol": "KODK",
        "reportedCurrency": "USD",
        "cik": "0000031235",
        "fillingDate": "1994-08-15",
        "acceptedDate": "1994-08-15 00:00:00",
        "calendarYear": "1994",
        "period": "Q2",
        "revenue": 3425000000,
        "costOfRevenue": 1652000000,
        "grossProfit": 1773000000,
        "grossProfitRatio": 0.5176642336,
        "researchAndDevelopmentExpenses": 230000000,
        "generalAndAdministrativeExpenses": 0,
        "sellingAndMarketingExpenses": 0,
        "sellingGeneralAndAdministrativeExpenses": 925000000,
        "otherExpenses": 130000000,
        "operatingExpenses": 1285000000,
        "costAndExpenses": 2937000000,
        "interestIncome": 0,
        "interestExpense": 28000000,
        "depreciationAndAmortization": 130000000,
        "ebitda": 618000000,
        "ebitdaratio": 0.1804379562,
        "operatingIncome": 488000000,
        "operatingIncomeRatio": 0.1424817518,
        "totalOtherIncomeExpensesNet": -21000000,
        "incomeBeforeTax": 467000000,
        "incomeBeforeTaxRatio": 0.136350365,
        "incomeTaxExpense": 172000000,
        "netIncome": 264000000,
        "netIncomeRatio": 0.077080292,
        "eps": 0.79,
        "epsdiluted": 0.78,
        "weightedAverageShsOut": 332800000,
        "weightedAverageShsOutDil": 337600000,
        "link": "https://www.sec.gov/Archives/edgar/data/31235/0000031235-94-000014-index.html",
        "finalLink": "https://www.sec.gov/Archives/edgar/data/31235/0000031235-94-000014.txt"
    },
    {
        "date": "1994-03-31",
        "symbol": "KODK",
        "reportedCurrency": "USD",
        "cik": "0000031235",
        "fillingDate": "1994-05-13",
        "acceptedDate": "1994-05-13 00:00:00",
        "calendarYear": "1994",
        "period": "Q1",
        "revenue": 3592000000,
        "costOfRevenue": 1540000000,
        "grossProfit": 2052000000,
        "grossProfitRatio": 0.5712694878,
        "researchAndDevelopmentExpenses": 315000000,
        "generalAndAdministrativeExpenses": 0,
        "sellingAndMarketingExpenses": 0,
        "sellingGeneralAndAdministrativeExpenses": 1116000000,
        "otherExpenses": 251000000,
        "operatingExpenses": 1682000000,
        "costAndExpenses": 3222000000,
        "interestIncome": 0,
        "interestExpense": 175000000,
        "depreciationAndAmortization": 251000000,
        "ebitda": 621000000,
        "ebitdaratio": 0.1728841871,
        "operatingIncome": 370000000,
        "operatingIncomeRatio": 0.1030066815,
        "totalOtherIncomeExpensesNet": -210000000,
        "incomeBeforeTax": 160000000,
        "incomeBeforeTaxRatio": 0.0445434298,
        "incomeTaxExpense": 66000000,
        "netIncome": 82000000,
        "netIncomeRatio": 0.0228285078,
        "eps": 0.25,
        "epsdiluted": 0.25,
        "weightedAverageShsOut": 330700000,
        "weightedAverageShsOutDil": 334100000,
        "link": "https://www.sec.gov/Archives/edgar/data/31235/000003123594000013/0000031235-94-000013-index.html",
        "finalLink": "https://www.sec.gov/Archives/edgar/data/31235/"
    },
    {
        "date": "1993-12-31",
        "symbol": "KODK",
        "reportedCurrency": "USD",
        "cik": "0000031235",
        "fillingDate": "1994-04-29",
        "acceptedDate": "1994-04-29 00:00:00",
        "calendarYear": "1993",
        "period": "Q4",
        "revenue": 4480000000,
        "costOfRevenue": 2059000000,
        "grossProfit": 2421000000,
        "grossProfitRatio": 0.5404017857,
        "researchAndDevelopmentExpenses": 0,
        "generalAndAdministrativeExpenses": 0,
        "sellingAndMarketingExpenses": 0,
        "sellingGeneralAndAdministrativeExpenses": 1643000000,
        "otherExpenses": 284000000,
        "operatingExpenses": 1927000000,
        "costAndExpenses": 3986000000,
        "interestIncome": 0,
        "interestExpense": 147000000,
        "depreciationAndAmortization": 284000000,
        "ebitda": 778000000,
        "ebitdaratio": 0.1736607143,
        "operatingIncome": 494000000,
        "operatingIncomeRatio": 0.1102678571,
        "totalOtherIncomeExpensesNet": -175000000,
        "incomeBeforeTax": 319000000,
        "incomeBeforeTaxRatio": 0.0712053571,
        "incomeTaxExpense": 115000000,
        "netIncome": 201000000,
        "netIncomeRatio": 0.0448660714,
        "eps": 0.62,
        "epsdiluted": 0.62,
        "weightedAverageShsOut": 323591735,
        "weightedAverageShsOutDil": 323809524,
        "link": "https://www.sec.gov/Archives/edgar/data/31235/000003123594000012/0000031235-94-000012-index.html",
        "finalLink": "https://www.sec.gov/Archives/edgar/data/31235/"
    },
    {
        "date": "1993-09-30",
        "symbol": "KODK",
        "reportedCurrency": "USD",
        "cik": "0000031235",
        "fillingDate": "1993-09-30",
        "acceptedDate": "1993-09-29 20:00:00",
        "calendarYear": "1993",
        "period": "Q3",
        "revenue": 4077000000,
        "costOfRevenue": 1709000000,
        "grossProfit": 2368000000,
        "grossProfitRatio": 0.5808192298,
        "researchAndDevelopmentExpenses": 0,
        "generalAndAdministrativeExpenses": 0,
        "sellingAndMarketingExpenses": 0,
        "sellingGeneralAndAdministrativeExpenses": 1533000000,
        "otherExpenses": 276000000,
        "operatingExpenses": 1809000000,
        "costAndExpenses": 3518000000,
        "interestIncome": 0,
        "interestExpense": 154000000,
        "depreciationAndAmortization": 276000000,
        "ebitda": 835000000,
        "ebitdaratio": 0.2048074565,
        "operatingIncome": 559000000,
        "operatingIncomeRatio": 0.1371106206,
        "totalOtherIncomeExpensesNet": -698000000,
        "incomeBeforeTax": -139000000,
        "incomeBeforeTaxRatio": -0.0340936963,
        "incomeTaxExpense": -12000000,
        "netIncome": -68000000,
        "netIncomeRatio": -0.0166789306,
        "eps": -0.21,
        "epsdiluted": -0.21,
        "weightedAverageShsOut": 323809524,
        "weightedAverageShsOutDil": 323809524,
        "link": "",
        "finalLink": ""
    },
    {
        "date": "1993-06-30",
        "symbol": "KODK",
        "reportedCurrency": "USD",
        "cik": "0000031235",
        "fillingDate": "1993-06-30",
        "acceptedDate": "1993-06-29 20:00:00",
        "calendarYear": "1993",
        "period": "Q2",
        "revenue": 4265000000,
        "costOfRevenue": 1784000000,
        "grossProfit": 2481000000,
        "grossProfitRatio": 0.5817116061,
        "researchAndDevelopmentExpenses": 0,
        "generalAndAdministrativeExpenses": 0,
        "sellingAndMarketingExpenses": 0,
        "sellingGeneralAndAdministrativeExpenses": 1616000000,
        "otherExpenses": 199000000,
        "operatingExpenses": 1815000000,
        "costAndExpenses": 3599000000,
        "interestIncome": 0,
        "interestExpense": 169000000,
        "depreciationAndAmortization": 199000000,
        "ebitda": 865000000,
        "ebitdaratio": 0.2028135991,
        "operatingIncome": 666000000,
        "operatingIncomeRatio": 0.1561547479,
        "totalOtherIncomeExpensesNet": -150000000,
        "incomeBeforeTax": 516000000,
        "incomeBeforeTaxRatio": 0.1209847597,
        "incomeTaxExpense": 212000000,
        "netIncome": 371000000,
        "netIncomeRatio": 0.0869871043,
        "eps": 1.13,
        "epsdiluted": 1.08,
        "weightedAverageShsOut": 328318584,
        "weightedAverageShsOutDil": 343518519,
        "link": "",
        "finalLink": ""
    },
    {
        "date": "1993-03-31",
        "symbol": "KODK",
        "reportedCurrency": "USD",
        "cik": "0000031235",
        "fillingDate": "1993-03-31",
        "acceptedDate": "1993-03-30 19:00:00",
        "calendarYear": "1993",
        "period": "Q1",
        "revenue": 4442000000,
        "costOfRevenue": 1995000000,
        "grossProfit": 2447000000,
        "grossProfitRatio": 0.5508779829,
        "researchAndDevelopmentExpenses": 0,
        "generalAndAdministrativeExpenses": 0,
        "sellingAndMarketingExpenses": 0,
        "sellingGeneralAndAdministrativeExpenses": 1688000000,
        "otherExpenses": 352000000,
        "operatingExpenses": 2040000000,
        "costAndExpenses": 4035000000,
        "interestIncome": 0,
        "interestExpense": 192000000,
        "depreciationAndAmortization": 352000000,
        "ebitda": 759000000,
        "ebitdaratio": 0.1708689779,
        "operatingIncome": 407000000,
        "operatingIncomeRatio": 0.091625394,
        "totalOtherIncomeExpensesNet": -162000000,
        "incomeBeforeTax": 245000000,
        "incomeBeforeTaxRatio": 0.0551553354,
        "incomeTaxExpense": 96000000,
        "netIncome": -1880000000,
        "netIncomeRatio": -0.423232778,
        "eps": -5.75,
        "epsdiluted": -5.75,
        "weightedAverageShsOut": 326956522,
        "weightedAverageShsOutDil": 326956522,
        "link": "",
        "finalLink": ""
    },
    {
        "date": "1992-12-31",
        "symbol": "KODK",
        "reportedCurrency": "USD",
        "cik": "0000031235",
        "fillingDate": "1992-12-31",
        "acceptedDate": "1992-12-30 19:00:00",
        "calendarYear": "1992",
        "period": "Q4",
        "revenue": 5404000000,
        "costOfRevenue": 2423000000,
        "grossProfit": 2981000000,
        "grossProfitRatio": 0.5516284234,
        "researchAndDevelopmentExpenses": 0,
        "generalAndAdministrativeExpenses": 0,
        "sellingAndMarketingExpenses": 0,
        "sellingGeneralAndAdministrativeExpenses": 2043000000,
        "otherExpenses": 407000000,
        "operatingExpenses": 2450000000,
        "costAndExpenses": 4873000000,
        "interestIncome": 0,
        "interestExpense": 202000000,
        "depreciationAndAmortization": 407000000,
        "ebitda": 938000000,
        "ebitdaratio": 0.1735751295,
        "operatingIncome": 531000000,
        "operatingIncomeRatio": 0.0982605477,
        "totalOtherIncomeExpensesNet": -59000000,
        "incomeBeforeTax": 472000000,
        "incomeBeforeTaxRatio": 0.0873427091,
        "incomeTaxExpense": 173000000,
        "netIncome": 299000000,
        "netIncomeRatio": 0.0553293856,
        "eps": 0.92,
        "epsdiluted": 0.92,
        "weightedAverageShsOut": 325020351,
        "weightedAverageShsOutDil": 325862069,
        "link": "",
        "finalLink": ""
    },
    {
        "date": "1992-09-30",
        "symbol": "KODK",
        "reportedCurrency": "USD",
        "cik": "0000031235",
        "fillingDate": "1992-09-30",
        "acceptedDate": "1992-09-29 20:00:00",
        "calendarYear": "1992",
        "period": "Q3",
        "revenue": 5179000000,
        "costOfRevenue": 2243000000,
        "grossProfit": 2936000000,
        "grossProfitRatio": 0.5669048079,
        "researchAndDevelopmentExpenses": 0,
        "generalAndAdministrativeExpenses": 0,
        "sellingAndMarketingExpenses": 0,
        "sellingGeneralAndAdministrativeExpenses": 1863000000,
        "otherExpenses": 398000000,
        "operatingExpenses": 2261000000,
        "costAndExpenses": 4504000000,
        "interestIncome": 0,
        "interestExpense": 198000000,
        "depreciationAndAmortization": 398000000,
        "ebitda": 1073000000,
        "ebitdaratio": 0.2071828538,
        "operatingIncome": 675000000,
        "operatingIncomeRatio": 0.1303340413,
        "totalOtherIncomeExpensesNet": -382000000,
        "incomeBeforeTax": 293000000,
        "incomeBeforeTaxRatio": 0.0565746283,
        "incomeTaxExpense": 104000000,
        "netIncome": 189000000,
        "netIncomeRatio": 0.0364935316,
        "eps": 0.58,
        "epsdiluted": 0.58,
        "weightedAverageShsOut": 325862069,
        "weightedAverageShsOutDil": 325862069,
        "link": "",
        "finalLink": ""
    },
    {
        "date": "1992-06-30",
        "symbol": "KODK",
        "reportedCurrency": "USD",
        "cik": "0000031235",
        "fillingDate": "1992-06-30",
        "acceptedDate": "1992-06-29 20:00:00",
        "calendarYear": "1992",
        "period": "Q2",
        "revenue": 5190000000,
        "costOfRevenue": 2268000000,
        "grossProfit": 2922000000,
        "grossProfitRatio": 0.5630057803,
        "researchAndDevelopmentExpenses": 0,
        "generalAndAdministrativeExpenses": 0,
        "sellingAndMarketingExpenses": 0,
        "sellingGeneralAndAdministrativeExpenses": 1815000000,
        "otherExpenses": 372000000,
        "operatingExpenses": 2187000000,
        "costAndExpenses": 4455000000,
        "interestIncome": 0,
        "interestExpense": 207000000,
        "depreciationAndAmortization": 372000000,
        "ebitda": 1107000000,
        "ebitdaratio": 0.2132947977,
        "operatingIncome": 735000000,
        "operatingIncomeRatio": 0.1416184971,
        "totalOtherIncomeExpensesNet": -139000000,
        "incomeBeforeTax": 596000000,
        "incomeBeforeTaxRatio": 0.1148362235,
        "incomeTaxExpense": 235000000,
        "netIncome": 361000000,
        "netIncomeRatio": 0.0695568401,
        "eps": 1.11,
        "epsdiluted": 1.06,
        "weightedAverageShsOut": 325225225,
        "weightedAverageShsOutDil": 340566038,
        "link": "",
        "finalLink": ""
    },
    {
        "date": "1992-03-31",
        "symbol": "KODK",
        "reportedCurrency": "USD",
        "cik": "0000031235",
        "fillingDate": "1992-03-31",
        "acceptedDate": "1992-03-30 19:00:00",
        "calendarYear": "1992",
        "period": "Q1",
        "revenue": 4410000000,
        "costOfRevenue": 1919000000,
        "grossProfit": 2491000000,
        "grossProfitRatio": 0.5648526077,
        "researchAndDevelopmentExpenses": 0,
        "generalAndAdministrativeExpenses": 0,
        "sellingAndMarketingExpenses": 0,
        "sellingGeneralAndAdministrativeExpenses": 1735000000,
        "otherExpenses": 362000000,
        "operatingExpenses": 2097000000,
        "costAndExpenses": 4016000000,
        "interestIncome": 0,
        "interestExpense": 0,
        "depreciationAndAmortization": 362000000,
        "ebitda": 756000000,
        "ebitdaratio": 0.1714285714,
        "operatingIncome": 394000000,
        "operatingIncomeRatio": 0.0893424036,
        "totalOtherIncomeExpensesNet": -154000000,
        "incomeBeforeTax": 240000000,
        "incomeBeforeTaxRatio": 0.0544217687,
        "incomeTaxExpense": 95000000,
        "netIncome": 145000000,
        "netIncomeRatio": 0.0328798186,
        "eps": 0.45,
        "epsdiluted": 0.45,
        "weightedAverageShsOut": 322222222,
        "weightedAverageShsOutDil": 322222222,
        "link": "",
        "finalLink": ""
    },
    {
        "date": "1991-12-31",
        "symbol": "KODK",
        "reportedCurrency": "USD",
        "cik": "0000031235",
        "fillingDate": "1991-12-31",
        "acceptedDate": "1991-12-30 19:00:00",
        "calendarYear": "1991",
        "period": "Q4",
        "revenue": 5082000000,
        "costOfRevenue": 1225000000,
        "grossProfit": 3857000000,
        "grossProfitRatio": 0.758953168,
        "researchAndDevelopmentExpenses": 0,
        "generalAndAdministrativeExpenses": 0,
        "sellingAndMarketingExpenses": 0,
        "sellingGeneralAndAdministrativeExpenses": 2970000000,
        "otherExpenses": 410000000,
        "operatingExpenses": 3380000000,
        "costAndExpenses": 4605000000,
        "interestIncome": 0,
        "interestExpense": 209000000,
        "depreciationAndAmortization": 410000000,
        "ebitda": 887000000,
        "ebitdaratio": 0.1745375836,
        "operatingIncome": 477000000,
        "operatingIncomeRatio": 0.0938606848,
        "totalOtherIncomeExpensesNet": -1128000000,
        "incomeBeforeTax": -651000000,
        "incomeBeforeTaxRatio": -0.1280991736,
        "incomeTaxExpense": -251000000,
        "netIncome": -400000000,
        "netIncomeRatio": -0.0787091696,
        "eps": -1.25,
        "epsdiluted": -1.25,
        "weightedAverageShsOut": 318918919,
        "weightedAverageShsOutDil": 318918919,
        "link": "",
        "finalLink": ""
    },
    {
        "date": "1991-09-30",
        "symbol": "KODK",
        "reportedCurrency": "USD",
        "cik": "0000031235",
        "fillingDate": "1991-09-30",
        "acceptedDate": "1991-09-29 20:00:00",
        "calendarYear": "1991",
        "period": "Q3",
        "revenue": 4926000000,
        "costOfRevenue": 2490000000,
        "grossProfit": 2436000000,
        "grossProfitRatio": 0.4945188794,
        "researchAndDevelopmentExpenses": 0,
        "generalAndAdministrativeExpenses": 0,
        "sellingAndMarketingExpenses": 0,
        "sellingGeneralAndAdministrativeExpenses": 1370000000,
        "otherExpenses": 378000000,
        "operatingExpenses": 1748000000,
        "costAndExpenses": 4238000000,
        "interestIncome": 0,
        "interestExpense": 210000000,
        "depreciationAndAmortization": 378000000,
        "ebitda": 1066000000,
        "ebitdaratio": 0.2164027609,
        "operatingIncome": 688000000,
        "operatingIncomeRatio": 0.1396670727,
        "totalOtherIncomeExpensesNet": -904000000,
        "incomeBeforeTax": -216000000,
        "incomeBeforeTaxRatio": -0.0438489647,
        "incomeTaxExpense": -98000000,
        "netIncome": -118000000,
        "netIncomeRatio": -0.023954527,
        "eps": -0.37,
        "epsdiluted": -0.37,
        "weightedAverageShsOut": 318918919,
        "weightedAverageShsOutDil": 318918919,
        "link": "",
        "finalLink": ""
    },
    {
        "date": "1991-06-30",
        "symbol": "KODK",
        "reportedCurrency": "USD",
        "cik": "0000031235",
        "fillingDate": "1991-06-30",
        "acceptedDate": "1991-06-29 20:00:00",
        "calendarYear": "1991",
        "period": "Q2",
        "revenue": 4989000000,
        "costOfRevenue": 2526000000,
        "grossProfit": 2463000000,
        "grossProfitRatio": 0.4936861094,
        "researchAndDevelopmentExpenses": 0,
        "generalAndAdministrativeExpenses": 0,
        "sellingAndMarketingExpenses": 0,
        "sellingGeneralAndAdministrativeExpenses": 1355000000,
        "otherExpenses": 354000000,
        "operatingExpenses": 1709000000,
        "costAndExpenses": 4235000000,
        "interestIncome": 0,
        "interestExpense": 198000000,
        "depreciationAndAmortization": 354000000,
        "ebitda": 1108000000,
        "ebitdaratio": 0.2220885949,
        "operatingIncome": 754000000,
        "operatingIncomeRatio": 0.1511324915,
        "totalOtherIncomeExpensesNet": -171000000,
        "incomeBeforeTax": 583000000,
        "incomeBeforeTaxRatio": 0.1168570856,
        "incomeTaxExpense": 226000000,
        "netIncome": 357000000,
        "netIncomeRatio": 0.0715574263,
        "eps": 1.1,
        "epsdiluted": 1.1,
        "weightedAverageShsOut": 324545455,
        "weightedAverageShsOutDil": 324545455,
        "link": "",
        "finalLink": ""
    },
    {
        "date": "1991-03-31",
        "symbol": "KODK",
        "reportedCurrency": "USD",
        "cik": "0000031235",
        "fillingDate": "1991-03-31",
        "acceptedDate": "1991-03-30 19:00:00",
        "calendarYear": "1991",
        "period": "Q1",
        "revenue": 4422000000,
        "costOfRevenue": 2267000000,
        "grossProfit": 2155000000,
        "grossProfitRatio": 0.487336047,
        "researchAndDevelopmentExpenses": 0,
        "generalAndAdministrativeExpenses": 0,
        "sellingAndMarketingExpenses": 0,
        "sellingGeneralAndAdministrativeExpenses": 1364000000,
        "otherExpenses": 335000000,
        "operatingExpenses": 1699000000,
        "costAndExpenses": 3966000000,
        "interestIncome": 0,
        "interestExpense": 202000000,
        "depreciationAndAmortization": 335000000,
        "ebitda": 791000000,
        "ebitdaratio": 0.1788783356,
        "operatingIncome": 456000000,
        "operatingIncomeRatio": 0.1031207598,
        "totalOtherIncomeExpensesNet": -161000000,
        "incomeBeforeTax": 295000000,
        "incomeBeforeTaxRatio": 0.0667118951,
        "incomeTaxExpense": 117000000,
        "netIncome": 178000000,
        "netIncomeRatio": 0.0402532791,
        "eps": 0.55,
        "epsdiluted": 0.55,
        "weightedAverageShsOut": 323636364,
        "weightedAverageShsOutDil": 323636364,
        "link": "",
        "finalLink": ""
    },
    {
        "date": "1990-12-31",
        "symbol": "KODK",
        "reportedCurrency": "USD",
        "cik": "0000031235",
        "fillingDate": "1990-12-31",
        "acceptedDate": "1990-12-30 19:00:00",
        "calendarYear": "1990",
        "period": "Q4",
        "revenue": 5151000000,
        "costOfRevenue": 2669000000,
        "grossProfit": 2482000000,
        "grossProfitRatio": 0.4818481848,
        "researchAndDevelopmentExpenses": 0,
        "generalAndAdministrativeExpenses": 0,
        "sellingAndMarketingExpenses": 0,
        "sellingGeneralAndAdministrativeExpenses": 1460000000,
        "otherExpenses": 355000000,
        "operatingExpenses": 1815000000,
        "costAndExpenses": 4484000000,
        "interestIncome": 0,
        "interestExpense": 173000000,
        "depreciationAndAmortization": 355000000,
        "ebitda": 1022000000,
        "ebitdaratio": 0.1984080761,
        "operatingIncome": 667000000,
        "operatingIncomeRatio": 0.1294894195,
        "totalOtherIncomeExpensesNet": -137000000,
        "incomeBeforeTax": 530000000,
        "incomeBeforeTaxRatio": 0.1028926422,
        "incomeTaxExpense": 204000000,
        "netIncome": 326000000,
        "netIncomeRatio": 0.0632886818,
        "eps": 1.01,
        "epsdiluted": 1.01,
        "weightedAverageShsOut": 320852535,
        "weightedAverageShsOutDil": 321875000,
        "link": "",
        "finalLink": ""
    },
    {
        "date": "1990-09-30",
        "symbol": "KODK",
        "reportedCurrency": "USD",
        "cik": "0000031235",
        "fillingDate": "1990-09-30",
        "acceptedDate": "1990-09-29 20:00:00",
        "calendarYear": "1990",
        "period": "Q3",
        "revenue": 4774000000,
        "costOfRevenue": 2376000000,
        "grossProfit": 2398000000,
        "grossProfitRatio": 0.5023041475,
        "researchAndDevelopmentExpenses": 0,
        "generalAndAdministrativeExpenses": 0,
        "sellingAndMarketingExpenses": 0,
        "sellingGeneralAndAdministrativeExpenses": 1238000000,
        "otherExpenses": 325000000,
        "operatingExpenses": 1563000000,
        "costAndExpenses": 3939000000,
        "interestIncome": 0,
        "interestExpense": 209000000,
        "depreciationAndAmortization": 325000000,
        "ebitda": 1160000000,
        "ebitdaratio": 0.2429828236,
        "operatingIncome": 835000000,
        "operatingIncomeRatio": 0.1749057394,
        "totalOtherIncomeExpensesNet": -1113000000,
        "incomeBeforeTax": -278000000,
        "incomeBeforeTaxRatio": -0.0582320905,
        "incomeTaxExpense": -72000000,
        "netIncome": -206000000,
        "netIncomeRatio": -0.043150398,
        "eps": -0.64,
        "epsdiluted": -0.64,
        "weightedAverageShsOut": 321875000,
        "weightedAverageShsOutDil": 321875000,
        "link": "",
        "finalLink": ""
    },
    {
        "date": "1990-06-30",
        "symbol": "KODK",
        "reportedCurrency": "USD",
        "cik": "0000031235",
        "fillingDate": "1990-06-30",
        "acceptedDate": "1990-06-29 20:00:00",
        "calendarYear": "1990",
        "period": "Q2",
        "revenue": 4872000000,
        "costOfRevenue": 2454000000,
        "grossProfit": 2418000000,
        "grossProfitRatio": 0.4963054187,
        "researchAndDevelopmentExpenses": 0,
        "generalAndAdministrativeExpenses": 0,
        "sellingAndMarketingExpenses": 0,
        "sellingGeneralAndAdministrativeExpenses": 1265000000,
        "otherExpenses": 309000000,
        "operatingExpenses": 1574000000,
        "costAndExpenses": 4028000000,
        "interestIncome": 0,
        "interestExpense": 221000000,
        "depreciationAndAmortization": 309000000,
        "ebitda": 1153000000,
        "ebitdaratio": 0.2366584565,
        "operatingIncome": 844000000,
        "operatingIncomeRatio": 0.1732348112,
        "totalOtherIncomeExpensesNet": -182000000,
        "incomeBeforeTax": 662000000,
        "incomeBeforeTaxRatio": 0.1358784893,
        "incomeTaxExpense": 278000000,
        "netIncome": 384000000,
        "netIncomeRatio": 0.078817734,
        "eps": 1.19,
        "epsdiluted": 1.19,
        "weightedAverageShsOut": 322689076,
        "weightedAverageShsOutDil": 322689076,
        "link": "",
        "finalLink": ""
    },
    {
        "date": "1990-03-31",
        "symbol": "KODK",
        "reportedCurrency": "USD",
        "cik": "0000031235",
        "fillingDate": "1990-03-31",
        "acceptedDate": "1990-03-30 19:00:00",
        "calendarYear": "1990",
        "period": "Q1",
        "revenue": 4111000000,
        "costOfRevenue": 2158000000,
        "grossProfit": 1953000000,
        "grossProfitRatio": 0.4750668937,
        "researchAndDevelopmentExpenses": 0,
        "generalAndAdministrativeExpenses": 0,
        "sellingAndMarketingExpenses": 0,
        "sellingGeneralAndAdministrativeExpenses": 1135000000,
        "otherExpenses": 320000000,
        "operatingExpenses": 1455000000,
        "costAndExpenses": 3613000000,
        "interestIncome": 0,
        "interestExpense": 209000000,
        "depreciationAndAmortization": 320000000,
        "ebitda": 818000000,
        "ebitdaratio": 0.1989783508,
        "operatingIncome": 498000000,
        "operatingIncomeRatio": 0.1211384091,
        "totalOtherIncomeExpensesNet": -155000000,
        "incomeBeforeTax": 343000000,
        "incomeBeforeTaxRatio": 0.0834346874,
        "incomeTaxExpense": 144000000,
        "netIncome": 199000000,
        "netIncomeRatio": 0.0484067137,
        "eps": 0.61,
        "epsdiluted": 0.61,
        "weightedAverageShsOut": 326229508,
        "weightedAverageShsOutDil": 326229508,
        "link": "",
        "finalLink": ""
    },
    {
        "date": "1989-12-31",
        "symbol": "KODK",
        "reportedCurrency": "USD",
        "cik": "0000031235",
        "fillingDate": "1989-12-31",
        "acceptedDate": "1989-12-30 19:00:00",
        "calendarYear": "1989",
        "period": "Q4",
        "revenue": 4886000000,
        "costOfRevenue": 2671000000,
        "grossProfit": 2215000000,
        "grossProfitRatio": 0.4533360622,
        "researchAndDevelopmentExpenses": 0,
        "generalAndAdministrativeExpenses": 0,
        "sellingAndMarketingExpenses": 0,
        "sellingGeneralAndAdministrativeExpenses": 2145000000,
        "otherExpenses": 350000000,
        "operatingExpenses": 2495000000,
        "costAndExpenses": 5166000000,
        "interestIncome": 0,
        "interestExpense": 221000000,
        "depreciationAndAmortization": 350000000,
        "ebitda": 70000000,
        "ebitdaratio": 0.0143266476,
        "operatingIncome": -280000000,
        "operatingIncomeRatio": -0.0573065903,
        "totalOtherIncomeExpensesNet": 190000000,
        "incomeBeforeTax": -90000000,
        "incomeBeforeTaxRatio": -0.0184199754,
        "incomeTaxExpense": -30000000,
        "netIncome": -60000000,
        "netIncomeRatio": -0.0122799836,
        "eps": -0.19,
        "epsdiluted": -0.19,
        "weightedAverageShsOut": 322549020,
        "weightedAverageShsOutDil": 322549020,
        "link": "",
        "finalLink": ""
    },
    {
        "date": "1989-09-30",
        "symbol": "KODK",
        "reportedCurrency": "USD",
        "cik": "0000031235",
        "fillingDate": "1989-09-30",
        "acceptedDate": "1989-09-29 20:00:00",
        "calendarYear": "1989",
        "period": "Q3",
        "revenue": 5112000000,
        "costOfRevenue": 2668000000,
        "grossProfit": 2444000000,
        "grossProfitRatio": 0.4780907668,
        "researchAndDevelopmentExpenses": 0,
        "generalAndAdministrativeExpenses": 0,
        "sellingAndMarketingExpenses": 0,
        "sellingGeneralAndAdministrativeExpenses": 1294000000,
        "otherExpenses": 374000000,
        "operatingExpenses": 1668000000,
        "costAndExpenses": 4336000000,
        "interestIncome": 0,
        "interestExpense": 267000000,
        "depreciationAndAmortization": 374000000,
        "ebitda": 1150000000,
        "ebitdaratio": 0.2249608764,
        "operatingIncome": 776000000,
        "operatingIncomeRatio": 0.151799687,
        "totalOtherIncomeExpensesNet": -216000000,
        "incomeBeforeTax": 560000000,
        "incomeBeforeTaxRatio": 0.1095461659,
        "incomeTaxExpense": 231000000,
        "netIncome": 329000000,
        "netIncomeRatio": 0.0643583725,
        "eps": 1.02,
        "epsdiluted": 1.02,
        "weightedAverageShsOut": 322549020,
        "weightedAverageShsOutDil": 322549020,
        "link": "",
        "finalLink": ""
    },
    {
        "date": "1989-06-30",
        "symbol": "KODK",
        "reportedCurrency": "USD",
        "cik": "0000031235",
        "fillingDate": "1989-06-30",
        "acceptedDate": "1989-06-29 20:00:00",
        "calendarYear": "1989",
        "period": "Q2",
        "revenue": 4500000000,
        "costOfRevenue": 2355000000,
        "grossProfit": 2145000000,
        "grossProfitRatio": 0.4766666667,
        "researchAndDevelopmentExpenses": 0,
        "generalAndAdministrativeExpenses": 0,
        "sellingAndMarketingExpenses": 0,
        "sellingGeneralAndAdministrativeExpenses": 1218000000,
        "otherExpenses": 301000000,
        "operatingExpenses": 1519000000,
        "costAndExpenses": 3874000000,
        "interestIncome": 0,
        "interestExpense": 215000000,
        "depreciationAndAmortization": 301000000,
        "ebitda": 927000000,
        "ebitdaratio": 0.206,
        "operatingIncome": 626000000,
        "operatingIncomeRatio": 0.1391111111,
        "totalOtherIncomeExpensesNet": -497000000,
        "incomeBeforeTax": 129000000,
        "incomeBeforeTaxRatio": 0.0286666667,
        "incomeTaxExpense": 69000000,
        "netIncome": 60000000,
        "netIncomeRatio": 0.0133333333,
        "eps": 0.18,
        "epsdiluted": 0.18,
        "weightedAverageShsOut": 333333333,
        "weightedAverageShsOutDil": 333333333,
        "link": "",
        "finalLink": ""
    },
    {
        "date": "1989-03-31",
        "symbol": "KODK",
        "reportedCurrency": "USD",
        "cik": "0000031235",
        "fillingDate": "1989-03-31",
        "acceptedDate": "1989-03-30 19:00:00",
        "calendarYear": "1989",
        "period": "Q1",
        "revenue": 3900000000,
        "costOfRevenue": 0,
        "grossProfit": 3900000000,
        "grossProfitRatio": 1,
        "researchAndDevelopmentExpenses": 0,
        "generalAndAdministrativeExpenses": 0,
        "sellingAndMarketingExpenses": 0,
        "sellingGeneralAndAdministrativeExpenses": 0,
        "otherExpenses": 0,
        "operatingExpenses": 0,
        "costAndExpenses": 0,
        "interestIncome": 0,
        "interestExpense": 0,
        "depreciationAndAmortization": 0,
        "ebitda": 3900000000,
        "ebitdaratio": 1,
        "operatingIncome": 3900000000,
        "operatingIncomeRatio": 1,
        "totalOtherIncomeExpensesNet": 0,
        "incomeBeforeTax": 3900000000,
        "incomeBeforeTaxRatio": 1,
        "incomeTaxExpense": 0,
        "netIncome": 200000000,
        "netIncomeRatio": 0.0512820513,
        "eps": 0.62,
        "epsdiluted": 0.62,
        "weightedAverageShsOut": 324167000,
        "weightedAverageShsOutDil": 324167000,
        "link": "",
        "finalLink": ""
    },
    {
        "date": "1988-12-31",
        "symbol": "KODK",
        "reportedCurrency": "USD",
        "cik": "0000031235",
        "fillingDate": "1988-12-31",
        "acceptedDate": "1988-12-30 19:00:00",
        "calendarYear": "1988",
        "period": "Q4",
        "revenue": 4543000000,
        "costOfRevenue": 0,
        "grossProfit": 4543000000,
        "grossProfitRatio": 1,
        "researchAndDevelopmentExpenses": 0,
        "generalAndAdministrativeExpenses": 0,
        "sellingAndMarketingExpenses": 0,
        "sellingGeneralAndAdministrativeExpenses": 0,
        "otherExpenses": 14096000000,
        "operatingExpenses": 14096000000,
        "costAndExpenses": 14096000000,
        "interestIncome": 0,
        "interestExpense": 0,
        "depreciationAndAmortization": 0,
        "ebitda": -9553000000,
        "ebitdaratio": -2.1027955096,
        "operatingIncome": -9553000000,
        "operatingIncomeRatio": -2.1027955096,
        "totalOtherIncomeExpensesNet": 0,
        "incomeBeforeTax": -9553000000,
        "incomeBeforeTaxRatio": -2.1027955096,
        "incomeTaxExpense": 0,
        "netIncome": 312000000,
        "netIncomeRatio": 0.0686770856,
        "eps": 0.96,
        "epsdiluted": 0.96,
        "weightedAverageShsOut": 324200000,
        "weightedAverageShsOutDil": 324200000,
        "link": "",
        "finalLink": ""
    },
    {
        "date": "1988-09-30",
        "symbol": "KODK",
        "reportedCurrency": "USD",
        "cik": "0000031235",
        "fillingDate": "1988-09-30",
        "acceptedDate": "1988-09-29 20:00:00",
        "calendarYear": "1988",
        "period": "Q3",
        "revenue": 5029000000,
        "costOfRevenue": 0,
        "grossProfit": 5029000000,
        "grossProfitRatio": 1,
        "researchAndDevelopmentExpenses": 0,
        "generalAndAdministrativeExpenses": 0,
        "sellingAndMarketingExpenses": 0,
        "sellingGeneralAndAdministrativeExpenses": 0,
        "otherExpenses": 0,
        "operatingExpenses": 0,
        "costAndExpenses": 0,
        "interestIncome": 0,
        "interestExpense": 0,
        "depreciationAndAmortization": 0,
        "ebitda": 5029000000,
        "ebitdaratio": 1,
        "operatingIncome": 5029000000,
        "operatingIncomeRatio": 1,
        "totalOtherIncomeExpensesNet": 0,
        "incomeBeforeTax": 5029000000,
        "incomeBeforeTaxRatio": 1,
        "incomeTaxExpense": 0,
        "netIncome": 435000000,
        "netIncomeRatio": 0.0864983098,
        "eps": 1.35,
        "epsdiluted": 1.35,
        "weightedAverageShsOut": 324200000,
        "weightedAverageShsOutDil": 324200000,
        "link": "",
        "finalLink": ""
    },
    {
        "date": "1988-06-30",
        "symbol": "KODK",
        "reportedCurrency": "USD",
        "cik": "0000031235",
        "fillingDate": "1988-06-30",
        "acceptedDate": "1988-06-29 20:00:00",
        "calendarYear": "1988",
        "period": "Q2",
        "revenue": 4134000000,
        "costOfRevenue": 0,
        "grossProfit": 4134000000,
        "grossProfitRatio": 1,
        "researchAndDevelopmentExpenses": 0,
        "generalAndAdministrativeExpenses": 0,
        "sellingAndMarketingExpenses": 0,
        "sellingGeneralAndAdministrativeExpenses": 0,
        "otherExpenses": 0,
        "operatingExpenses": 0,
        "costAndExpenses": 0,
        "interestIncome": 0,
        "interestExpense": 0,
        "depreciationAndAmortization": 0,
        "ebitda": 4134000000,
        "ebitdaratio": 1,
        "operatingIncome": 4134000000,
        "operatingIncomeRatio": 1,
        "totalOtherIncomeExpensesNet": 0,
        "incomeBeforeTax": 4134000000,
        "incomeBeforeTaxRatio": 1,
        "incomeTaxExpense": 0,
        "netIncome": 390000000,
        "netIncomeRatio": 0.0943396226,
        "eps": 1.2,
        "epsdiluted": 1.2,
        "weightedAverageShsOut": 324371000,
        "weightedAverageShsOutDil": 324371000,
        "link": "",
        "finalLink": ""
    },
    {
        "date": "1988-03-31",
        "symbol": "KODK",
        "reportedCurrency": "USD",
        "cik": "0000031235",
        "fillingDate": "1988-03-31",
        "acceptedDate": "1988-03-30 19:00:00",
        "calendarYear": "1988",
        "period": "Q1",
        "revenue": 3328300000,
        "costOfRevenue": 0,
        "grossProfit": 3328300000,
        "grossProfitRatio": 1,
        "researchAndDevelopmentExpenses": 0,
        "generalAndAdministrativeExpenses": 0,
        "sellingAndMarketingExpenses": 0,
        "sellingGeneralAndAdministrativeExpenses": 0,
        "otherExpenses": 0,
        "operatingExpenses": 0,
        "costAndExpenses": 0,
        "interestIncome": 0,
        "interestExpense": 0,
        "depreciationAndAmortization": 0,
        "ebitda": 3328300000,
        "ebitdaratio": 1,
        "operatingIncome": 3328300000,
        "operatingIncomeRatio": 1,
        "totalOtherIncomeExpensesNet": 0,
        "incomeBeforeTax": 3328300000,
        "incomeBeforeTaxRatio": 1,
        "incomeTaxExpense": 0,
        "netIncome": 260000000,
        "netIncomeRatio": 0.0781179581,
        "eps": 0.8,
        "epsdiluted": 0.8,
        "weightedAverageShsOut": 324371000,
        "weightedAverageShsOutDil": 324371000,
        "link": "",
        "finalLink": ""
    },
    {
        "date": "1987-12-31",
        "symbol": "KODK",
        "reportedCurrency": "USD",
        "cik": "0000031235",
        "fillingDate": "1987-12-31",
        "acceptedDate": "1987-12-30 19:00:00",
        "calendarYear": "1987",
        "period": "Q4",
        "revenue": 3529000000,
        "costOfRevenue": 0,
        "grossProfit": 3529000000,
        "grossProfitRatio": 1,
        "researchAndDevelopmentExpenses": 0,
        "generalAndAdministrativeExpenses": 0,
        "sellingAndMarketingExpenses": 0,
        "sellingGeneralAndAdministrativeExpenses": 0,
        "otherExpenses": 11194000000,
        "operatingExpenses": 11194000000,
        "costAndExpenses": 11194000000,
        "interestIncome": 0,
        "interestExpense": 0,
        "depreciationAndAmortization": 0,
        "ebitda": -7665000000,
        "ebitdaratio": -2.1720034004,
        "operatingIncome": -7665000000,
        "operatingIncomeRatio": -2.1720034004,
        "totalOtherIncomeExpensesNet": 0,
        "incomeBeforeTax": -7665000000,
        "incomeBeforeTaxRatio": -2.1720034004,
        "incomeTaxExpense": 0,
        "netIncome": 242000000,
        "netIncomeRatio": 0.068574667,
        "eps": 0.75,
        "epsdiluted": 0.71,
        "weightedAverageShsOut": 324371000,
        "weightedAverageShsOutDil": 338907000,
        "link": "",
        "finalLink": ""
    },
    {
        "date": "1987-09-30",
        "symbol": "KODK",
        "reportedCurrency": "USD",
        "cik": "0000031235",
        "fillingDate": "1987-09-30",
        "acceptedDate": "1987-09-29 20:00:00",
        "calendarYear": "1987",
        "period": "Q3",
        "revenue": 3914000000,
        "costOfRevenue": 0,
        "grossProfit": 3914000000,
        "grossProfitRatio": 1,
        "researchAndDevelopmentExpenses": 0,
        "generalAndAdministrativeExpenses": 0,
        "sellingAndMarketingExpenses": 0,
        "sellingGeneralAndAdministrativeExpenses": 0,
        "otherExpenses": 0,
        "operatingExpenses": 0,
        "costAndExpenses": 0,
        "interestIncome": 0,
        "interestExpense": 0,
        "depreciationAndAmortization": 0,
        "ebitda": 3914000000,
        "ebitdaratio": 1,
        "operatingIncome": 3914000000,
        "operatingIncomeRatio": 1,
        "totalOtherIncomeExpensesNet": 0,
        "incomeBeforeTax": 3914000000,
        "incomeBeforeTaxRatio": 1,
        "incomeTaxExpense": 0,
        "netIncome": 396100000,
        "netIncomeRatio": 0.1012008176,
        "eps": 1.18,
        "epsdiluted": 1.18,
        "weightedAverageShsOut": 338907000,
        "weightedAverageShsOutDil": 338907000,
        "link": "",
        "finalLink": ""
    },
    {
        "date": "1987-06-30",
        "symbol": "KODK",
        "reportedCurrency": "USD",
        "cik": "0000031235",
        "fillingDate": "1987-06-30",
        "acceptedDate": "1987-06-29 20:00:00",
        "calendarYear": "1987",
        "period": "Q2",
        "revenue": 3207000000,
        "costOfRevenue": 0,
        "grossProfit": 3207000000,
        "grossProfitRatio": 1,
        "researchAndDevelopmentExpenses": 0,
        "generalAndAdministrativeExpenses": 0,
        "sellingAndMarketingExpenses": 0,
        "sellingGeneralAndAdministrativeExpenses": 0,
        "otherExpenses": 0,
        "operatingExpenses": 0,
        "costAndExpenses": 0,
        "interestIncome": 0,
        "interestExpense": 0,
        "depreciationAndAmortization": 0,
        "ebitda": 3207000000,
        "ebitdaratio": 1,
        "operatingIncome": 3207000000,
        "operatingIncomeRatio": 1,
        "totalOtherIncomeExpensesNet": 0,
        "incomeBeforeTax": 3207000000,
        "incomeBeforeTaxRatio": 1,
        "incomeTaxExpense": 0,
        "netIncome": 361900000,
        "netIncomeRatio": 0.1128468974,
        "eps": 1.06,
        "epsdiluted": 1.06,
        "weightedAverageShsOut": 339050000,
        "weightedAverageShsOutDil": 339050000,
        "link": "",
        "finalLink": ""
    },
    {
        "date": "1987-03-31",
        "symbol": "KODK",
        "reportedCurrency": "USD",
        "cik": "0000031235",
        "fillingDate": "1987-03-31",
        "acceptedDate": "1987-03-30 19:00:00",
        "calendarYear": "1987",
        "period": "Q1",
        "revenue": 2655000000,
        "costOfRevenue": 0,
        "grossProfit": 2655000000,
        "grossProfitRatio": 1,
        "researchAndDevelopmentExpenses": 0,
        "generalAndAdministrativeExpenses": 0,
        "sellingAndMarketingExpenses": 0,
        "sellingGeneralAndAdministrativeExpenses": 0,
        "otherExpenses": 0,
        "operatingExpenses": 0,
        "costAndExpenses": 0,
        "interestIncome": 0,
        "interestExpense": 0,
        "depreciationAndAmortization": 0,
        "ebitda": 2655000000,
        "ebitdaratio": 1,
        "operatingIncome": 2655000000,
        "operatingIncomeRatio": 1,
        "totalOtherIncomeExpensesNet": 0,
        "incomeBeforeTax": 2655000000,
        "incomeBeforeTaxRatio": 1,
        "incomeTaxExpense": 0,
        "netIncome": 178000000,
        "netIncomeRatio": 0.0670433145,
        "eps": 0.53,
        "epsdiluted": 0.53,
        "weightedAverageShsOut": 338675000,
        "weightedAverageShsOutDil": 338675000,
        "link": "",
        "finalLink": ""
    },
    {
        "date": "1986-12-31",
        "symbol": "KODK",
        "reportedCurrency": "USD",
        "cik": "0000031235",
        "fillingDate": "1986-12-31",
        "acceptedDate": "1986-12-30 19:00:00",
        "calendarYear": "1986",
        "period": "Q4",
        "revenue": 3025500000,
        "costOfRevenue": 0,
        "grossProfit": 3025500000,
        "grossProfitRatio": 1,
        "researchAndDevelopmentExpenses": 0,
        "generalAndAdministrativeExpenses": 0,
        "sellingAndMarketingExpenses": 0,
        "sellingGeneralAndAdministrativeExpenses": 0,
        "otherExpenses": 10306000000,
        "operatingExpenses": 10306000000,
        "costAndExpenses": 10306000000,
        "interestIncome": 0,
        "interestExpense": 0,
        "depreciationAndAmortization": 0,
        "ebitda": -7280500000,
        "ebitdaratio": -2.4063791109,
        "operatingIncome": -7280500000,
        "operatingIncomeRatio": -2.4063791109,
        "totalOtherIncomeExpensesNet": 0,
        "incomeBeforeTax": -7280500000,
        "incomeBeforeTaxRatio": -2.4063791109,
        "incomeTaxExpense": 0,
        "netIncome": 74600000,
        "netIncomeRatio": 0.0246570815,
        "eps": 0.22,
        "epsdiluted": 0.22,
        "weightedAverageShsOut": 338363000,
        "weightedAverageShsOutDil": 338363000,
        "link": "",
        "finalLink": ""
    },
    {
        "date": "1986-09-30",
        "symbol": "KODK",
        "reportedCurrency": "USD",
        "cik": "0000031235",
        "fillingDate": "1986-09-30",
        "acceptedDate": "1986-09-29 20:00:00",
        "calendarYear": "1986",
        "period": "Q3",
        "revenue": 3484500000,
        "costOfRevenue": 0,
        "grossProfit": 3484500000,
        "grossProfitRatio": 1,
        "researchAndDevelopmentExpenses": 0,
        "generalAndAdministrativeExpenses": 0,
        "sellingAndMarketingExpenses": 0,
        "sellingGeneralAndAdministrativeExpenses": 0,
        "otherExpenses": 0,
        "operatingExpenses": 0,
        "costAndExpenses": 0,
        "interestIncome": 0,
        "interestExpense": 0,
        "depreciationAndAmortization": 0,
        "ebitda": 3484500000,
        "ebitdaratio": 1,
        "operatingIncome": 3484500000,
        "operatingIncomeRatio": 1,
        "totalOtherIncomeExpensesNet": 0,
        "incomeBeforeTax": 3484500000,
        "incomeBeforeTaxRatio": 1,
        "incomeTaxExpense": 0,
        "netIncome": 263000000,
        "netIncomeRatio": 0.0754771129,
        "eps": 0.78,
        "epsdiluted": 0.78,
        "weightedAverageShsOut": 338363000,
        "weightedAverageShsOutDil": 338363000,
        "link": "",
        "finalLink": ""
    },
    {
        "date": "1986-06-30",
        "symbol": "KODK",
        "reportedCurrency": "USD",
        "cik": "0000031235",
        "fillingDate": "1986-06-30",
        "acceptedDate": "1986-06-29 20:00:00",
        "calendarYear": "1986",
        "period": "Q2",
        "revenue": 2694600000,
        "costOfRevenue": 0,
        "grossProfit": 2694600000,
        "grossProfitRatio": 1,
        "researchAndDevelopmentExpenses": 0,
        "generalAndAdministrativeExpenses": 0,
        "sellingAndMarketingExpenses": 0,
        "sellingGeneralAndAdministrativeExpenses": 0,
        "otherExpenses": 0,
        "operatingExpenses": 0,
        "costAndExpenses": 0,
        "interestIncome": 0,
        "interestExpense": 0,
        "depreciationAndAmortization": 0,
        "ebitda": 2694600000,
        "ebitdaratio": 1,
        "operatingIncome": 2694600000,
        "operatingIncomeRatio": 1,
        "totalOtherIncomeExpensesNet": 0,
        "incomeBeforeTax": 2694600000,
        "incomeBeforeTaxRatio": 1,
        "incomeTaxExpense": 0,
        "netIncome": -12200000,
        "netIncomeRatio": -0.0045275737,
        "eps": -0.04,
        "epsdiluted": -0.04,
        "weightedAverageShsOut": 338680000,
        "weightedAverageShsOutDil": 338680000,
        "link": "",
        "finalLink": ""
    },
    {
        "date": "1986-03-31",
        "symbol": "KODK",
        "reportedCurrency": "USD",
        "cik": "0000031235",
        "fillingDate": "1986-03-31",
        "acceptedDate": "1986-03-30 19:00:00",
        "calendarYear": "1986",
        "period": "Q1",
        "revenue": 2345400000,
        "costOfRevenue": 0,
        "grossProfit": 2345400000,
        "grossProfitRatio": 1,
        "researchAndDevelopmentExpenses": 0,
        "generalAndAdministrativeExpenses": 0,
        "sellingAndMarketingExpenses": 0,
        "sellingGeneralAndAdministrativeExpenses": 0,
        "otherExpenses": 0,
        "operatingExpenses": 0,
        "costAndExpenses": 0,
        "interestIncome": 0,
        "interestExpense": 0,
        "depreciationAndAmortization": 0,
        "ebitda": 2345400000,
        "ebitdaratio": 1,
        "operatingIncome": 2345400000,
        "operatingIncomeRatio": 1,
        "totalOtherIncomeExpensesNet": 0,
        "incomeBeforeTax": 2345400000,
        "incomeBeforeTaxRatio": 1,
        "incomeTaxExpense": 0,
        "netIncome": 48600000,
        "netIncomeRatio": 0.0207214121,
        "eps": 0.15,
        "epsdiluted": 0.15,
        "weightedAverageShsOut": 338345000,
        "weightedAverageShsOutDil": 338345000,
        "link": "",
        "finalLink": ""
    },
    {
        "date": "1985-12-31",
        "symbol": "KODK",
        "reportedCurrency": "USD",
        "cik": "0000031235",
        "fillingDate": "1985-12-31",
        "acceptedDate": "1985-12-30 19:00:00",
        "calendarYear": "1985",
        "period": "Q4",
        "revenue": 2816500000,
        "costOfRevenue": 0,
        "grossProfit": 2816500000,
        "grossProfitRatio": 1,
        "researchAndDevelopmentExpenses": 0,
        "generalAndAdministrativeExpenses": 0,
        "sellingAndMarketingExpenses": 0,
        "sellingGeneralAndAdministrativeExpenses": 0,
        "otherExpenses": 9507000000,
        "operatingExpenses": 9507000000,
        "costAndExpenses": 9507000000,
        "interestIncome": 0,
        "interestExpense": 0,
        "depreciationAndAmortization": 0,
        "ebitda": -6690500000,
        "ebitdaratio": -2.3754660039,
        "operatingIncome": -6690500000,
        "operatingIncomeRatio": -2.3754660039,
        "totalOtherIncomeExpensesNet": 0,
        "incomeBeforeTax": -6690500000,
        "incomeBeforeTaxRatio": -2.3754660039,
        "incomeTaxExpense": 0,
        "netIncome": -193600000,
        "netIncomeRatio": -0.0687377951,
        "eps": -0.57,
        "epsdiluted": -0.57,
        "weightedAverageShsOut": 338381000,
        "weightedAverageShsOutDil": 338610000,
        "link": "",
        "finalLink": ""
    },
    {
        "date": "1985-09-30",
        "symbol": "KODK",
        "reportedCurrency": "USD",
        "cik": "0000031235",
        "fillingDate": "1985-09-30",
        "acceptedDate": "1985-09-29 20:00:00",
        "calendarYear": "1985",
        "period": "Q3",
        "revenue": 3231700000,
        "costOfRevenue": 0,
        "grossProfit": 3231700000,
        "grossProfitRatio": 1,
        "researchAndDevelopmentExpenses": 0,
        "generalAndAdministrativeExpenses": 0,
        "sellingAndMarketingExpenses": 0,
        "sellingGeneralAndAdministrativeExpenses": 0,
        "otherExpenses": 0,
        "operatingExpenses": 0,
        "costAndExpenses": 0,
        "interestIncome": 0,
        "interestExpense": 0,
        "depreciationAndAmortization": 0,
        "ebitda": 3231700000,
        "ebitdaratio": 1,
        "operatingIncome": 3231700000,
        "operatingIncomeRatio": 1,
        "totalOtherIncomeExpensesNet": 0,
        "incomeBeforeTax": 3231700000,
        "incomeBeforeTaxRatio": 1,
        "incomeTaxExpense": 0,
        "netIncome": 246100000,
        "netIncomeRatio": 0.0761518705,
        "eps": 0.73,
        "epsdiluted": 0.73,
        "weightedAverageShsOut": 338610000,
        "weightedAverageShsOutDil": 338610000,
        "link": "",
        "finalLink": ""
    }
]