[
    {
        "date": "2019-09-30",
        "symbol": "LPT",
        "reportedCurrency": "USD",
        "cik": "0000000000",
        "fillingDate": "2019-11-06",
        "acceptedDate": "2019-11-06 17:14:11",
        "calendarYear": "2019",
        "period": "Q3",
        "revenue": 163200000,
        "costOfRevenue": 35200000,
        "grossProfit": 128000000,
        "grossProfitRatio": 0.7843137255,
        "researchAndDevelopmentExpenses": 0,
        "generalAndAdministrativeExpenses": 13300000,
        "sellingAndMarketingExpenses": 72900000,
        "sellingGeneralAndAdministrativeExpenses": 86200000,
        "otherExpenses": 0,
        "operatingExpenses": 86200000,
        "costAndExpenses": 121328000,
        "interestIncome": 0,
        "interestExpense": 25741000,
        "depreciationAndAmortization": 43800000,
        "ebitda": 170841000,
        "ebitdaratio": 1.0468198529,
        "operatingIncome": 41800000,
        "operatingIncomeRatio": 0.256127451,
        "totalOtherIncomeExpensesNet": 19600000,
        "incomeBeforeTax": 61400000,
        "incomeBeforeTaxRatio": 0.3762254902,
        "incomeTaxExpense": 900000,
        "netIncome": 100400000,
        "netIncomeRatio": 0.6151960784,
        "eps": 0.66,
        "epsdiluted": 0.66,
        "weightedAverageShsOut": 151000000,
        "weightedAverageShsOutDil": 151000000,
        "link": "https://www.sec.gov/Archives/edgar/data/921112/000162828019013525/0001628280-19-013525-index.htm",
        "finalLink": "https://www.sec.gov/Archives/edgar/data/921112/000162828019013525/lpt930201910q.htm"
    },
    {
        "date": "2019-06-30",
        "symbol": "LPT",
        "reportedCurrency": "USD",
        "cik": "0000000000",
        "fillingDate": "2019-08-05",
        "acceptedDate": "2019-08-02 18:59:54",
        "calendarYear": "2019",
        "period": "Q2",
        "revenue": 161300000,
        "costOfRevenue": 38400000,
        "grossProfit": 122900000,
        "grossProfitRatio": 0.7619342839,
        "researchAndDevelopmentExpenses": 0,
        "generalAndAdministrativeExpenses": 13000000,
        "sellingAndMarketingExpenses": 71700000,
        "sellingGeneralAndAdministrativeExpenses": 84700000,
        "otherExpenses": 0,
        "operatingExpenses": 84700000,
        "costAndExpenses": 122988000,
        "interestIncome": 0,
        "interestExpense": 25384000,
        "depreciationAndAmortization": 43000000,
        "ebitda": 167884000,
        "ebitdaratio": 1.0408183509,
        "operatingIncome": 38200000,
        "operatingIncomeRatio": 0.2368257905,
        "totalOtherIncomeExpensesNet": 15700000,
        "incomeBeforeTax": 53900000,
        "incomeBeforeTaxRatio": 0.3341599504,
        "incomeTaxExpense": -300000,
        "netIncome": 99800000,
        "netIncomeRatio": 0.6187228766,
        "eps": 0.65,
        "epsdiluted": 0.65,
        "weightedAverageShsOut": 153400000,
        "weightedAverageShsOutDil": 153400000,
        "link": "https://www.sec.gov/Archives/edgar/data/921112/000162828019009889/0001628280-19-009889-index.htm",
        "finalLink": "https://www.sec.gov/Archives/edgar/data/921112/000162828019009889/lpt630201910q.htm"
    },
    {
        "date": "2019-03-31",
        "symbol": "LPT",
        "reportedCurrency": "USD",
        "cik": "0000000000",
        "fillingDate": "2019-05-08",
        "acceptedDate": "2019-05-08 16:48:14",
        "calendarYear": "2019",
        "period": "Q1",
        "revenue": 157200000,
        "costOfRevenue": 36900000,
        "grossProfit": 120300000,
        "grossProfitRatio": 0.7652671756,
        "researchAndDevelopmentExpenses": 0,
        "generalAndAdministrativeExpenses": 18800000,
        "sellingAndMarketingExpenses": 71200000,
        "sellingGeneralAndAdministrativeExpenses": 90000000,
        "otherExpenses": 0,
        "operatingExpenses": 90000000,
        "costAndExpenses": 127100000,
        "interestIncome": 0,
        "interestExpense": 25519000,
        "depreciationAndAmortization": 45700000,
        "ebitda": 126319000,
        "ebitdaratio": 0.8035559796,
        "operatingIncome": 30300000,
        "operatingIncomeRatio": 0.1927480916,
        "totalOtherIncomeExpensesNet": 10800000,
        "incomeBeforeTax": 41100000,
        "incomeBeforeTaxRatio": 0.2614503817,
        "incomeTaxExpense": 800000,
        "netIncome": 54300000,
        "netIncomeRatio": 0.3454198473,
        "eps": 0.37,
        "epsdiluted": 0.37,
        "weightedAverageShsOut": 148600000,
        "weightedAverageShsOutDil": 148600000,
        "link": "https://www.sec.gov/Archives/edgar/data/921112/000162828019006285/0001628280-19-006285-index.htm",
        "finalLink": "https://www.sec.gov/Archives/edgar/data/921112/000162828019006285/lpt331201910q.htm"
    },
    {
        "date": "2018-12-31",
        "symbol": "LPT",
        "reportedCurrency": "USD",
        "cik": "0000000000",
        "fillingDate": "2019-02-27",
        "acceptedDate": "2019-02-26 18:25:36",
        "calendarYear": "2018",
        "period": "Q4",
        "revenue": 177800000,
        "costOfRevenue": 56500000,
        "grossProfit": 121300000,
        "grossProfitRatio": 0.6822272216,
        "researchAndDevelopmentExpenses": 0,
        "generalAndAdministrativeExpenses": 10400000,
        "sellingAndMarketingExpenses": 73600000,
        "sellingGeneralAndAdministrativeExpenses": 84000000,
        "otherExpenses": 0,
        "operatingExpenses": 84000000,
        "costAndExpenses": 212417000,
        "interestIncome": 0,
        "interestExpense": 23048000,
        "depreciationAndAmortization": 43500000,
        "ebitda": 241648000,
        "ebitdaratio": 1.3591001125,
        "operatingIncome": 37300000,
        "operatingIncomeRatio": 0.2097862767,
        "totalOtherIncomeExpensesNet": 25000000,
        "incomeBeforeTax": 62300000,
        "incomeBeforeTaxRatio": 0.3503937008,
        "incomeTaxExpense": 5400000,
        "netIncome": 169700000,
        "netIncomeRatio": 0.9544431946,
        "eps": 1.14,
        "epsdiluted": 1.14,
        "weightedAverageShsOut": 148400000,
        "weightedAverageShsOutDil": 148400000,
        "link": "https://www.sec.gov/Archives/edgar/data/921112/000162828019002017/0001628280-19-002017-index.htm",
        "finalLink": "https://www.sec.gov/Archives/edgar/data/921112/000162828019002017/lpt1231201810k.htm"
    },
    {
        "date": "2018-09-30",
        "symbol": "LPT",
        "reportedCurrency": "USD",
        "cik": "0000000000",
        "fillingDate": "2018-11-02",
        "acceptedDate": "2018-11-02 17:13:19",
        "calendarYear": "2018",
        "period": "Q3",
        "revenue": 161300000,
        "costOfRevenue": 48500000,
        "grossProfit": 112800000,
        "grossProfitRatio": 0.6993180409,
        "researchAndDevelopmentExpenses": 0,
        "generalAndAdministrativeExpenses": 12400000,
        "sellingAndMarketingExpenses": 67300000,
        "sellingGeneralAndAdministrativeExpenses": 79700000,
        "otherExpenses": 0,
        "operatingExpenses": 79700000,
        "costAndExpenses": 107212000,
        "interestIncome": 0,
        "interestExpense": 22937000,
        "depreciationAndAmortization": 43800000,
        "ebitda": 217237000,
        "ebitdaratio": 1.3467885927,
        "operatingIncome": 33100000,
        "operatingIncomeRatio": 0.2052076875,
        "totalOtherIncomeExpensesNet": 12200000,
        "incomeBeforeTax": 45300000,
        "incomeBeforeTaxRatio": 0.2808431494,
        "incomeTaxExpense": 400000,
        "netIncome": 150100000,
        "netIncomeRatio": 0.9305641662,
        "eps": 1.01,
        "epsdiluted": 1.01,
        "weightedAverageShsOut": 148300000,
        "weightedAverageShsOutDil": 148300000,
        "link": "https://www.sec.gov/Archives/edgar/data/921112/000162828018013486/0001628280-18-013486-index.htm",
        "finalLink": "https://www.sec.gov/Archives/edgar/data/921112/000162828018013486/lpt930201810q.htm"
    },
    {
        "date": "2018-06-30",
        "symbol": "LPT",
        "reportedCurrency": "USD",
        "cik": "0000000000",
        "fillingDate": "2018-08-02",
        "acceptedDate": "2018-08-02 16:12:25",
        "calendarYear": "2018",
        "period": "Q2",
        "revenue": 164900000,
        "costOfRevenue": 114700000,
        "grossProfit": 50200000,
        "grossProfitRatio": 0.3044269254,
        "researchAndDevelopmentExpenses": 0,
        "generalAndAdministrativeExpenses": 11400000,
        "sellingAndMarketingExpenses": 88100000,
        "sellingGeneralAndAdministrativeExpenses": 99500000,
        "otherExpenses": 0,
        "operatingExpenses": 99500000,
        "costAndExpenses": 195935000,
        "interestIncome": 0,
        "interestExpense": 20895000,
        "depreciationAndAmortization": 43400000,
        "ebitda": 84795000,
        "ebitdaratio": 0.5142207398,
        "operatingIncome": -49300000,
        "operatingIncomeRatio": -0.2989690722,
        "totalOtherIncomeExpensesNet": 58800000,
        "incomeBeforeTax": 9500000,
        "incomeBeforeTaxRatio": 0.0576106731,
        "incomeTaxExpense": 900000,
        "netIncome": 19600000,
        "netIncomeRatio": 0.1188599151,
        "eps": 0.13,
        "epsdiluted": 0.13,
        "weightedAverageShsOut": 150200000,
        "weightedAverageShsOutDil": 150200000,
        "link": "https://www.sec.gov/Archives/edgar/data/921112/000162828018010340/0001628280-18-010340-index.htm",
        "finalLink": "https://www.sec.gov/Archives/edgar/data/921112/000162828018010340/lpt630201810q.htm"
    },
    {
        "date": "2018-03-31",
        "symbol": "LPT",
        "reportedCurrency": "USD",
        "cik": "0000000000",
        "fillingDate": "2018-05-03",
        "acceptedDate": "2018-05-02 17:54:47",
        "calendarYear": "2018",
        "period": "Q1",
        "revenue": 172700000,
        "costOfRevenue": 62900000,
        "grossProfit": 109800000,
        "grossProfitRatio": 0.6357845976,
        "researchAndDevelopmentExpenses": 0,
        "generalAndAdministrativeExpenses": 17100000,
        "sellingAndMarketingExpenses": 64900000,
        "sellingGeneralAndAdministrativeExpenses": 82000000,
        "otherExpenses": 0,
        "operatingExpenses": 82000000,
        "costAndExpenses": 130840000,
        "interestIncome": 0,
        "interestExpense": 22750000,
        "depreciationAndAmortization": 45100000,
        "ebitda": 208550000,
        "ebitdaratio": 1.2075854082,
        "operatingIncome": 27800000,
        "operatingIncomeRatio": 0.1609727852,
        "totalOtherIncomeExpensesNet": 13400000,
        "incomeBeforeTax": 41200000,
        "incomeBeforeTaxRatio": 0.2385639838,
        "incomeTaxExpense": 500000,
        "netIncome": 140200000,
        "netIncomeRatio": 0.8118123914,
        "eps": 0.95,
        "epsdiluted": 0.95,
        "weightedAverageShsOut": 147900000,
        "weightedAverageShsOutDil": 147900000,
        "link": "https://www.sec.gov/Archives/edgar/data/921112/000162828018005743/0001628280-18-005743-index.htm",
        "finalLink": "https://www.sec.gov/Archives/edgar/data/921112/000162828018005743/lpt331201810q.htm"
    },
    {
        "date": "2017-12-31",
        "symbol": "LPT",
        "reportedCurrency": "USD",
        "cik": "0000000000",
        "fillingDate": "2018-03-01",
        "acceptedDate": "2018-02-28 19:06:24",
        "calendarYear": "2017",
        "period": "Q4",
        "revenue": 177400000,
        "costOfRevenue": 69800000,
        "grossProfit": 107600000,
        "grossProfitRatio": 0.6065388952,
        "researchAndDevelopmentExpenses": 0,
        "generalAndAdministrativeExpenses": 12100000,
        "sellingAndMarketingExpenses": 124200000,
        "sellingGeneralAndAdministrativeExpenses": 136300000,
        "otherExpenses": 0,
        "operatingExpenses": 136300000,
        "costAndExpenses": 107926000,
        "interestIncome": 0,
        "interestExpense": 21512000,
        "depreciationAndAmortization": 44500000,
        "ebitda": 194912000,
        "ebitdaratio": 1.0987147689,
        "operatingIncome": -28600000,
        "operatingIncomeRatio": -0.1612175874,
        "totalOtherIncomeExpensesNet": 134500000,
        "incomeBeforeTax": 105900000,
        "incomeBeforeTaxRatio": 0.5969560316,
        "incomeTaxExpense": 500000,
        "netIncome": 128400000,
        "netIncomeRatio": 0.7237880496,
        "eps": 0.87,
        "epsdiluted": 0.87,
        "weightedAverageShsOut": 147900000,
        "weightedAverageShsOutDil": 147900000,
        "link": "https://www.sec.gov/Archives/edgar/data/921112/000162828018002551/0001628280-18-002551-index.htm",
        "finalLink": "https://www.sec.gov/Archives/edgar/data/921112/000162828018002551/lpt1231201710k.htm"
    },
    {
        "date": "2017-09-30",
        "symbol": "LPT",
        "reportedCurrency": "USD",
        "cik": "0000000000",
        "fillingDate": "2017-11-03",
        "acceptedDate": "2017-11-03 15:30:11",
        "calendarYear": "2017",
        "period": "Q3",
        "revenue": 171600000,
        "costOfRevenue": 58900000,
        "grossProfit": 112700000,
        "grossProfitRatio": 0.6567599068,
        "researchAndDevelopmentExpenses": 0,
        "generalAndAdministrativeExpenses": 11900000,
        "sellingAndMarketingExpenses": 50600000,
        "sellingGeneralAndAdministrativeExpenses": 62500000,
        "otherExpenses": 0,
        "operatingExpenses": 62500000,
        "costAndExpenses": 138778000,
        "interestIncome": 0,
        "interestExpense": 23060000,
        "depreciationAndAmortization": 47100000,
        "ebitda": 130260000,
        "ebitdaratio": 0.7590909091,
        "operatingIncome": 50200000,
        "operatingIncomeRatio": 0.2925407925,
        "totalOtherIncomeExpensesNet": 4100000,
        "incomeBeforeTax": 54300000,
        "incomeBeforeTaxRatio": 0.3164335664,
        "incomeTaxExpense": 600000,
        "netIncome": 59500000,
        "netIncomeRatio": 0.3467365967,
        "eps": 0.4,
        "epsdiluted": 0.4,
        "weightedAverageShsOut": 147600000,
        "weightedAverageShsOutDil": 147600000,
        "link": "https://www.sec.gov/Archives/edgar/data/921112/000162828017010834/0001628280-17-010834-index.htm",
        "finalLink": "https://www.sec.gov/Archives/edgar/data/921112/000162828017010834/lpt930201710q.htm"
    },
    {
        "date": "2017-06-30",
        "symbol": "LPT",
        "reportedCurrency": "USD",
        "cik": "0000000000",
        "fillingDate": "2017-08-03",
        "acceptedDate": "2017-08-03 16:36:11",
        "calendarYear": "2017",
        "period": "Q2",
        "revenue": 159600000,
        "costOfRevenue": 50400000,
        "grossProfit": 109200000,
        "grossProfitRatio": 0.6842105263,
        "researchAndDevelopmentExpenses": 0,
        "generalAndAdministrativeExpenses": 15200000,
        "sellingAndMarketingExpenses": 40900000,
        "sellingGeneralAndAdministrativeExpenses": 56100000,
        "otherExpenses": 0,
        "operatingExpenses": 56100000,
        "costAndExpenses": 119859000,
        "interestIncome": 0,
        "interestExpense": 21942000,
        "depreciationAndAmortization": 46300000,
        "ebitda": 119942000,
        "ebitdaratio": 0.7515162907,
        "operatingIncome": 53100000,
        "operatingIncomeRatio": 0.3327067669,
        "totalOtherIncomeExpensesNet": -12400000,
        "incomeBeforeTax": 40700000,
        "incomeBeforeTaxRatio": 0.2550125313,
        "incomeTaxExpense": 300000,
        "netIncome": 51400000,
        "netIncomeRatio": 0.3220551378,
        "eps": 0.34,
        "epsdiluted": 0.34,
        "weightedAverageShsOut": 149200000,
        "weightedAverageShsOutDil": 149200000,
        "link": "https://www.sec.gov/Archives/edgar/data/921112/000162828017008024/0001628280-17-008024-index.htm",
        "finalLink": "https://www.sec.gov/Archives/edgar/data/921112/000162828017008024/lpt630201710q.htm"
    },
    {
        "date": "2017-03-31",
        "symbol": "LPT",
        "reportedCurrency": "USD",
        "cik": "0000000000",
        "fillingDate": "2017-05-05",
        "acceptedDate": "2017-05-05 14:42:29",
        "calendarYear": "2017",
        "period": "Q1",
        "revenue": 156800000,
        "costOfRevenue": 47400000,
        "grossProfit": 109400000,
        "grossProfitRatio": 0.6977040816,
        "researchAndDevelopmentExpenses": 0,
        "generalAndAdministrativeExpenses": 17000000,
        "sellingAndMarketingExpenses": 41500000,
        "sellingGeneralAndAdministrativeExpenses": 58500000,
        "otherExpenses": 0,
        "operatingExpenses": 58500000,
        "costAndExpenses": 116571000,
        "interestIncome": 0,
        "interestExpense": 22343000,
        "depreciationAndAmortization": 46000000,
        "ebitda": 111943000,
        "ebitdaratio": 0.7139221939,
        "operatingIncome": 50900000,
        "operatingIncomeRatio": 0.3246173469,
        "totalOtherIncomeExpensesNet": -18100000,
        "incomeBeforeTax": 32800000,
        "incomeBeforeTaxRatio": 0.2091836735,
        "incomeTaxExpense": 600000,
        "netIncome": 43000000,
        "netIncomeRatio": 0.2742346939,
        "eps": 0.29,
        "epsdiluted": 0.29,
        "weightedAverageShsOut": 147400000,
        "weightedAverageShsOutDil": 147400000,
        "link": "https://www.sec.gov/Archives/edgar/data/921112/000162828017005030/0001628280-17-005030-index.htm",
        "finalLink": "https://www.sec.gov/Archives/edgar/data/921112/000162828017005030/lpt331201710q.htm"
    },
    {
        "date": "2016-12-31",
        "symbol": "LPT",
        "reportedCurrency": "USD",
        "cik": "0000000000",
        "fillingDate": "2017-03-01",
        "acceptedDate": "2017-03-01 12:15:46",
        "calendarYear": "2016",
        "period": "Q4",
        "revenue": 143000000,
        "costOfRevenue": 45300000,
        "grossProfit": 97700000,
        "grossProfitRatio": 0.6832167832,
        "researchAndDevelopmentExpenses": 0,
        "generalAndAdministrativeExpenses": 14300000,
        "sellingAndMarketingExpenses": 70700000,
        "sellingGeneralAndAdministrativeExpenses": 85000000,
        "otherExpenses": 0,
        "operatingExpenses": 85000000,
        "costAndExpenses": 128051000,
        "interestIncome": 0,
        "interestExpense": 24006000,
        "depreciationAndAmortization": 51100000,
        "ebitda": 270806000,
        "ebitdaratio": 1.8937482517,
        "operatingIncome": 12800000,
        "operatingIncomeRatio": 0.0895104895,
        "totalOtherIncomeExpensesNet": 173400000,
        "incomeBeforeTax": 186200000,
        "incomeBeforeTaxRatio": 1.3020979021,
        "incomeTaxExpense": 300000,
        "netIncome": 195400000,
        "netIncomeRatio": 1.3664335664,
        "eps": 1.3,
        "epsdiluted": 1.3,
        "weightedAverageShsOut": 150400000,
        "weightedAverageShsOutDil": 150400000,
        "link": "https://www.sec.gov/Archives/edgar/data/921112/000162828017002031/0001628280-17-002031-index.htm",
        "finalLink": "https://www.sec.gov/Archives/edgar/data/921112/000162828017002031/lpt1231201610k.htm"
    },
    {
        "date": "2016-09-30",
        "symbol": "LPT",
        "reportedCurrency": "USD",
        "cik": "0000000000",
        "fillingDate": "2016-11-03",
        "acceptedDate": "2016-11-03 16:40:21",
        "calendarYear": "2016",
        "period": "Q3",
        "revenue": 190900000,
        "costOfRevenue": 52500000,
        "grossProfit": 138400000,
        "grossProfitRatio": 0.7249869041,
        "researchAndDevelopmentExpenses": 0,
        "generalAndAdministrativeExpenses": 16200000,
        "sellingAndMarketingExpenses": 50300000,
        "sellingGeneralAndAdministrativeExpenses": 66500000,
        "otherExpenses": 0,
        "operatingExpenses": 66500000,
        "costAndExpenses": 115536000,
        "interestIncome": 0,
        "interestExpense": 29528000,
        "depreciationAndAmortization": 47600000,
        "ebitda": 131528000,
        "ebitdaratio": 0.6889889995,
        "operatingIncome": 71800000,
        "operatingIncomeRatio": 0.3761131482,
        "totalOtherIncomeExpensesNet": -25000000,
        "incomeBeforeTax": 46800000,
        "incomeBeforeTaxRatio": 0.2451545312,
        "incomeTaxExpense": 100000,
        "netIncome": 54300000,
        "netIncomeRatio": 0.2844421163,
        "eps": 0.37,
        "epsdiluted": 0.37,
        "weightedAverageShsOut": 147100000,
        "weightedAverageShsOutDil": 147100000,
        "link": "https://www.sec.gov/Archives/edgar/data/921112/000162828016020762/0001628280-16-020762-index.htm",
        "finalLink": "https://www.sec.gov/Archives/edgar/data/921112/000162828016020762/lpt930201610q.htm"
    },
    {
        "date": "2016-06-30",
        "symbol": "LPT",
        "reportedCurrency": "USD",
        "cik": "0000000000",
        "fillingDate": "2016-08-04",
        "acceptedDate": "2016-08-04 16:31:04",
        "calendarYear": "2016",
        "period": "Q2",
        "revenue": 186700000,
        "costOfRevenue": 49900000,
        "grossProfit": 136800000,
        "grossProfitRatio": 0.7327262989,
        "researchAndDevelopmentExpenses": 0,
        "generalAndAdministrativeExpenses": 15600000,
        "sellingAndMarketingExpenses": 53600000,
        "sellingGeneralAndAdministrativeExpenses": 69200000,
        "otherExpenses": 0,
        "operatingExpenses": 69200000,
        "costAndExpenses": 119122000,
        "interestIncome": 0,
        "interestExpense": 30131000,
        "depreciationAndAmortization": 54200000,
        "ebitda": 134731000,
        "ebitdaratio": 0.7216443492,
        "operatingIncome": 67500000,
        "operatingIncomeRatio": 0.3615425817,
        "totalOtherIncomeExpensesNet": -21300000,
        "incomeBeforeTax": 46200000,
        "incomeBeforeTaxRatio": 0.2474558115,
        "incomeTaxExpense": 800000,
        "netIncome": 49600000,
        "netIncomeRatio": 0.2656668452,
        "eps": 0.34,
        "epsdiluted": 0.34,
        "weightedAverageShsOut": 146700000,
        "weightedAverageShsOutDil": 146700000,
        "link": "https://www.sec.gov/Archives/edgar/data/921112/000162828016018522/0001628280-16-018522-index.htm",
        "finalLink": "https://www.sec.gov/Archives/edgar/data/921112/000162828016018522/lpt630201610q.htm"
    },
    {
        "date": "2016-03-31",
        "symbol": "LPT",
        "reportedCurrency": "USD",
        "cik": "0000000000",
        "fillingDate": "2016-05-05",
        "acceptedDate": "2016-05-05 16:12:12",
        "calendarYear": "2016",
        "period": "Q1",
        "revenue": 190100000,
        "costOfRevenue": 53800000,
        "grossProfit": 136300000,
        "grossProfitRatio": 0.7169910573,
        "researchAndDevelopmentExpenses": 0,
        "generalAndAdministrativeExpenses": 21000000,
        "sellingAndMarketingExpenses": 54100000,
        "sellingGeneralAndAdministrativeExpenses": 75100000,
        "otherExpenses": 0,
        "operatingExpenses": 75100000,
        "costAndExpenses": 128897000,
        "interestIncome": 0,
        "interestExpense": 31412000,
        "depreciationAndAmortization": 54800000,
        "ebitda": 144612000,
        "ebitdaratio": 0.7607154129,
        "operatingIncome": 61200000,
        "operatingIncomeRatio": 0.3219358233,
        "totalOtherIncomeExpensesNet": -6200000,
        "incomeBeforeTax": 55000000,
        "incomeBeforeTaxRatio": 0.2893214098,
        "incomeTaxExpense": 800000,
        "netIncome": 57600000,
        "netIncomeRatio": 0.3029984219,
        "eps": 0.39,
        "epsdiluted": 0.39,
        "weightedAverageShsOut": 146500000,
        "weightedAverageShsOutDil": 146500000,
        "link": "https://www.sec.gov/Archives/edgar/data/921112/000162828016015712/0001628280-16-015712-index.htm",
        "finalLink": "https://www.sec.gov/Archives/edgar/data/921112/000162828016015712/lpt331201610q.htm"
    },
    {
        "date": "2015-12-31",
        "symbol": "LPT",
        "reportedCurrency": "USD",
        "cik": "0000000000",
        "fillingDate": "2016-02-26",
        "acceptedDate": "2016-02-26 13:57:37",
        "calendarYear": "2015",
        "period": "Q4",
        "revenue": 199400000,
        "costOfRevenue": 60600000,
        "grossProfit": 138800000,
        "grossProfitRatio": 0.6960882648,
        "researchAndDevelopmentExpenses": 0,
        "generalAndAdministrativeExpenses": 17300000,
        "sellingAndMarketingExpenses": 56600000,
        "sellingGeneralAndAdministrativeExpenses": 73900000,
        "otherExpenses": 0,
        "operatingExpenses": 73900000,
        "costAndExpenses": 134539000,
        "interestIncome": 0,
        "interestExpense": 32484000,
        "depreciationAndAmortization": 56100000,
        "ebitda": 170384000,
        "ebitdaratio": 0.8544834504,
        "operatingIncome": 64800000,
        "operatingIncomeRatio": 0.3249749248,
        "totalOtherIncomeExpensesNet": 16800000,
        "incomeBeforeTax": 81600000,
        "incomeBeforeTaxRatio": 0.409227683,
        "incomeTaxExpense": 100000,
        "netIncome": 81700000,
        "netIncomeRatio": 0.4097291876,
        "eps": 0.55,
        "epsdiluted": 0.55,
        "weightedAverageShsOut": 147700000,
        "weightedAverageShsOutDil": 147700000,
        "link": "https://www.sec.gov/Archives/edgar/data/921112/000162828016011773/0001628280-16-011773-index.htm",
        "finalLink": "https://www.sec.gov/Archives/edgar/data/921112/000162828016011773/lry1231201510k.htm"
    },
    {
        "date": "2015-09-30",
        "symbol": "LPT",
        "reportedCurrency": "USD",
        "cik": "0000000000",
        "fillingDate": "2015-11-04",
        "acceptedDate": "2015-11-04 12:44:59",
        "calendarYear": "2015",
        "period": "Q3",
        "revenue": 199000000,
        "costOfRevenue": 57400000,
        "grossProfit": 141600000,
        "grossProfitRatio": 0.7115577889,
        "researchAndDevelopmentExpenses": 0,
        "generalAndAdministrativeExpenses": 15600000,
        "sellingAndMarketingExpenses": 55700000,
        "sellingGeneralAndAdministrativeExpenses": 71300000,
        "otherExpenses": 0,
        "operatingExpenses": 71300000,
        "costAndExpenses": 128697000,
        "interestIncome": 0,
        "interestExpense": 33559000,
        "depreciationAndAmortization": 56500000,
        "ebitda": 181959000,
        "ebitdaratio": 0.9143668342,
        "operatingIncome": 70300000,
        "operatingIncomeRatio": 0.3532663317,
        "totalOtherIncomeExpensesNet": 24800000,
        "incomeBeforeTax": 95100000,
        "incomeBeforeTaxRatio": 0.4778894472,
        "incomeTaxExpense": 600000,
        "netIncome": 91300000,
        "netIncomeRatio": 0.4587939698,
        "eps": 0.61,
        "epsdiluted": 0.61,
        "weightedAverageShsOut": 149200000,
        "weightedAverageShsOutDil": 149200000,
        "link": "https://www.sec.gov/Archives/edgar/data/921112/000162828015008235/0001628280-15-008235-index.htm",
        "finalLink": "https://www.sec.gov/Archives/edgar/data/921112/000162828015008235/lpt930201510q.htm"
    },
    {
        "date": "2015-06-30",
        "symbol": "LPT",
        "reportedCurrency": "USD",
        "cik": "0000000000",
        "fillingDate": "2015-08-03",
        "acceptedDate": "2015-08-03 16:33:38",
        "calendarYear": "2015",
        "period": "Q2",
        "revenue": 203500000,
        "costOfRevenue": 58400000,
        "grossProfit": 145100000,
        "grossProfitRatio": 0.713022113,
        "researchAndDevelopmentExpenses": 0,
        "generalAndAdministrativeExpenses": 17100000,
        "sellingAndMarketingExpenses": 57800000,
        "sellingGeneralAndAdministrativeExpenses": 74900000,
        "otherExpenses": 0,
        "operatingExpenses": 74900000,
        "costAndExpenses": 133333000,
        "interestIncome": 0,
        "interestExpense": 35066000,
        "depreciationAndAmortization": 57800000,
        "ebitda": 129566000,
        "ebitdaratio": 0.6366879607,
        "operatingIncome": 70200000,
        "operatingIncomeRatio": 0.344963145,
        "totalOtherIncomeExpensesNet": -27300000,
        "incomeBeforeTax": 42900000,
        "incomeBeforeTaxRatio": 0.2108108108,
        "incomeTaxExpense": 1200000,
        "netIncome": 35500000,
        "netIncomeRatio": 0.1744471744,
        "eps": 0.24,
        "epsdiluted": 0.24,
        "weightedAverageShsOut": 149500000,
        "weightedAverageShsOutDil": 149500000,
        "link": "https://www.sec.gov/Archives/edgar/data/921112/000162828015005969/0001628280-15-005969-index.htm",
        "finalLink": "https://www.sec.gov/Archives/edgar/data/921112/000162828015005969/lry630201510q.htm"
    },
    {
        "date": "2015-03-31",
        "symbol": "LPT",
        "reportedCurrency": "USD",
        "cik": "0000000000",
        "fillingDate": "2015-04-30",
        "acceptedDate": "2015-04-30 12:41:26",
        "calendarYear": "2015",
        "period": "Q1",
        "revenue": 206900000,
        "costOfRevenue": 61700000,
        "grossProfit": 145200000,
        "grossProfitRatio": 0.7017883035,
        "researchAndDevelopmentExpenses": 0,
        "generalAndAdministrativeExpenses": 18800000,
        "sellingAndMarketingExpenses": 74600000,
        "sellingGeneralAndAdministrativeExpenses": 93400000,
        "otherExpenses": 0,
        "operatingExpenses": 93400000,
        "costAndExpenses": 155072000,
        "interestIncome": 0,
        "interestExpense": 34670000,
        "depreciationAndAmortization": 59400000,
        "ebitda": 125870000,
        "ebitdaratio": 0.6083615273,
        "operatingIncome": 51800000,
        "operatingIncomeRatio": 0.250362494,
        "totalOtherIncomeExpensesNet": -26000000,
        "incomeBeforeTax": 25800000,
        "incomeBeforeTaxRatio": 0.1246979217,
        "incomeTaxExpense": 800000,
        "netIncome": 31000000,
        "netIncomeRatio": 0.1498308362,
        "eps": 0.21,
        "epsdiluted": 0.21,
        "weightedAverageShsOut": 149000000,
        "weightedAverageShsOutDil": 149000000,
        "link": "https://www.sec.gov/Archives/edgar/data/921112/000162828015003102/0001628280-15-003102-index.htm",
        "finalLink": "https://www.sec.gov/Archives/edgar/data/921112/000162828015003102/lry331201510q.htm"
    },
    {
        "date": "2014-12-31",
        "symbol": "LPT",
        "reportedCurrency": "USD",
        "cik": "0000000000",
        "fillingDate": "2015-02-26",
        "acceptedDate": "2015-02-26 16:05:00",
        "calendarYear": "2014",
        "period": "Q4",
        "revenue": 203700000,
        "costOfRevenue": 60400000,
        "grossProfit": 143300000,
        "grossProfitRatio": 0.7034855179,
        "researchAndDevelopmentExpenses": 0,
        "generalAndAdministrativeExpenses": 15300000,
        "sellingAndMarketingExpenses": 58800000,
        "sellingGeneralAndAdministrativeExpenses": 74100000,
        "otherExpenses": 0,
        "operatingExpenses": 74100000,
        "costAndExpenses": 134407000,
        "interestIncome": 0,
        "interestExpense": 36252000,
        "depreciationAndAmortization": 59900000,
        "ebitda": 179252000,
        "ebitdaratio": 0.8799803633,
        "operatingIncome": 69200000,
        "operatingIncomeRatio": 0.3397152676,
        "totalOtherIncomeExpensesNet": 12800000,
        "incomeBeforeTax": 82000000,
        "incomeBeforeTaxRatio": 0.4025527737,
        "incomeTaxExpense": 500000,
        "netIncome": 82600000,
        "netIncomeRatio": 0.4054982818,
        "eps": 0.56,
        "epsdiluted": 0.56,
        "weightedAverageShsOut": 148600000,
        "weightedAverageShsOutDil": 148600000,
        "link": "https://www.sec.gov/Archives/edgar/data/921112/000162828015001086/0001628280-15-001086-index.htm",
        "finalLink": "https://www.sec.gov/Archives/edgar/data/921112/000162828015001086/lry1231201410k.htm"
    },
    {
        "date": "2014-09-30",
        "symbol": "LPT",
        "reportedCurrency": "USD",
        "cik": "0000000000",
        "fillingDate": "2014-10-30",
        "acceptedDate": "2014-10-30 15:44:33",
        "calendarYear": "2014",
        "period": "Q3",
        "revenue": 198400000,
        "costOfRevenue": 58700000,
        "grossProfit": 139700000,
        "grossProfitRatio": 0.7041330645,
        "researchAndDevelopmentExpenses": 0,
        "generalAndAdministrativeExpenses": 14700000,
        "sellingAndMarketingExpenses": 58600000,
        "sellingGeneralAndAdministrativeExpenses": 73300000,
        "otherExpenses": 0,
        "operatingExpenses": 73300000,
        "costAndExpenses": 132155000,
        "interestIncome": 0,
        "interestExpense": 37958000,
        "depreciationAndAmortization": 59700000,
        "ebitda": 132958000,
        "ebitdaratio": 0.6701512097,
        "operatingIncome": 66300000,
        "operatingIncomeRatio": 0.3341733871,
        "totalOtherIncomeExpensesNet": -31700000,
        "incomeBeforeTax": 34600000,
        "incomeBeforeTaxRatio": 0.1743951613,
        "incomeTaxExpense": 900000,
        "netIncome": 34400000,
        "netIncomeRatio": 0.1733870968,
        "eps": 0.23,
        "epsdiluted": 0.23,
        "weightedAverageShsOut": 148100000,
        "weightedAverageShsOutDil": 148100000,
        "link": "https://www.sec.gov/Archives/edgar/data/921112/000144530514004608/0001445305-14-004608-index.htm",
        "finalLink": "https://www.sec.gov/Archives/edgar/data/921112/000144530514004608/lry930201410q.htm"
    },
    {
        "date": "2014-06-30",
        "symbol": "LPT",
        "reportedCurrency": "USD",
        "cik": "0000000000",
        "fillingDate": "2014-07-31",
        "acceptedDate": "2014-07-31 16:09:49",
        "calendarYear": "2014",
        "period": "Q2",
        "revenue": 193000000,
        "costOfRevenue": 57700000,
        "grossProfit": 135300000,
        "grossProfitRatio": 0.7010362694,
        "researchAndDevelopmentExpenses": 0,
        "generalAndAdministrativeExpenses": 15000000,
        "sellingAndMarketingExpenses": 57800000,
        "sellingGeneralAndAdministrativeExpenses": 72800000,
        "otherExpenses": 0,
        "operatingExpenses": 72800000,
        "costAndExpenses": 130489000,
        "interestIncome": 0,
        "interestExpense": 38470000,
        "depreciationAndAmortization": 58900000,
        "ebitda": 127270000,
        "ebitdaratio": 0.6594300518,
        "operatingIncome": 62400000,
        "operatingIncomeRatio": 0.3233160622,
        "totalOtherIncomeExpensesNet": -33400000,
        "incomeBeforeTax": 29000000,
        "incomeBeforeTaxRatio": 0.1502590674,
        "incomeTaxExpense": 700000,
        "netIncome": 29200000,
        "netIncomeRatio": 0.1512953368,
        "eps": 0.2,
        "epsdiluted": 0.2,
        "weightedAverageShsOut": 147800000,
        "weightedAverageShsOutDil": 147800000,
        "link": "https://www.sec.gov/Archives/edgar/data/921112/000144530514003296/0001445305-14-003296-index.htm",
        "finalLink": "https://www.sec.gov/Archives/edgar/data/921112/000144530514003296/lry630201410q.htm"
    },
    {
        "date": "2014-03-31",
        "symbol": "LPT",
        "reportedCurrency": "USD",
        "cik": "0000000000",
        "fillingDate": "2014-05-01",
        "acceptedDate": "2014-05-01 15:23:30",
        "calendarYear": "2014",
        "period": "Q1",
        "revenue": 197600000,
        "costOfRevenue": 63100000,
        "grossProfit": 134500000,
        "grossProfitRatio": 0.6806680162,
        "researchAndDevelopmentExpenses": 0,
        "generalAndAdministrativeExpenses": 18400000,
        "sellingAndMarketingExpenses": 56700000,
        "sellingGeneralAndAdministrativeExpenses": 75100000,
        "otherExpenses": 0,
        "operatingExpenses": 75100000,
        "costAndExpenses": 138157000,
        "interestIncome": 0,
        "interestExpense": 39207000,
        "depreciationAndAmortization": 57600000,
        "ebitda": 169207000,
        "ebitdaratio": 0.8563107287,
        "operatingIncome": 59400000,
        "operatingIncomeRatio": 0.3006072874,
        "totalOtherIncomeExpensesNet": -36800000,
        "incomeBeforeTax": 22600000,
        "incomeBeforeTaxRatio": 0.1143724696,
        "incomeTaxExpense": 500000,
        "netIncome": 71900000,
        "netIncomeRatio": 0.3638663968,
        "eps": 0.49,
        "epsdiluted": 0.49,
        "weightedAverageShsOut": 147100000,
        "weightedAverageShsOutDil": 147100000,
        "link": "https://www.sec.gov/Archives/edgar/data/921112/000144530514001758/0001445305-14-001758-index.htm",
        "finalLink": "https://www.sec.gov/Archives/edgar/data/921112/000144530514001758/lry331201410q.htm"
    },
    {
        "date": "2013-12-31",
        "symbol": "LPT",
        "reportedCurrency": "USD",
        "cik": "0000000000",
        "fillingDate": "2014-02-28",
        "acceptedDate": "2014-02-28 15:02:38",
        "calendarYear": "2013",
        "period": "Q4",
        "revenue": 192400000,
        "costOfRevenue": 59200000,
        "grossProfit": 133200000,
        "grossProfitRatio": 0.6923076923,
        "researchAndDevelopmentExpenses": 0,
        "generalAndAdministrativeExpenses": 21100000,
        "sellingAndMarketingExpenses": 60100000,
        "sellingGeneralAndAdministrativeExpenses": 81200000,
        "otherExpenses": 0,
        "operatingExpenses": 81200000,
        "costAndExpenses": 89018000,
        "interestIncome": 0,
        "interestExpense": 25974000,
        "depreciationAndAmortization": 67800000,
        "ebitda": 164474000,
        "ebitdaratio": 0.8548544699,
        "operatingIncome": 52000000,
        "operatingIncomeRatio": 0.2702702703,
        "totalOtherIncomeExpensesNet": -33200000,
        "incomeBeforeTax": 18800000,
        "incomeBeforeTaxRatio": 0.0977130977,
        "incomeTaxExpense": 1000000,
        "netIncome": 69700000,
        "netIncomeRatio": 0.3622661123,
        "eps": 0.48,
        "epsdiluted": 0.48,
        "weightedAverageShsOut": 146700000,
        "weightedAverageShsOutDil": 146700000,
        "link": "https://www.sec.gov/Archives/edgar/data/921112/000144530514000732/0001445305-14-000732-index.htm",
        "finalLink": "https://www.sec.gov/Archives/edgar/data/921112/000144530514000732/lry1231201310k.htm"
    },
    {
        "date": "2013-09-30",
        "symbol": "LPT",
        "reportedCurrency": "USD",
        "cik": "0000000000",
        "fillingDate": "2013-11-06",
        "acceptedDate": "2013-11-06 15:04:46",
        "calendarYear": "2013",
        "period": "Q3",
        "revenue": 155300000,
        "costOfRevenue": 46600000,
        "grossProfit": 108700000,
        "grossProfitRatio": 0.6999356085,
        "researchAndDevelopmentExpenses": 0,
        "generalAndAdministrativeExpenses": 17200000,
        "sellingAndMarketingExpenses": 39100000,
        "sellingGeneralAndAdministrativeExpenses": 56300000,
        "otherExpenses": 0,
        "operatingExpenses": 56300000,
        "costAndExpenses": 120587000,
        "interestIncome": 0,
        "interestExpense": 37412000,
        "depreciationAndAmortization": 46300000,
        "ebitda": 113012000,
        "ebitdaratio": 0.7277012234,
        "operatingIncome": 52400000,
        "operatingIncomeRatio": 0.3374114617,
        "totalOtherIncomeExpensesNet": -29000000,
        "incomeBeforeTax": 23400000,
        "incomeBeforeTaxRatio": 0.1506761108,
        "incomeTaxExpense": 600000,
        "netIncome": 28700000,
        "netIncomeRatio": 0.1848036059,
        "eps": 0.21,
        "epsdiluted": 0.21,
        "weightedAverageShsOut": 136300000,
        "weightedAverageShsOutDil": 136300000,
        "link": "https://www.sec.gov/Archives/edgar/data/921112/000144530513002752/0001445305-13-002752-index.htm",
        "finalLink": "https://www.sec.gov/Archives/edgar/data/921112/000144530513002752/lry930201310q.htm"
    },
    {
        "date": "2013-06-30",
        "symbol": "LPT",
        "reportedCurrency": "USD",
        "cik": "0000000000",
        "fillingDate": "2013-07-31",
        "acceptedDate": "2013-07-31 16:11:47",
        "calendarYear": "2013",
        "period": "Q2",
        "revenue": 151000000,
        "costOfRevenue": 45600000,
        "grossProfit": 105400000,
        "grossProfitRatio": 0.698013245,
        "researchAndDevelopmentExpenses": 0,
        "generalAndAdministrativeExpenses": 16500000,
        "sellingAndMarketingExpenses": 37500000,
        "sellingGeneralAndAdministrativeExpenses": 54000000,
        "otherExpenses": 0,
        "operatingExpenses": 54000000,
        "costAndExpenses": 115004000,
        "interestIncome": 0,
        "interestExpense": 31795000,
        "depreciationAndAmortization": 45400000,
        "ebitda": 117995000,
        "ebitdaratio": 0.7814238411,
        "operatingIncome": 51500000,
        "operatingIncomeRatio": 0.3410596026,
        "totalOtherIncomeExpensesNet": -22800000,
        "incomeBeforeTax": 28700000,
        "incomeBeforeTaxRatio": 0.1900662252,
        "incomeTaxExpense": 700000,
        "netIncome": 40100000,
        "netIncomeRatio": 0.2655629139,
        "eps": 0.28,
        "epsdiluted": 0.28,
        "weightedAverageShsOut": 142900000,
        "weightedAverageShsOutDil": 142900000,
        "link": "https://www.sec.gov/Archives/edgar/data/921112/000144530513001766/0001445305-13-001766-index.htm",
        "finalLink": "https://www.sec.gov/Archives/edgar/data/921112/000144530513001766/lry630201310q.htm"
    },
    {
        "date": "2013-03-31",
        "symbol": "LPT",
        "reportedCurrency": "USD",
        "cik": "0000000000",
        "fillingDate": "2013-04-26",
        "acceptedDate": "2013-04-26 14:11:03",
        "calendarYear": "2013",
        "period": "Q1",
        "revenue": 147100000,
        "costOfRevenue": 43200000,
        "grossProfit": 103900000,
        "grossProfitRatio": 0.7063222298,
        "researchAndDevelopmentExpenses": 0,
        "generalAndAdministrativeExpenses": 19800000,
        "sellingAndMarketingExpenses": 37200000,
        "sellingGeneralAndAdministrativeExpenses": 57000000,
        "otherExpenses": 0,
        "operatingExpenses": 57000000,
        "costAndExpenses": 118274000,
        "interestIncome": 0,
        "interestExpense": 31934000,
        "depreciationAndAmortization": 45600000,
        "ebitda": 149234000,
        "ebitdaratio": 1.014507138,
        "operatingIncome": 46900000,
        "operatingIncomeRatio": 0.3188307274,
        "totalOtherIncomeExpensesNet": -23300000,
        "incomeBeforeTax": 23600000,
        "incomeBeforeTaxRatio": 0.1604350782,
        "incomeTaxExpense": 500000,
        "netIncome": 71200000,
        "netIncomeRatio": 0.4840244731,
        "eps": 0.59,
        "epsdiluted": 0.59,
        "weightedAverageShsOut": 120600000,
        "weightedAverageShsOutDil": 120600000,
        "link": "https://www.sec.gov/Archives/edgar/data/921112/000144530513000930/0001445305-13-000930-index.htm",
        "finalLink": "https://www.sec.gov/Archives/edgar/data/921112/000144530513000930/lry331201310q.htm"
    },
    {
        "date": "2012-12-31",
        "symbol": "LPT",
        "reportedCurrency": "USD",
        "cik": "0000000000",
        "fillingDate": "2013-02-26",
        "acceptedDate": "2013-02-26 16:28:45",
        "calendarYear": "2012",
        "period": "Q4",
        "revenue": 63100000,
        "costOfRevenue": 17100000,
        "grossProfit": 46000000,
        "grossProfitRatio": 0.7290015848,
        "researchAndDevelopmentExpenses": 0,
        "generalAndAdministrativeExpenses": 18300000,
        "sellingAndMarketingExpenses": 15200000,
        "sellingGeneralAndAdministrativeExpenses": 33500000,
        "otherExpenses": 0,
        "operatingExpenses": 33500000,
        "costAndExpenses": 117320000,
        "interestIncome": 0,
        "interestExpense": 29738000,
        "depreciationAndAmortization": 43000000,
        "ebitda": 111438000,
        "ebitdaratio": 1.7660538827,
        "operatingIncome": 12500000,
        "operatingIncomeRatio": 0.1980982567,
        "totalOtherIncomeExpensesNet": 0,
        "incomeBeforeTax": 0,
        "incomeBeforeTaxRatio": 0,
        "incomeTaxExpense": 300000,
        "netIncome": 38400000,
        "netIncomeRatio": 0.6085578447,
        "eps": 0.33,
        "epsdiluted": 0.33,
        "weightedAverageShsOut": 117600000,
        "weightedAverageShsOutDil": 117600000,
        "link": "https://www.sec.gov/Archives/edgar/data/921112/000144530513000344/0001445305-13-000344-index.htm",
        "finalLink": "https://www.sec.gov/Archives/edgar/data/921112/000144530513000344/lry1231201210k.htm"
    },
    {
        "date": "2012-09-30",
        "symbol": "LPT",
        "reportedCurrency": "USD",
        "cik": "0000000000",
        "fillingDate": "2012-11-01",
        "acceptedDate": "2012-11-01 16:17:04",
        "calendarYear": "2012",
        "period": "Q3",
        "revenue": 167700000,
        "costOfRevenue": 53500000,
        "grossProfit": 114200000,
        "grossProfitRatio": 0.6809779368,
        "researchAndDevelopmentExpenses": 0,
        "generalAndAdministrativeExpenses": 14600000,
        "sellingAndMarketingExpenses": 40100000,
        "sellingGeneralAndAdministrativeExpenses": 54700000,
        "otherExpenses": 0,
        "operatingExpenses": 54700000,
        "costAndExpenses": 109590000,
        "interestIncome": 0,
        "interestExpense": 29783000,
        "depreciationAndAmortization": 41400000,
        "ebitda": 99283000,
        "ebitdaratio": 0.5920274299,
        "operatingIncome": 59500000,
        "operatingIncomeRatio": 0.3548002385,
        "totalOtherIncomeExpensesNet": -26500000,
        "incomeBeforeTax": 33000000,
        "incomeBeforeTaxRatio": 0.1967799642,
        "incomeTaxExpense": 300000,
        "netIncome": 27800000,
        "netIncomeRatio": 0.1657722123,
        "eps": 0.24,
        "epsdiluted": 0.24,
        "weightedAverageShsOut": 118000000,
        "weightedAverageShsOutDil": 118000000,
        "link": "https://www.sec.gov/Archives/edgar/data/921112/000092111212000010/0000921112-12-000010-index.htm",
        "finalLink": "https://www.sec.gov/Archives/edgar/data/921112/000092111212000010/lry930201210q.htm"
    },
    {
        "date": "2012-06-30",
        "symbol": "LPT",
        "reportedCurrency": "USD",
        "cik": "0000000000",
        "fillingDate": "2012-08-01",
        "acceptedDate": "2012-08-01 15:17:51",
        "calendarYear": "2012",
        "period": "Q2",
        "revenue": 164500000,
        "costOfRevenue": 50100000,
        "grossProfit": 114400000,
        "grossProfitRatio": 0.6954407295,
        "researchAndDevelopmentExpenses": 0,
        "generalAndAdministrativeExpenses": 14600000,
        "sellingAndMarketingExpenses": 39800000,
        "sellingGeneralAndAdministrativeExpenses": 54400000,
        "otherExpenses": 0,
        "operatingExpenses": 54400000,
        "costAndExpenses": 107144000,
        "interestIncome": 0,
        "interestExpense": 31633000,
        "depreciationAndAmortization": 41200000,
        "ebitda": 107033000,
        "ebitdaratio": 0.650656535,
        "operatingIncome": 60000000,
        "operatingIncomeRatio": 0.3647416413,
        "totalOtherIncomeExpensesNet": -27600000,
        "incomeBeforeTax": 32400000,
        "incomeBeforeTaxRatio": 0.1969604863,
        "incomeTaxExpense": 100000,
        "netIncome": 34100000,
        "netIncomeRatio": 0.2072948328,
        "eps": 0.28,
        "epsdiluted": 0.28,
        "weightedAverageShsOut": 120000000,
        "weightedAverageShsOutDil": 120000000,
        "link": "https://www.sec.gov/Archives/edgar/data/921112/000092111212000007/0000921112-12-000007-index.htm",
        "finalLink": "https://www.sec.gov/Archives/edgar/data/921112/000092111212000007/lry630201210q.htm"
    },
    {
        "date": "2012-03-31",
        "symbol": "LPT",
        "reportedCurrency": "USD",
        "cik": "0000000000",
        "fillingDate": "2012-05-01",
        "acceptedDate": "2012-05-01 15:22:31",
        "calendarYear": "2012",
        "period": "Q1",
        "revenue": 165000000,
        "costOfRevenue": 49400000,
        "grossProfit": 115600000,
        "grossProfitRatio": 0.7006060606,
        "researchAndDevelopmentExpenses": 0,
        "generalAndAdministrativeExpenses": 17200000,
        "sellingAndMarketingExpenses": 40400000,
        "sellingGeneralAndAdministrativeExpenses": 57600000,
        "otherExpenses": 0,
        "operatingExpenses": 57600000,
        "costAndExpenses": 109793000,
        "interestIncome": 0,
        "interestExpense": 28476000,
        "depreciationAndAmortization": 41800000,
        "ebitda": 107576000,
        "ebitdaratio": 0.6519757576,
        "operatingIncome": 58000000,
        "operatingIncomeRatio": 0.3515151515,
        "totalOtherIncomeExpensesNet": -25100000,
        "incomeBeforeTax": 32900000,
        "incomeBeforeTaxRatio": 0.1993939394,
        "incomeTaxExpense": 200000,
        "netIncome": 37100000,
        "netIncomeRatio": 0.2248484848,
        "eps": 0.32,
        "epsdiluted": 0.32,
        "weightedAverageShsOut": 116800000,
        "weightedAverageShsOutDil": 116800000,
        "link": "https://www.sec.gov/Archives/edgar/data/921112/000092111212000005/0000921112-12-000005-index.htm",
        "finalLink": "https://www.sec.gov/Archives/edgar/data/921112/000092111212000005/lry331201210q.htm"
    },
    {
        "date": "2011-12-31",
        "symbol": "LPT",
        "reportedCurrency": "USD",
        "cik": "0000000000",
        "fillingDate": "2012-02-24",
        "acceptedDate": "2012-02-24 16:21:57",
        "calendarYear": "2011",
        "period": "Q4",
        "revenue": 168700000,
        "costOfRevenue": 52400000,
        "grossProfit": 116300000,
        "grossProfitRatio": 0.6893894487,
        "researchAndDevelopmentExpenses": 0,
        "generalAndAdministrativeExpenses": 16500000,
        "sellingAndMarketingExpenses": 40100000,
        "sellingGeneralAndAdministrativeExpenses": 56600000,
        "otherExpenses": 0,
        "operatingExpenses": 56600000,
        "costAndExpenses": 90374000,
        "interestIncome": 0,
        "interestExpense": 25664000,
        "depreciationAndAmortization": 42900000,
        "ebitda": 103464000,
        "ebitdaratio": 0.613301719,
        "operatingIncome": 59700000,
        "operatingIncomeRatio": 0.3538826319,
        "totalOtherIncomeExpensesNet": -27400000,
        "incomeBeforeTax": 32300000,
        "incomeBeforeTaxRatio": 0.1914641375,
        "incomeTaxExpense": 100000,
        "netIncome": 34800000,
        "netIncomeRatio": 0.2062833432,
        "eps": 0.3,
        "epsdiluted": 0.3,
        "weightedAverageShsOut": 115900000,
        "weightedAverageShsOutDil": 115900000,
        "link": "https://www.sec.gov/Archives/edgar/data/921112/000092111212000003/0000921112-12-000003-index.htm",
        "finalLink": "https://www.sec.gov/Archives/edgar/data/921112/000092111212000003/lry1231201110k.htm"
    },
    {
        "date": "2011-09-30",
        "symbol": "LPT",
        "reportedCurrency": "USD",
        "cik": "0000000000",
        "fillingDate": "2011-11-03",
        "acceptedDate": "2011-11-03 11:45:07",
        "calendarYear": "2011",
        "period": "Q3",
        "revenue": 165200000,
        "costOfRevenue": 51600000,
        "grossProfit": 113600000,
        "grossProfitRatio": 0.6876513317,
        "researchAndDevelopmentExpenses": 0,
        "generalAndAdministrativeExpenses": 13600000,
        "sellingAndMarketingExpenses": 39000000,
        "sellingGeneralAndAdministrativeExpenses": 52600000,
        "otherExpenses": 0,
        "operatingExpenses": 52600000,
        "costAndExpenses": 110527000,
        "interestIncome": 0,
        "interestExpense": 30524000,
        "depreciationAndAmortization": 42000000,
        "ebitda": 108224000,
        "ebitdaratio": 0.6551089588,
        "operatingIncome": 61000000,
        "operatingIncomeRatio": 0.3692493947,
        "totalOtherIncomeExpensesNet": -25300000,
        "incomeBeforeTax": 35700000,
        "incomeBeforeTaxRatio": 0.2161016949,
        "incomeTaxExpense": 400000,
        "netIncome": 35300000,
        "netIncomeRatio": 0.2136803874,
        "eps": 0.3,
        "epsdiluted": 0.3,
        "weightedAverageShsOut": 115800000,
        "weightedAverageShsOutDil": 115800000,
        "link": "https://www.sec.gov/Archives/edgar/data/921112/000092111211000004/0000921112-11-000004-index.htm",
        "finalLink": "https://www.sec.gov/Archives/edgar/data/921112/000092111211000004/lry930201110q.htm"
    },
    {
        "date": "2011-06-30",
        "symbol": "LPT",
        "reportedCurrency": "USD",
        "cik": "0000000000",
        "fillingDate": "2011-08-05",
        "acceptedDate": "2011-08-05 17:05:55",
        "calendarYear": "2011",
        "period": "Q2",
        "revenue": 163500000,
        "costOfRevenue": 47500000,
        "grossProfit": 116000000,
        "grossProfitRatio": 0.7094801223,
        "researchAndDevelopmentExpenses": 0,
        "generalAndAdministrativeExpenses": 13300000,
        "sellingAndMarketingExpenses": 38300000,
        "sellingGeneralAndAdministrativeExpenses": 51600000,
        "otherExpenses": 0,
        "operatingExpenses": 51600000,
        "costAndExpenses": 220702000,
        "interestIncome": 0,
        "interestExpense": 65830000,
        "depreciationAndAmortization": 42000000,
        "ebitda": 192630000,
        "ebitdaratio": 1.1781651376,
        "operatingIncome": 64400000,
        "operatingIncomeRatio": 0.393883792,
        "totalOtherIncomeExpensesNet": -25600000,
        "incomeBeforeTax": 38800000,
        "incomeBeforeTaxRatio": 0.2373088685,
        "incomeTaxExpense": 100000,
        "netIncome": 84700000,
        "netIncomeRatio": 0.5180428135,
        "eps": 0.73,
        "epsdiluted": 0.73,
        "weightedAverageShsOut": 116300000,
        "weightedAverageShsOutDil": 116300000,
        "link": "https://www.sec.gov/Archives/edgar/data/921112/000119312511212535/0001193125-11-212535-index.htm",
        "finalLink": "https://www.sec.gov/Archives/edgar/data/921112/000119312511212535/d10q.htm"
    },
    {
        "date": "2011-03-31",
        "symbol": "LPT",
        "reportedCurrency": "USD",
        "cik": "0000000000",
        "fillingDate": "2011-05-05",
        "acceptedDate": "2011-05-05 16:22:26",
        "calendarYear": "2011",
        "period": "Q1",
        "revenue": 165900000,
        "costOfRevenue": 51200000,
        "grossProfit": 114700000,
        "grossProfitRatio": 0.6913803496,
        "researchAndDevelopmentExpenses": 0,
        "generalAndAdministrativeExpenses": 15900000,
        "sellingAndMarketingExpenses": 39000000,
        "sellingGeneralAndAdministrativeExpenses": 54900000,
        "otherExpenses": 0,
        "operatingExpenses": 54900000,
        "costAndExpenses": 115089000,
        "interestIncome": 0,
        "interestExpense": 0,
        "depreciationAndAmortization": 44800000,
        "ebitda": 74600000,
        "ebitdaratio": 0.449668475,
        "operatingIncome": 59800000,
        "operatingIncomeRatio": 0.3604581073,
        "totalOtherIncomeExpensesNet": -29100000,
        "incomeBeforeTax": 30700000,
        "incomeBeforeTaxRatio": 0.1850512357,
        "incomeTaxExpense": 600000,
        "netIncome": 29200000,
        "netIncomeRatio": 0.1760096444,
        "eps": 0.25,
        "epsdiluted": 0.25,
        "weightedAverageShsOut": 114800000,
        "weightedAverageShsOutDil": 114800000,
        "link": "https://www.sec.gov/Archives/edgar/data/921112/000095012311045667/0000950123-11-045667-index.htm",
        "finalLink": "https://www.sec.gov/Archives/edgar/data/921112/000095012311045667/c15655e10vq.htm"
    },
    {
        "date": "2010-12-31",
        "symbol": "LPT",
        "reportedCurrency": "USD",
        "cik": "0000000000",
        "fillingDate": "2011-02-25",
        "acceptedDate": "2011-02-25 17:40:05",
        "calendarYear": "2010",
        "period": "Q4",
        "revenue": 164500000,
        "costOfRevenue": 50800000,
        "grossProfit": 113700000,
        "grossProfitRatio": 0.6911854103,
        "researchAndDevelopmentExpenses": 0,
        "generalAndAdministrativeExpenses": 12800000,
        "sellingAndMarketingExpenses": 38400000,
        "sellingGeneralAndAdministrativeExpenses": 51200000,
        "otherExpenses": 0,
        "operatingExpenses": 51200000,
        "costAndExpenses": 116161000,
        "interestIncome": 0,
        "interestExpense": 0,
        "depreciationAndAmortization": 43800000,
        "ebitda": 74200000,
        "ebitdaratio": 0.4510638298,
        "operatingIncome": 62500000,
        "operatingIncomeRatio": 0.3799392097,
        "totalOtherIncomeExpensesNet": -29400000,
        "incomeBeforeTax": 33100000,
        "incomeBeforeTaxRatio": 0.2012158055,
        "incomeTaxExpense": 300000,
        "netIncome": 30100000,
        "netIncomeRatio": 0.1829787234,
        "eps": 0.26,
        "epsdiluted": 0.26,
        "weightedAverageShsOut": 114300000,
        "weightedAverageShsOutDil": 114300000,
        "link": "https://www.sec.gov/Archives/edgar/data/921112/000095012311018924/0000950123-11-018924-index.htm",
        "finalLink": "https://www.sec.gov/Archives/edgar/data/921112/000095012311018924/c12029e10vk.htm"
    },
    {
        "date": "2010-09-30",
        "symbol": "LPT",
        "reportedCurrency": "USD",
        "cik": "0000000000",
        "fillingDate": "2010-11-05",
        "acceptedDate": "2010-11-05 11:48:04",
        "calendarYear": "2010",
        "period": "Q3",
        "revenue": 146700000,
        "costOfRevenue": 43100000,
        "grossProfit": 103600000,
        "grossProfitRatio": 0.7062031357,
        "researchAndDevelopmentExpenses": 0,
        "generalAndAdministrativeExpenses": 12600000,
        "sellingAndMarketingExpenses": 33100000,
        "sellingGeneralAndAdministrativeExpenses": 45700000,
        "otherExpenses": 0,
        "operatingExpenses": 45700000,
        "costAndExpenses": 116296000,
        "interestIncome": 0,
        "interestExpense": 0,
        "depreciationAndAmortization": 43300000,
        "ebitda": 78400000,
        "ebitdaratio": 0.5344239945,
        "operatingIncome": 57900000,
        "operatingIncomeRatio": 0.3946830266,
        "totalOtherIncomeExpensesNet": -27200000,
        "incomeBeforeTax": 30700000,
        "incomeBeforeTaxRatio": 0.2092706203,
        "incomeTaxExpense": 500000,
        "netIncome": 34600000,
        "netIncomeRatio": 0.2358554874,
        "eps": 0.31,
        "epsdiluted": 0.31,
        "weightedAverageShsOut": 112600000,
        "weightedAverageShsOutDil": 112600000,
        "link": "https://www.sec.gov/Archives/edgar/data/921112/000095012310101452/0000950123-10-101452-index.htm",
        "finalLink": "https://www.sec.gov/Archives/edgar/data/921112/000095012310101452/c06810e10vq.htm"
    },
    {
        "date": "2010-06-30",
        "symbol": "LPT",
        "reportedCurrency": "USD",
        "cik": "0000000000",
        "fillingDate": "2010-08-06",
        "acceptedDate": "2010-08-06 09:01:17",
        "calendarYear": "2010",
        "period": "Q2",
        "revenue": 170000000,
        "costOfRevenue": 52100000,
        "grossProfit": 117900000,
        "grossProfitRatio": 0.6935294118,
        "researchAndDevelopmentExpenses": 0,
        "generalAndAdministrativeExpenses": 12500000,
        "sellingAndMarketingExpenses": 39100000,
        "sellingGeneralAndAdministrativeExpenses": 51600000,
        "otherExpenses": 0,
        "operatingExpenses": 51600000,
        "costAndExpenses": 113133000,
        "interestIncome": 0,
        "interestExpense": -23000,
        "depreciationAndAmortization": 43900000,
        "ebitda": 77777000,
        "ebitdaratio": 0.4575117647,
        "operatingIncome": 66300000,
        "operatingIncomeRatio": 0.39,
        "totalOtherIncomeExpensesNet": -29700000,
        "incomeBeforeTax": 36600000,
        "incomeBeforeTaxRatio": 0.2152941176,
        "incomeTaxExpense": 500000,
        "netIncome": 33400000,
        "netIncomeRatio": 0.1964705882,
        "eps": 0.29,
        "epsdiluted": 0.29,
        "weightedAverageShsOut": 114300000,
        "weightedAverageShsOutDil": 114300000,
        "link": "https://www.sec.gov/Archives/edgar/data/921112/000095012310073823/0000950123-10-073823-index.htm",
        "finalLink": "https://www.sec.gov/Archives/edgar/data/921112/000095012310073823/c01626e10vq.htm"
    },
    {
        "date": "2010-03-31",
        "symbol": "LPT",
        "reportedCurrency": "USD",
        "cik": "0000000000",
        "fillingDate": "2010-05-06",
        "acceptedDate": "2010-05-06 11:44:37",
        "calendarYear": "2010",
        "period": "Q1",
        "revenue": 175800000,
        "costOfRevenue": 57700000,
        "grossProfit": 118100000,
        "grossProfitRatio": 0.6717861206,
        "researchAndDevelopmentExpenses": 0,
        "generalAndAdministrativeExpenses": 14900000,
        "sellingAndMarketingExpenses": 40100000,
        "sellingGeneralAndAdministrativeExpenses": 55000000,
        "otherExpenses": 0,
        "operatingExpenses": 55000000,
        "costAndExpenses": 121095000,
        "interestIncome": 0,
        "interestExpense": 38637000,
        "depreciationAndAmortization": 43000000,
        "ebitda": 111737000,
        "ebitdaratio": 0.6355915813,
        "operatingIncome": 63100000,
        "operatingIncomeRatio": 0.358930603,
        "totalOtherIncomeExpensesNet": -32200000,
        "incomeBeforeTax": 30900000,
        "incomeBeforeTaxRatio": 0.1757679181,
        "incomeTaxExpense": 500000,
        "netIncome": 29600000,
        "netIncomeRatio": 0.1683731513,
        "eps": 0.26,
        "epsdiluted": 0.26,
        "weightedAverageShsOut": 113000000,
        "weightedAverageShsOutDil": 113000000,
        "link": "https://www.sec.gov/Archives/edgar/data/921112/000095012310045232/0000950123-10-045232-index.htm",
        "finalLink": "https://www.sec.gov/Archives/edgar/data/921112/000095012310045232/c00337e10vq.htm"
    },
    {
        "date": "2009-12-31",
        "symbol": "LPT",
        "reportedCurrency": "USD",
        "cik": "0000000000",
        "fillingDate": "2010-02-26",
        "acceptedDate": "2010-02-26 15:32:00",
        "calendarYear": "2009",
        "period": "Q4",
        "revenue": 186300000,
        "costOfRevenue": 59700000,
        "grossProfit": 126600000,
        "grossProfitRatio": 0.6795491143,
        "researchAndDevelopmentExpenses": 0,
        "generalAndAdministrativeExpenses": 12800000,
        "sellingAndMarketingExpenses": 137500000,
        "sellingGeneralAndAdministrativeExpenses": 150300000,
        "otherExpenses": 0,
        "operatingExpenses": 150300000,
        "costAndExpenses": 115288000,
        "interestIncome": 0,
        "interestExpense": 38105000,
        "depreciationAndAmortization": 42900000,
        "ebitda": 29005000,
        "ebitdaratio": 0.1556897477,
        "operatingIncome": -23600000,
        "operatingIncomeRatio": -0.126677402,
        "totalOtherIncomeExpensesNet": -34300000,
        "incomeBeforeTax": -57900000,
        "incomeBeforeTaxRatio": -0.3107890499,
        "incomeTaxExpense": 100000,
        "netIncome": -52100000,
        "netIncomeRatio": -0.2796564681,
        "eps": -0.46,
        "epsdiluted": -0.46,
        "weightedAverageShsOut": 112200000,
        "weightedAverageShsOutDil": 112200000,
        "link": "https://www.sec.gov/Archives/edgar/data/921112/000095012310018051/0000950123-10-018051-index.htm",
        "finalLink": "https://www.sec.gov/Archives/edgar/data/921112/000095012310018051/c96894e10vk.htm"
    },
    {
        "date": "2009-09-30",
        "symbol": "LPT",
        "reportedCurrency": "USD",
        "cik": "0000000000",
        "fillingDate": "2009-11-06",
        "acceptedDate": "2009-11-06 13:14:06",
        "calendarYear": "2009",
        "period": "Q3",
        "revenue": 185500000,
        "costOfRevenue": 58300000,
        "grossProfit": 127200000,
        "grossProfitRatio": 0.6857142857,
        "researchAndDevelopmentExpenses": 0,
        "generalAndAdministrativeExpenses": 11200000,
        "sellingAndMarketingExpenses": 42700000,
        "sellingGeneralAndAdministrativeExpenses": 53900000,
        "otherExpenses": 0,
        "operatingExpenses": 53900000,
        "costAndExpenses": 111684000,
        "interestIncome": 0,
        "interestExpense": 36044000,
        "depreciationAndAmortization": 43400000,
        "ebitda": 123444000,
        "ebitdaratio": 0.6654663073,
        "operatingIncome": 73300000,
        "operatingIncomeRatio": 0.395148248,
        "totalOtherIncomeExpensesNet": -35000000,
        "incomeBeforeTax": 38300000,
        "incomeBeforeTaxRatio": 0.2064690027,
        "incomeTaxExpense": 100000,
        "netIncome": 43900000,
        "netIncomeRatio": 0.2366576819,
        "eps": 0.55,
        "epsdiluted": 0.55,
        "weightedAverageShsOut": 79500000,
        "weightedAverageShsOutDil": 79500000,
        "link": "https://www.sec.gov/Archives/edgar/data/921112/000095012309059085/0000950123-09-059085-index.htm",
        "finalLink": "https://www.sec.gov/Archives/edgar/data/921112/000095012309059085/c92067e10vq.htm"
    },
    {
        "date": "2009-06-30",
        "symbol": "LPT",
        "reportedCurrency": "USD",
        "cik": "0000000000",
        "fillingDate": "2009-08-07",
        "acceptedDate": "2009-08-07 13:38:23",
        "calendarYear": "2009",
        "period": "Q2",
        "revenue": 182600000,
        "costOfRevenue": 56300000,
        "grossProfit": 126300000,
        "grossProfitRatio": 0.6916757941,
        "researchAndDevelopmentExpenses": 0,
        "generalAndAdministrativeExpenses": 11700000,
        "sellingAndMarketingExpenses": 44200000,
        "sellingGeneralAndAdministrativeExpenses": 55900000,
        "otherExpenses": 0,
        "operatingExpenses": 55900000,
        "costAndExpenses": 110739000,
        "interestIncome": 0,
        "interestExpense": 36991000,
        "depreciationAndAmortization": 42800000,
        "ebitda": 116591000,
        "ebitdaratio": 0.6385049288,
        "operatingIncome": 70400000,
        "operatingIncomeRatio": 0.3855421687,
        "totalOtherIncomeExpensesNet": -32100000,
        "incomeBeforeTax": 38300000,
        "incomeBeforeTaxRatio": 0.2097480832,
        "incomeTaxExpense": 100000,
        "netIncome": 36700000,
        "netIncomeRatio": 0.2009857612,
        "eps": 0.36,
        "epsdiluted": 0.36,
        "weightedAverageShsOut": 102000000,
        "weightedAverageShsOutDil": 102000000,
        "link": "https://www.sec.gov/Archives/edgar/data/921112/000095012309031920/0000950123-09-031920-index.htm",
        "finalLink": "https://www.sec.gov/Archives/edgar/data/921112/000095012309031920/c88914e10vq.htm"
    },
    {
        "date": "2009-03-31",
        "symbol": "LPT",
        "reportedCurrency": "USD",
        "cik": "0000000000",
        "fillingDate": "2009-05-11",
        "acceptedDate": "2009-05-11 14:26:07",
        "calendarYear": "2009",
        "period": "Q1",
        "revenue": 185000000,
        "costOfRevenue": 60200000,
        "grossProfit": 124800000,
        "grossProfitRatio": 0.6745945946,
        "researchAndDevelopmentExpenses": 0,
        "generalAndAdministrativeExpenses": 15600000,
        "sellingAndMarketingExpenses": 42000000,
        "sellingGeneralAndAdministrativeExpenses": 57600000,
        "otherExpenses": 0,
        "operatingExpenses": 57600000,
        "costAndExpenses": 120947000,
        "interestIncome": 0,
        "interestExpense": 38429000,
        "depreciationAndAmortization": 43500000,
        "ebitda": 110029000,
        "ebitdaratio": 0.5947513514,
        "operatingIncome": 67200000,
        "operatingIncomeRatio": 0.3632432432,
        "totalOtherIncomeExpensesNet": -34400000,
        "incomeBeforeTax": 32800000,
        "incomeBeforeTaxRatio": 0.1772972973,
        "incomeTaxExpense": 200000,
        "netIncome": 27900000,
        "netIncomeRatio": 0.1508108108,
        "eps": 0.28,
        "epsdiluted": 0.28,
        "weightedAverageShsOut": 101000000,
        "weightedAverageShsOutDil": 101000000,
        "link": "https://www.sec.gov/Archives/edgar/data/921112/000089322009001118/0000893220-09-001118-index.htm",
        "finalLink": "https://www.sec.gov/Archives/edgar/data/921112/000089322009001118/w73990e10vq.htm"
    },
    {
        "date": "2008-12-31",
        "symbol": "LPT",
        "reportedCurrency": "USD",
        "cik": "0000000000",
        "fillingDate": "2009-02-27",
        "acceptedDate": "2009-02-27 17:24:19",
        "calendarYear": "2008",
        "period": "Q4",
        "revenue": 184800000,
        "costOfRevenue": 58800000,
        "grossProfit": 126000000,
        "grossProfitRatio": 0.6818181818,
        "researchAndDevelopmentExpenses": 0,
        "generalAndAdministrativeExpenses": 14100000,
        "sellingAndMarketingExpenses": 39300000,
        "sellingGeneralAndAdministrativeExpenses": 53400000,
        "otherExpenses": 0,
        "operatingExpenses": 53400000,
        "costAndExpenses": 113050000,
        "interestIncome": 0,
        "interestExpense": 37339000,
        "depreciationAndAmortization": 43100000,
        "ebitda": 132539000,
        "ebitdaratio": 0.717202381,
        "operatingIncome": 72600000,
        "operatingIncomeRatio": 0.3928571429,
        "totalOtherIncomeExpensesNet": -25100000,
        "incomeBeforeTax": 47500000,
        "incomeBeforeTaxRatio": 0.257034632,
        "incomeTaxExpense": 300000,
        "netIncome": 51800000,
        "netIncomeRatio": 0.2803030303,
        "eps": 0.53,
        "epsdiluted": 0.53,
        "weightedAverageShsOut": 97500000,
        "weightedAverageShsOutDil": 97500000,
        "link": "https://www.sec.gov/Archives/edgar/data/921112/000089322009000427/0000893220-09-000427-index.htm",
        "finalLink": "https://www.sec.gov/Archives/edgar/data/921112/000089322009000427/w72905e10vk.htm"
    },
    {
        "date": "2008-09-30",
        "symbol": "LPT",
        "reportedCurrency": "USD",
        "cik": "0000000000",
        "fillingDate": "2008-11-07",
        "acceptedDate": "2008-11-07 13:31:20",
        "calendarYear": "2008",
        "period": "Q3",
        "revenue": 182000000,
        "costOfRevenue": 57900000,
        "grossProfit": 124100000,
        "grossProfitRatio": 0.6818681319,
        "researchAndDevelopmentExpenses": 0,
        "generalAndAdministrativeExpenses": 13200000,
        "sellingAndMarketingExpenses": 43000000,
        "sellingGeneralAndAdministrativeExpenses": 56200000,
        "otherExpenses": 0,
        "operatingExpenses": 56200000,
        "costAndExpenses": 116941000,
        "interestIncome": 0,
        "interestExpense": 38590000,
        "depreciationAndAmortization": 44700000,
        "ebitda": 122190000,
        "ebitdaratio": 0.6713736264,
        "operatingIncome": 67900000,
        "operatingIncomeRatio": 0.3730769231,
        "totalOtherIncomeExpensesNet": -34300000,
        "incomeBeforeTax": 33600000,
        "incomeBeforeTaxRatio": 0.1846153846,
        "incomeTaxExpense": 300000,
        "netIncome": 38600000,
        "netIncomeRatio": 0.2120879121,
        "eps": 0.45,
        "epsdiluted": 0.45,
        "weightedAverageShsOut": 86600000,
        "weightedAverageShsOutDil": 86600000,
        "link": "https://www.sec.gov/Archives/edgar/data/921112/000089322008002930/0000893220-08-002930-index.htm",
        "finalLink": "https://www.sec.gov/Archives/edgar/data/921112/000089322008002930/w71520e10vq.htm"
    },
    {
        "date": "2008-06-30",
        "symbol": "LPT",
        "reportedCurrency": "USD",
        "cik": "0000000000",
        "fillingDate": "2008-08-07",
        "acceptedDate": "2008-08-07 10:41:34",
        "calendarYear": "2008",
        "period": "Q2",
        "revenue": 177200000,
        "costOfRevenue": 57400000,
        "grossProfit": 119800000,
        "grossProfitRatio": 0.6760722348,
        "researchAndDevelopmentExpenses": 0,
        "generalAndAdministrativeExpenses": 13100000,
        "sellingAndMarketingExpenses": 41800000,
        "sellingGeneralAndAdministrativeExpenses": 54900000,
        "otherExpenses": 0,
        "operatingExpenses": 54900000,
        "costAndExpenses": 117701000,
        "interestIncome": 0,
        "interestExpense": 37296000,
        "depreciationAndAmortization": 43700000,
        "ebitda": 113196000,
        "ebitdaratio": 0.6388036117,
        "operatingIncome": 65000000,
        "operatingIncomeRatio": 0.3668171558,
        "totalOtherIncomeExpensesNet": -31800000,
        "incomeBeforeTax": 33200000,
        "incomeBeforeTaxRatio": 0.1873589165,
        "incomeTaxExpense": 600000,
        "netIncome": 31600000,
        "netIncomeRatio": 0.1783295711,
        "eps": 0.34,
        "epsdiluted": 0.34,
        "weightedAverageShsOut": 93000000,
        "weightedAverageShsOutDil": 93000000,
        "link": "https://www.sec.gov/Archives/edgar/data/921112/000089322008002300/0000893220-08-002300-index.htm",
        "finalLink": "https://www.sec.gov/Archives/edgar/data/921112/000089322008002300/w64857e10vq.htm"
    },
    {
        "date": "2008-03-31",
        "symbol": "LPT",
        "reportedCurrency": "USD",
        "cik": "0000000000",
        "fillingDate": "2008-05-08",
        "acceptedDate": "2008-05-08 15:34:05",
        "calendarYear": "2008",
        "period": "Q1",
        "revenue": 187400000,
        "costOfRevenue": 58800000,
        "grossProfit": 128600000,
        "grossProfitRatio": 0.6862326574,
        "researchAndDevelopmentExpenses": 0,
        "generalAndAdministrativeExpenses": 14000000,
        "sellingAndMarketingExpenses": 42700000,
        "sellingGeneralAndAdministrativeExpenses": 56700000,
        "otherExpenses": 0,
        "operatingExpenses": 56700000,
        "costAndExpenses": 118889000,
        "interestIncome": 0,
        "interestExpense": 42450000,
        "depreciationAndAmortization": 43700000,
        "ebitda": 116650000,
        "ebitdaratio": 0.6224653148,
        "operatingIncome": 71800000,
        "operatingIncomeRatio": 0.3831376734,
        "totalOtherIncomeExpensesNet": -37600000,
        "incomeBeforeTax": 34200000,
        "incomeBeforeTaxRatio": 0.1824973319,
        "incomeTaxExpense": 500000,
        "netIncome": 30000000,
        "netIncomeRatio": 0.1600853789,
        "eps": 0.33,
        "epsdiluted": 0.33,
        "weightedAverageShsOut": 91800000,
        "weightedAverageShsOutDil": 91800000,
        "link": "https://www.sec.gov/Archives/edgar/data/921112/000089322008001406/0000893220-08-001406-index.htm",
        "finalLink": "https://www.sec.gov/Archives/edgar/data/921112/000089322008001406/w57608e10vq.htm"
    },
    {
        "date": "2007-12-31",
        "symbol": "LPT",
        "reportedCurrency": "USD",
        "cik": "0000000000",
        "fillingDate": "2008-02-29",
        "acceptedDate": "2008-02-29 12:47:50",
        "calendarYear": "2007",
        "period": "Q4",
        "revenue": 179700000,
        "costOfRevenue": 55800000,
        "grossProfit": 123900000,
        "grossProfitRatio": 0.6894824708,
        "researchAndDevelopmentExpenses": 0,
        "generalAndAdministrativeExpenses": 15500000,
        "sellingAndMarketingExpenses": 42300000,
        "sellingGeneralAndAdministrativeExpenses": 57800000,
        "otherExpenses": 0,
        "operatingExpenses": 57800000,
        "costAndExpenses": 117390000,
        "interestIncome": 0,
        "interestExpense": 39419000,
        "depreciationAndAmortization": 44300000,
        "ebitda": 149419000,
        "ebitdaratio": 0.8314913745,
        "operatingIncome": 66100000,
        "operatingIncomeRatio": 0.367835281,
        "totalOtherIncomeExpensesNet": -34400000,
        "incomeBeforeTax": 31700000,
        "incomeBeforeTaxRatio": 0.1764051196,
        "incomeTaxExpense": -200000,
        "netIncome": 65900000,
        "netIncomeRatio": 0.366722315,
        "eps": 0.72,
        "epsdiluted": 0.72,
        "weightedAverageShsOut": 91600000,
        "weightedAverageShsOutDil": 91600000,
        "link": "https://www.sec.gov/Archives/edgar/data/921112/000089322008000565/0000893220-08-000565-index.htm",
        "finalLink": "https://www.sec.gov/Archives/edgar/data/921112/000089322008000565/w50228e10vk.htm"
    },
    {
        "date": "2007-09-30",
        "symbol": "LPT",
        "reportedCurrency": "USD",
        "cik": "0000000000",
        "fillingDate": "2007-11-05",
        "acceptedDate": "2007-11-05 17:26:18",
        "calendarYear": "2007",
        "period": "Q3",
        "revenue": 175100000,
        "costOfRevenue": 55400000,
        "grossProfit": 119700000,
        "grossProfitRatio": 0.6836093661,
        "researchAndDevelopmentExpenses": 0,
        "generalAndAdministrativeExpenses": 13100000,
        "sellingAndMarketingExpenses": 40200000,
        "sellingGeneralAndAdministrativeExpenses": 53300000,
        "otherExpenses": 0,
        "operatingExpenses": 53300000,
        "costAndExpenses": 100404000,
        "interestIncome": 0,
        "interestExpense": 31567000,
        "depreciationAndAmortization": 41900000,
        "ebitda": 109667000,
        "ebitdaratio": 0.6263106796,
        "operatingIncome": 66400000,
        "operatingIncomeRatio": 0.3792118789,
        "totalOtherIncomeExpensesNet": -30400000,
        "incomeBeforeTax": 36000000,
        "incomeBeforeTaxRatio": 0.2055968018,
        "incomeTaxExpense": -1000000,
        "netIncome": 37200000,
        "netIncomeRatio": 0.2124500286,
        "eps": 0.41,
        "epsdiluted": 0.41,
        "weightedAverageShsOut": 91400000,
        "weightedAverageShsOutDil": 91400000,
        "link": "https://www.sec.gov/Archives/edgar/data/921112/000089322007003536/0000893220-07-003536-index.htm",
        "finalLink": "https://www.sec.gov/Archives/edgar/data/921112/000089322007003536/w41911e10vq.htm"
    },
    {
        "date": "2007-06-30",
        "symbol": "LPT",
        "reportedCurrency": "USD",
        "cik": "0000000000",
        "fillingDate": "2007-08-07",
        "acceptedDate": "2007-08-07 15:09:26",
        "calendarYear": "2007",
        "period": "Q2",
        "revenue": 165400000,
        "costOfRevenue": 52600000,
        "grossProfit": 112800000,
        "grossProfitRatio": 0.6819830713,
        "researchAndDevelopmentExpenses": 0,
        "generalAndAdministrativeExpenses": 12600000,
        "sellingAndMarketingExpenses": 36900000,
        "sellingGeneralAndAdministrativeExpenses": 49500000,
        "otherExpenses": 0,
        "operatingExpenses": 49500000,
        "costAndExpenses": 107437000,
        "interestIncome": 0,
        "interestExpense": 30159000,
        "depreciationAndAmortization": 39300000,
        "ebitda": 91759000,
        "ebitdaratio": 0.5547702539,
        "operatingIncome": 63200000,
        "operatingIncomeRatio": 0.3821039903,
        "totalOtherIncomeExpensesNet": -24400000,
        "incomeBeforeTax": 38800000,
        "incomeBeforeTaxRatio": 0.2345828295,
        "incomeTaxExpense": 200000,
        "netIncome": 22100000,
        "netIncomeRatio": 0.1336154776,
        "eps": 0.24,
        "epsdiluted": 0.24,
        "weightedAverageShsOut": 93900000,
        "weightedAverageShsOutDil": 93900000,
        "link": "https://www.sec.gov/Archives/edgar/data/921112/000089322007002708/0000893220-07-002708-index.htm",
        "finalLink": "https://www.sec.gov/Archives/edgar/data/921112/000089322007002708/w38004e10vq.htm"
    },
    {
        "date": "2007-03-31",
        "symbol": "LPT",
        "reportedCurrency": "USD",
        "cik": "0000000000",
        "fillingDate": "2007-05-07",
        "acceptedDate": "2007-05-07 14:57:32",
        "calendarYear": "2007",
        "period": "Q1",
        "revenue": 164700000,
        "costOfRevenue": 51700000,
        "grossProfit": 113000000,
        "grossProfitRatio": 0.686095932,
        "researchAndDevelopmentExpenses": 0,
        "generalAndAdministrativeExpenses": 13100000,
        "sellingAndMarketingExpenses": 35800000,
        "sellingGeneralAndAdministrativeExpenses": 48900000,
        "otherExpenses": 0,
        "operatingExpenses": 48900000,
        "costAndExpenses": 108350000,
        "interestIncome": 0,
        "interestExpense": 28156000,
        "depreciationAndAmortization": 38200000,
        "ebitda": 106356000,
        "ebitdaratio": 0.6457559199,
        "operatingIncome": 64100000,
        "operatingIncomeRatio": 0.3891924712,
        "totalOtherIncomeExpensesNet": -24300000,
        "incomeBeforeTax": 39800000,
        "incomeBeforeTaxRatio": 0.2416514876,
        "incomeTaxExpense": 300000,
        "netIncome": 39700000,
        "netIncomeRatio": 0.241044323,
        "eps": 0.43,
        "epsdiluted": 0.43,
        "weightedAverageShsOut": 92000000,
        "weightedAverageShsOutDil": 92000000,
        "link": "https://www.sec.gov/Archives/edgar/data/921112/000089322007001701/0000893220-07-001701-index.htm",
        "finalLink": "https://www.sec.gov/Archives/edgar/data/921112/000089322007001701/w34622e10vq.htm"
    },
    {
        "date": "2006-12-31",
        "symbol": "LPT",
        "reportedCurrency": "USD",
        "cik": "0000000000",
        "fillingDate": "2007-03-01",
        "acceptedDate": "2007-02-28 18:17:25",
        "calendarYear": "2006",
        "period": "Q4",
        "revenue": 163500000,
        "costOfRevenue": 51400000,
        "grossProfit": 112100000,
        "grossProfitRatio": 0.6856269113,
        "researchAndDevelopmentExpenses": 0,
        "generalAndAdministrativeExpenses": 12600000,
        "sellingAndMarketingExpenses": 34900000,
        "sellingGeneralAndAdministrativeExpenses": 47500000,
        "otherExpenses": 0,
        "operatingExpenses": 47500000,
        "costAndExpenses": 98210000,
        "interestIncome": 0,
        "interestExpense": 28690000,
        "depreciationAndAmortization": 38100000,
        "ebitda": 127890000,
        "ebitdaratio": 0.7822018349,
        "operatingIncome": 64600000,
        "operatingIncomeRatio": 0.3951070336,
        "totalOtherIncomeExpensesNet": -25600000,
        "incomeBeforeTax": 39000000,
        "incomeBeforeTaxRatio": 0.2385321101,
        "incomeTaxExpense": 300000,
        "netIncome": 60800000,
        "netIncomeRatio": 0.3718654434,
        "eps": 0.67,
        "epsdiluted": 0.67,
        "weightedAverageShsOut": 91400000,
        "weightedAverageShsOutDil": 91400000,
        "link": "https://www.sec.gov/Archives/edgar/data/921112/000089322007000517/0000893220-07-000517-index.htm",
        "finalLink": "https://www.sec.gov/Archives/edgar/data/921112/000089322007000517/w31008e10vk.htm"
    },
    {
        "date": "2006-09-30",
        "symbol": "LPT",
        "reportedCurrency": "USD",
        "cik": "0000000000",
        "fillingDate": "2006-10-30",
        "acceptedDate": "2006-10-30 15:57:08",
        "calendarYear": "2006",
        "period": "Q3",
        "revenue": 153200000,
        "costOfRevenue": 47700000,
        "grossProfit": 105500000,
        "grossProfitRatio": 0.6886422977,
        "researchAndDevelopmentExpenses": 0,
        "generalAndAdministrativeExpenses": 12000000,
        "sellingAndMarketingExpenses": 33600000,
        "sellingGeneralAndAdministrativeExpenses": 45600000,
        "otherExpenses": 0,
        "operatingExpenses": 45600000,
        "costAndExpenses": 204067000,
        "interestIncome": 0,
        "interestExpense": 30445000,
        "depreciationAndAmortization": 38000000,
        "ebitda": 114745000,
        "ebitdaratio": 0.7489882507,
        "operatingIncome": 59900000,
        "operatingIncomeRatio": 0.3909921671,
        "totalOtherIncomeExpensesNet": -25300000,
        "incomeBeforeTax": 34600000,
        "incomeBeforeTaxRatio": 0.225848564,
        "incomeTaxExpense": -600000,
        "netIncome": 46900000,
        "netIncomeRatio": 0.3061357702,
        "eps": 0.52,
        "epsdiluted": 0.52,
        "weightedAverageShsOut": 89700000,
        "weightedAverageShsOutDil": 89700000,
        "link": "https://www.sec.gov/Archives/edgar/data/921112/000089322006002273/0000893220-06-002273-index.htm",
        "finalLink": "https://www.sec.gov/Archives/edgar/data/921112/000089322006002273/w26382e10vq.htm"
    },
    {
        "date": "2006-06-30",
        "symbol": "LPT",
        "reportedCurrency": "USD",
        "cik": "0000000000",
        "fillingDate": "2006-08-07",
        "acceptedDate": "2006-08-07 15:45:10",
        "calendarYear": "2006",
        "period": "Q2",
        "revenue": 145200000,
        "costOfRevenue": 43200000,
        "grossProfit": 102000000,
        "grossProfitRatio": 0.7024793388,
        "researchAndDevelopmentExpenses": 0,
        "generalAndAdministrativeExpenses": 11500000,
        "sellingAndMarketingExpenses": 32200000,
        "sellingGeneralAndAdministrativeExpenses": 43700000,
        "otherExpenses": 0,
        "operatingExpenses": 43700000,
        "costAndExpenses": 86900000,
        "interestIncome": 0,
        "interestExpense": 28397000,
        "depreciationAndAmortization": 38500000,
        "ebitda": 135597000,
        "ebitdaratio": 0.9338636364,
        "operatingIncome": 58300000,
        "operatingIncomeRatio": 0.4015151515,
        "totalOtherIncomeExpensesNet": -6700000,
        "incomeBeforeTax": 51600000,
        "incomeBeforeTaxRatio": 0.3553719008,
        "incomeTaxExpense": 200000,
        "netIncome": 68500000,
        "netIncomeRatio": 0.4717630854,
        "eps": 0.76,
        "epsdiluted": 0.76,
        "weightedAverageShsOut": 90200000,
        "weightedAverageShsOutDil": 90200000,
        "link": "https://www.sec.gov/Archives/edgar/data/921112/000089322006001746/0000893220-06-001746-index.htm",
        "finalLink": "https://www.sec.gov/Archives/edgar/data/921112/000089322006001746/w23972e10vq.htm"
    },
    {
        "date": "2006-03-31",
        "symbol": "LPT",
        "reportedCurrency": "USD",
        "cik": "0000000000",
        "fillingDate": "2006-05-09",
        "acceptedDate": "2006-05-09 13:51:39",
        "calendarYear": "2006",
        "period": "Q1",
        "revenue": 156500000,
        "costOfRevenue": 49400000,
        "grossProfit": 107100000,
        "grossProfitRatio": 0.6843450479,
        "researchAndDevelopmentExpenses": 0,
        "generalAndAdministrativeExpenses": 10000000,
        "sellingAndMarketingExpenses": 33800000,
        "sellingGeneralAndAdministrativeExpenses": 43800000,
        "otherExpenses": 0,
        "operatingExpenses": 43800000,
        "costAndExpenses": 101270000,
        "interestIncome": 0,
        "interestExpense": 32052000,
        "depreciationAndAmortization": 37400000,
        "ebitda": 160252000,
        "ebitdaratio": 1.0239744409,
        "operatingIncome": 63300000,
        "operatingIncomeRatio": 0.4044728435,
        "totalOtherIncomeExpensesNet": -27500000,
        "incomeBeforeTax": 35800000,
        "incomeBeforeTaxRatio": 0.2287539936,
        "incomeTaxExpense": 400000,
        "netIncome": 90400000,
        "netIncomeRatio": 0.5776357827,
        "eps": 1.01,
        "epsdiluted": 1.01,
        "weightedAverageShsOut": 89900000,
        "weightedAverageShsOutDil": 89900000,
        "link": "https://www.sec.gov/Archives/edgar/data/921112/000089322006001078/0000893220-06-001078-index.htm",
        "finalLink": "https://www.sec.gov/Archives/edgar/data/921112/000089322006001078/w20962e10vq.htm"
    },
    {
        "date": "2005-12-31",
        "symbol": "LPT",
        "reportedCurrency": "USD",
        "cik": "0000000000",
        "fillingDate": "2006-03-14",
        "acceptedDate": "2006-03-14 17:24:48",
        "calendarYear": "2005",
        "period": "Q4",
        "revenue": 160500000,
        "costOfRevenue": 52000000,
        "grossProfit": 108500000,
        "grossProfitRatio": 0.6760124611,
        "researchAndDevelopmentExpenses": 0,
        "generalAndAdministrativeExpenses": 10800000,
        "sellingAndMarketingExpenses": 36400000,
        "sellingGeneralAndAdministrativeExpenses": 47200000,
        "otherExpenses": 0,
        "operatingExpenses": 47200000,
        "costAndExpenses": 98662000,
        "interestIncome": 0,
        "interestExpense": 30357000,
        "depreciationAndAmortization": 39900000,
        "ebitda": 190157000,
        "ebitdaratio": 1.1847788162,
        "operatingIncome": 61300000,
        "operatingIncomeRatio": 0.3819314642,
        "totalOtherIncomeExpensesNet": 61100000,
        "incomeBeforeTax": 122400000,
        "incomeBeforeTaxRatio": 0.7626168224,
        "incomeTaxExpense": 12600000,
        "netIncome": 107300000,
        "netIncomeRatio": 0.6685358255,
        "eps": 1.2,
        "epsdiluted": 1.2,
        "weightedAverageShsOut": 89300000,
        "weightedAverageShsOutDil": 89300000,
        "link": "https://www.sec.gov/Archives/edgar/data/921112/000089322006000535/0000893220-06-000535-index.htm",
        "finalLink": "https://www.sec.gov/Archives/edgar/data/921112/000089322006000535/w17499e10vk.htm"
    },
    {
        "date": "2005-09-30",
        "symbol": "LPT",
        "reportedCurrency": "USD",
        "cik": "0000000000",
        "fillingDate": "2005-11-07",
        "acceptedDate": "2005-11-07 15:35:03",
        "calendarYear": "2005",
        "period": "Q3",
        "revenue": 149500000,
        "costOfRevenue": 45500000,
        "grossProfit": 104000000,
        "grossProfitRatio": 0.6956521739,
        "researchAndDevelopmentExpenses": 0,
        "generalAndAdministrativeExpenses": 9300000,
        "sellingAndMarketingExpenses": 32100000,
        "sellingGeneralAndAdministrativeExpenses": 41400000,
        "otherExpenses": 0,
        "operatingExpenses": 41400000,
        "costAndExpenses": 101526000,
        "interestIncome": 0,
        "interestExpense": 32539000,
        "depreciationAndAmortization": 37600000,
        "ebitda": 122839000,
        "ebitdaratio": 0.8216655518,
        "operatingIncome": 62500000,
        "operatingIncomeRatio": 0.4180602007,
        "totalOtherIncomeExpensesNet": -26600000,
        "incomeBeforeTax": 35900000,
        "incomeBeforeTaxRatio": 0.2401337793,
        "incomeTaxExpense": 800000,
        "netIncome": 51900000,
        "netIncomeRatio": 0.3471571906,
        "eps": 0.59,
        "epsdiluted": 0.59,
        "weightedAverageShsOut": 87700000,
        "weightedAverageShsOutDil": 87700000,
        "link": "https://www.sec.gov/Archives/edgar/data/921112/000089322005002529/0000893220-05-002529-index.htm",
        "finalLink": "https://www.sec.gov/Archives/edgar/data/921112/000089322005002529/w14437e10vq.htm"
    },
    {
        "date": "2005-06-30",
        "symbol": "LPT",
        "reportedCurrency": "USD",
        "cik": "0000000000",
        "fillingDate": "2005-08-05",
        "acceptedDate": "2005-08-05 14:21:57",
        "calendarYear": "2005",
        "period": "Q2",
        "revenue": 166200000,
        "costOfRevenue": 47500000,
        "grossProfit": 118700000,
        "grossProfitRatio": 0.7141997593,
        "researchAndDevelopmentExpenses": 0,
        "generalAndAdministrativeExpenses": 9600000,
        "sellingAndMarketingExpenses": 34900000,
        "sellingGeneralAndAdministrativeExpenses": 44500000,
        "otherExpenses": 0,
        "operatingExpenses": 44500000,
        "costAndExpenses": 98547000,
        "interestIncome": 0,
        "interestExpense": 33533000,
        "depreciationAndAmortization": 37800000,
        "ebitda": 116833000,
        "ebitdaratio": 0.7029663057,
        "operatingIncome": 74200000,
        "operatingIncomeRatio": 0.4464500602,
        "totalOtherIncomeExpensesNet": -32700000,
        "incomeBeforeTax": 41500000,
        "incomeBeforeTaxRatio": 0.2496991576,
        "incomeTaxExpense": 900000,
        "netIncome": 44600000,
        "netIncomeRatio": 0.2683513839,
        "eps": 0.51,
        "epsdiluted": 0.51,
        "weightedAverageShsOut": 88300000,
        "weightedAverageShsOutDil": 88300000,
        "link": "https://www.sec.gov/Archives/edgar/data/921112/000089322005001843/0000893220-05-001843-index.htm",
        "finalLink": "https://www.sec.gov/Archives/edgar/data/921112/000089322005001843/w11577e10vq.htm"
    },
    {
        "date": "2005-03-31",
        "symbol": "LPT",
        "reportedCurrency": "USD",
        "cik": "0000000000",
        "fillingDate": "2005-05-06",
        "acceptedDate": "2005-05-06 17:30:47",
        "calendarYear": "2005",
        "period": "Q1",
        "revenue": 157300000,
        "costOfRevenue": 50200000,
        "grossProfit": 107100000,
        "grossProfitRatio": 0.68086459,
        "researchAndDevelopmentExpenses": 0,
        "generalAndAdministrativeExpenses": 8400000,
        "sellingAndMarketingExpenses": 32400000,
        "sellingGeneralAndAdministrativeExpenses": 40800000,
        "otherExpenses": 0,
        "operatingExpenses": 40800000,
        "costAndExpenses": 97632000,
        "interestIncome": 0,
        "interestExpense": 33188000,
        "depreciationAndAmortization": 35400000,
        "ebitda": 114688000,
        "ebitdaratio": 0.7291036236,
        "operatingIncome": 66300000,
        "operatingIncomeRatio": 0.4214876033,
        "totalOtherIncomeExpensesNet": -27800000,
        "incomeBeforeTax": 38500000,
        "incomeBeforeTaxRatio": 0.2447552448,
        "incomeTaxExpense": 500000,
        "netIncome": 45600000,
        "netIncomeRatio": 0.2898919263,
        "eps": 0.52,
        "epsdiluted": 0.52,
        "weightedAverageShsOut": 87300000,
        "weightedAverageShsOutDil": 87300000,
        "link": "https://www.sec.gov/Archives/edgar/data/921112/000089322005001077/0000893220-05-001077-index.htm",
        "finalLink": "https://www.sec.gov/Archives/edgar/data/921112/000089322005001077/w08777e10vq.htm"
    },
    {
        "date": "2004-12-31",
        "symbol": "LPT",
        "reportedCurrency": "USD",
        "cik": "0000000000",
        "fillingDate": "2005-03-11",
        "acceptedDate": "2005-03-11 10:59:02",
        "calendarYear": "2004",
        "period": "Q4",
        "revenue": 160900000,
        "costOfRevenue": 48700000,
        "grossProfit": 112200000,
        "grossProfitRatio": 0.6973275326,
        "researchAndDevelopmentExpenses": 0,
        "generalAndAdministrativeExpenses": 8300000,
        "sellingAndMarketingExpenses": 33800000,
        "sellingGeneralAndAdministrativeExpenses": 42100000,
        "otherExpenses": 0,
        "operatingExpenses": 42100000,
        "costAndExpenses": 93477000,
        "interestIncome": 0,
        "interestExpense": 31398000,
        "depreciationAndAmortization": 35500000,
        "ebitda": 113198000,
        "ebitdaratio": 0.7035301429,
        "operatingIncome": 70000000,
        "operatingIncomeRatio": 0.4350528278,
        "totalOtherIncomeExpensesNet": -27100000,
        "incomeBeforeTax": 42900000,
        "incomeBeforeTaxRatio": 0.2666252331,
        "incomeTaxExpense": 400000,
        "netIncome": 45900000,
        "netIncomeRatio": 0.2852703543,
        "eps": 0.53,
        "epsdiluted": 0.53,
        "weightedAverageShsOut": 86800000,
        "weightedAverageShsOutDil": 86800000,
        "link": "https://www.sec.gov/Archives/edgar/data/921112/000089322005000529/0000893220-05-000529-index.htm",
        "finalLink": "https://www.sec.gov/Archives/edgar/data/921112/000089322005000529/w06575e10vk.htm"
    },
    {
        "date": "2004-09-30",
        "symbol": "LPT",
        "reportedCurrency": "USD",
        "cik": "0000000000",
        "fillingDate": "2004-11-08",
        "acceptedDate": "2004-11-08 16:24:04",
        "calendarYear": "2004",
        "period": "Q3",
        "revenue": 150100000,
        "costOfRevenue": 45100000,
        "grossProfit": 105000000,
        "grossProfitRatio": 0.6995336442,
        "researchAndDevelopmentExpenses": 0,
        "generalAndAdministrativeExpenses": 9000000,
        "sellingAndMarketingExpenses": 31000000,
        "sellingGeneralAndAdministrativeExpenses": 40000000,
        "otherExpenses": 0,
        "operatingExpenses": 40000000,
        "costAndExpenses": 93854000,
        "interestIncome": 0,
        "interestExpense": 30817000,
        "depreciationAndAmortization": 34200000,
        "ebitda": 105017000,
        "ebitdaratio": 0.6996469021,
        "operatingIncome": 64900000,
        "operatingIncomeRatio": 0.4323784144,
        "totalOtherIncomeExpensesNet": -25500000,
        "incomeBeforeTax": 39400000,
        "incomeBeforeTaxRatio": 0.2624916722,
        "incomeTaxExpense": 500000,
        "netIncome": 39500000,
        "netIncomeRatio": 0.2631578947,
        "eps": 0.46,
        "epsdiluted": 0.46,
        "weightedAverageShsOut": 85300000,
        "weightedAverageShsOutDil": 85300000,
        "link": "https://www.sec.gov/Archives/edgar/data/921112/000089322004002398/0000893220-04-002398-index.htm",
        "finalLink": "https://www.sec.gov/Archives/edgar/data/921112/000089322004002398/w68441e10vq.htm"
    },
    {
        "date": "2004-06-30",
        "symbol": "LPT",
        "reportedCurrency": "USD",
        "cik": "0000000000",
        "fillingDate": "2004-08-05",
        "acceptedDate": "2004-08-05 17:12:58",
        "calendarYear": "2004",
        "period": "Q2",
        "revenue": 157900000,
        "costOfRevenue": 47400000,
        "grossProfit": 110500000,
        "grossProfitRatio": 0.6998100063,
        "researchAndDevelopmentExpenses": 0,
        "generalAndAdministrativeExpenses": 8000000,
        "sellingAndMarketingExpenses": 32700000,
        "sellingGeneralAndAdministrativeExpenses": 40700000,
        "otherExpenses": 0,
        "operatingExpenses": 40700000,
        "costAndExpenses": 90996000,
        "interestIncome": 0,
        "interestExpense": 30438000,
        "depreciationAndAmortization": 34200000,
        "ebitda": 102538000,
        "ebitdaratio": 0.6493856871,
        "operatingIncome": 69800000,
        "operatingIncomeRatio": 0.4420519316,
        "totalOtherIncomeExpensesNet": -28600000,
        "incomeBeforeTax": 41200000,
        "incomeBeforeTaxRatio": 0.2609246358,
        "incomeTaxExpense": 500000,
        "netIncome": 37400000,
        "netIncomeRatio": 0.2368587714,
        "eps": 0.43,
        "epsdiluted": 0.43,
        "weightedAverageShsOut": 86200000,
        "weightedAverageShsOutDil": 86200000,
        "link": "https://www.sec.gov/Archives/edgar/data/921112/000089322004001604/0000893220-04-001604-index.htm",
        "finalLink": "https://www.sec.gov/Archives/edgar/data/921112/000089322004001604/w99872e10vq.htm"
    },
    {
        "date": "2004-03-31",
        "symbol": "LPT",
        "reportedCurrency": "USD",
        "cik": "0000000000",
        "fillingDate": "2004-05-07",
        "acceptedDate": "2004-05-07 15:14:44",
        "calendarYear": "2004",
        "period": "Q1",
        "revenue": 159500000,
        "costOfRevenue": 49700000,
        "grossProfit": 109800000,
        "grossProfitRatio": 0.6884012539,
        "researchAndDevelopmentExpenses": 0,
        "generalAndAdministrativeExpenses": 8500000,
        "sellingAndMarketingExpenses": 31600000,
        "sellingGeneralAndAdministrativeExpenses": 40100000,
        "otherExpenses": 0,
        "operatingExpenses": 40100000,
        "costAndExpenses": 91853000,
        "interestIncome": 0,
        "interestExpense": 30699000,
        "depreciationAndAmortization": 32800000,
        "ebitda": 102599000,
        "ebitdaratio": 0.6432539185,
        "operatingIncome": 69700000,
        "operatingIncomeRatio": 0.4369905956,
        "totalOtherIncomeExpensesNet": -27600000,
        "incomeBeforeTax": 42100000,
        "incomeBeforeTaxRatio": 0.2639498433,
        "incomeTaxExpense": 400000,
        "netIncome": 38700000,
        "netIncomeRatio": 0.2426332288,
        "eps": 0.45,
        "epsdiluted": 0.45,
        "weightedAverageShsOut": 85100000,
        "weightedAverageShsOutDil": 85100000,
        "link": "https://www.sec.gov/Archives/edgar/data/921112/000089322004000946/0000893220-04-000946-index.htm",
        "finalLink": "https://www.sec.gov/Archives/edgar/data/921112/000089322004000946/w97175e10vq.htm"
    },
    {
        "date": "2003-12-31",
        "symbol": "LPT",
        "reportedCurrency": "USD",
        "cik": "0000000000",
        "fillingDate": "2004-03-11",
        "acceptedDate": "2004-03-11 15:42:24",
        "calendarYear": "2003",
        "period": "Q4",
        "revenue": 157400000,
        "costOfRevenue": 48200000,
        "grossProfit": 109200000,
        "grossProfitRatio": 0.6937738247,
        "researchAndDevelopmentExpenses": 0,
        "generalAndAdministrativeExpenses": 7700000,
        "sellingAndMarketingExpenses": 31100000,
        "sellingGeneralAndAdministrativeExpenses": 38800000,
        "otherExpenses": 0,
        "operatingExpenses": 38800000,
        "costAndExpenses": 209868000,
        "interestIncome": 0,
        "interestExpense": 216494000,
        "depreciationAndAmortization": 32000000,
        "ebitda": 287094000,
        "ebitdaratio": 1.8239771283,
        "operatingIncome": 70400000,
        "operatingIncomeRatio": 0.4472681067,
        "totalOtherIncomeExpensesNet": -28600000,
        "incomeBeforeTax": 41800000,
        "incomeBeforeTaxRatio": 0.2655654384,
        "incomeTaxExpense": 700000,
        "netIncome": 37900000,
        "netIncomeRatio": 0.2407878018,
        "eps": 0.47,
        "epsdiluted": 0.47,
        "weightedAverageShsOut": 81300000,
        "weightedAverageShsOutDil": 81300000,
        "link": "https://www.sec.gov/Archives/edgar/data/921112/000089322004000400/0000893220-04-000400-index.htm",
        "finalLink": "https://www.sec.gov/Archives/edgar/data/921112/000089322004000400/w94572e10vk.htm"
    },
    {
        "date": "2003-09-30",
        "symbol": "LPT",
        "reportedCurrency": "USD",
        "cik": "0000000000",
        "fillingDate": "2003-11-12",
        "acceptedDate": "2003-11-12 14:17:52",
        "calendarYear": "2003",
        "period": "Q3",
        "revenue": 157400000,
        "costOfRevenue": 46700000,
        "grossProfit": 110700000,
        "grossProfitRatio": 0.7033036849,
        "researchAndDevelopmentExpenses": 0,
        "generalAndAdministrativeExpenses": 6500000,
        "sellingAndMarketingExpenses": 30700000,
        "sellingGeneralAndAdministrativeExpenses": 37200000,
        "otherExpenses": 0,
        "operatingExpenses": 37200000,
        "costAndExpenses": 43092000,
        "interestIncome": 0,
        "interestExpense": -31081000,
        "depreciationAndAmortization": 30800000,
        "ebitda": 39319000,
        "ebitdaratio": 0.2498030496,
        "operatingIncome": 73500000,
        "operatingIncomeRatio": 0.4669631512,
        "totalOtherIncomeExpensesNet": -29900000,
        "incomeBeforeTax": 43600000,
        "incomeBeforeTaxRatio": 0.2770012706,
        "incomeTaxExpense": 500000,
        "netIncome": 39100000,
        "netIncomeRatio": 0.24841169,
        "eps": 0.49,
        "epsdiluted": 0.49,
        "weightedAverageShsOut": 80300000,
        "weightedAverageShsOutDil": 80300000,
        "link": "https://www.sec.gov/Archives/edgar/data/921112/000089322003001892/0000893220-03-001892-index.htm",
        "finalLink": "https://www.sec.gov/Archives/edgar/data/921112/000089322003001892/w91583e10vq.htm"
    },
    {
        "date": "2003-06-30",
        "symbol": "LPT",
        "reportedCurrency": "USD",
        "cik": "0000000000",
        "fillingDate": "2003-08-11",
        "acceptedDate": "2003-08-11 16:29:27",
        "calendarYear": "2003",
        "period": "Q2",
        "revenue": 149400000,
        "costOfRevenue": 43400000,
        "grossProfit": 106000000,
        "grossProfitRatio": 0.7095046854,
        "researchAndDevelopmentExpenses": 0,
        "generalAndAdministrativeExpenses": 8400000,
        "sellingAndMarketingExpenses": 31000000,
        "sellingGeneralAndAdministrativeExpenses": 39400000,
        "otherExpenses": 0,
        "operatingExpenses": 39400000,
        "costAndExpenses": 40427000,
        "interestIncome": 0,
        "interestExpense": -30899000,
        "depreciationAndAmortization": 31300000,
        "ebitda": 45901000,
        "ebitdaratio": 0.3072356091,
        "operatingIncome": 66500000,
        "operatingIncomeRatio": 0.4451137885,
        "totalOtherIncomeExpensesNet": -28700000,
        "incomeBeforeTax": 37800000,
        "incomeBeforeTaxRatio": 0.2530120482,
        "incomeTaxExpense": 500000,
        "netIncome": 45000000,
        "netIncomeRatio": 0.3012048193,
        "eps": 0.57,
        "epsdiluted": 0.57,
        "weightedAverageShsOut": 79000000,
        "weightedAverageShsOutDil": 79000000,
        "link": "https://www.sec.gov/Archives/edgar/data/921112/000089322003001386/0000893220-03-001386-index.htm",
        "finalLink": "https://www.sec.gov/Archives/edgar/data/921112/000089322003001386/w89159e10vq.htm"
    },
    {
        "date": "2003-03-31",
        "symbol": "LPT",
        "reportedCurrency": "USD",
        "cik": "0000000000",
        "fillingDate": "2003-05-13",
        "acceptedDate": "2003-05-13 12:09:51",
        "calendarYear": "2003",
        "period": "Q1",
        "revenue": 156200000,
        "costOfRevenue": 46900000,
        "grossProfit": 109300000,
        "grossProfitRatio": 0.6997439181,
        "researchAndDevelopmentExpenses": 0,
        "generalAndAdministrativeExpenses": 5900000,
        "sellingAndMarketingExpenses": 28700000,
        "sellingGeneralAndAdministrativeExpenses": 34600000,
        "otherExpenses": 0,
        "operatingExpenses": 34600000,
        "costAndExpenses": 44075000,
        "interestIncome": 0,
        "interestExpense": -30607000,
        "depreciationAndAmortization": 29000000,
        "ebitda": 40593000,
        "ebitdaratio": 0.2598783611,
        "operatingIncome": 74700000,
        "operatingIncomeRatio": 0.4782330346,
        "totalOtherIncomeExpensesNet": -28000000,
        "incomeBeforeTax": 46700000,
        "incomeBeforeTaxRatio": 0.2989756722,
        "incomeTaxExpense": 600000,
        "netIncome": 41600000,
        "netIncomeRatio": 0.2663252241,
        "eps": 0.53,
        "epsdiluted": 0.53,
        "weightedAverageShsOut": 77900000,
        "weightedAverageShsOutDil": 77900000,
        "link": "https://www.sec.gov/Archives/edgar/data/921112/000089322003000896/0000893220-03-000896-index.htm",
        "finalLink": "https://www.sec.gov/Archives/edgar/data/921112/000089322003000896/w86212e10vq.htm"
    },
    {
        "date": "2002-12-31",
        "symbol": "LPT",
        "reportedCurrency": "USD",
        "cik": "0000000000",
        "fillingDate": "2002-12-31",
        "acceptedDate": "2002-12-30 19:00:00",
        "calendarYear": "2002",
        "period": "Q4",
        "revenue": 149200000,
        "costOfRevenue": 45400000,
        "grossProfit": 103800000,
        "grossProfitRatio": 0.6957104558,
        "researchAndDevelopmentExpenses": 0,
        "generalAndAdministrativeExpenses": 5500000,
        "sellingAndMarketingExpenses": 28200000,
        "sellingGeneralAndAdministrativeExpenses": 33700000,
        "otherExpenses": 0,
        "operatingExpenses": 33700000,
        "costAndExpenses": 79100000,
        "interestIncome": 0,
        "interestExpense": 0,
        "depreciationAndAmortization": 28500000,
        "ebitda": 62000000,
        "ebitdaratio": 0.4155495979,
        "operatingIncome": 70100000,
        "operatingIncomeRatio": 0.4698391421,
        "totalOtherIncomeExpensesNet": -33300000,
        "incomeBeforeTax": 36800000,
        "incomeBeforeTaxRatio": 0.2466487936,
        "incomeTaxExpense": 200000,
        "netIncome": 33300000,
        "netIncomeRatio": 0.2231903485,
        "eps": 0.43,
        "epsdiluted": 0.43,
        "weightedAverageShsOut": 77200000,
        "weightedAverageShsOutDil": 77200000,
        "link": "",
        "finalLink": ""
    },
    {
        "date": "2002-09-30",
        "symbol": "LPT",
        "reportedCurrency": "USD",
        "cik": "0000000000",
        "fillingDate": "2002-09-30",
        "acceptedDate": "2002-09-29 20:00:00",
        "calendarYear": "2002",
        "period": "Q3",
        "revenue": 153400000,
        "costOfRevenue": 42800000,
        "grossProfit": 110600000,
        "grossProfitRatio": 0.7209908735,
        "researchAndDevelopmentExpenses": 0,
        "generalAndAdministrativeExpenses": 5100000,
        "sellingAndMarketingExpenses": 27900000,
        "sellingGeneralAndAdministrativeExpenses": 33000000,
        "otherExpenses": 0,
        "operatingExpenses": 33000000,
        "costAndExpenses": 75800000,
        "interestIncome": 0,
        "interestExpense": 0,
        "depreciationAndAmortization": 28200000,
        "ebitda": 70000000,
        "ebitdaratio": 0.4563233377,
        "operatingIncome": 74100000,
        "operatingIncomeRatio": 0.4830508475,
        "totalOtherIncomeExpensesNet": -28800000,
        "incomeBeforeTax": 45300000,
        "incomeBeforeTaxRatio": 0.2953063885,
        "incomeTaxExpense": 200000,
        "netIncome": 41600000,
        "netIncomeRatio": 0.2711864407,
        "eps": 0.55,
        "epsdiluted": 0.55,
        "weightedAverageShsOut": 75700000,
        "weightedAverageShsOutDil": 75700000,
        "link": "",
        "finalLink": ""
    },
    {
        "date": "2002-06-30",
        "symbol": "LPT",
        "reportedCurrency": "USD",
        "cik": "0000000000",
        "fillingDate": "2002-06-30",
        "acceptedDate": "2002-06-29 20:00:00",
        "calendarYear": "2002",
        "period": "Q2",
        "revenue": 145400000,
        "costOfRevenue": 42000000,
        "grossProfit": 103400000,
        "grossProfitRatio": 0.7111416781,
        "researchAndDevelopmentExpenses": 0,
        "generalAndAdministrativeExpenses": 5400000,
        "sellingAndMarketingExpenses": 27300000,
        "sellingGeneralAndAdministrativeExpenses": 32700000,
        "otherExpenses": 0,
        "operatingExpenses": 32700000,
        "costAndExpenses": 74700000,
        "interestIncome": 0,
        "interestExpense": 0,
        "depreciationAndAmortization": 27700000,
        "ebitda": 72500000,
        "ebitdaratio": 0.4986244842,
        "operatingIncome": 72700000,
        "operatingIncomeRatio": 0.5,
        "totalOtherIncomeExpensesNet": -26500000,
        "incomeBeforeTax": 46200000,
        "incomeBeforeTaxRatio": 0.3177441541,
        "incomeTaxExpense": 300000,
        "netIncome": 44500000,
        "netIncomeRatio": 0.3060522696,
        "eps": 0.57,
        "epsdiluted": 0.57,
        "weightedAverageShsOut": 77400000,
        "weightedAverageShsOutDil": 77400000,
        "link": "",
        "finalLink": ""
    },
    {
        "date": "2002-03-31",
        "symbol": "LPT",
        "reportedCurrency": "USD",
        "cik": "0000000000",
        "fillingDate": "2002-03-31",
        "acceptedDate": "2002-03-30 19:00:00",
        "calendarYear": "2002",
        "period": "Q1",
        "revenue": 145400000,
        "costOfRevenue": 41700000,
        "grossProfit": 103700000,
        "grossProfitRatio": 0.7132049519,
        "researchAndDevelopmentExpenses": 0,
        "generalAndAdministrativeExpenses": 6000000,
        "sellingAndMarketingExpenses": 26200000,
        "sellingGeneralAndAdministrativeExpenses": 32200000,
        "otherExpenses": 0,
        "operatingExpenses": 32200000,
        "costAndExpenses": 73900000,
        "interestIncome": 0,
        "interestExpense": 0,
        "depreciationAndAmortization": 26500000,
        "ebitda": 68700000,
        "ebitdaratio": 0.4724896836,
        "operatingIncome": 73100000,
        "operatingIncomeRatio": 0.5027510316,
        "totalOtherIncomeExpensesNet": -28300000,
        "incomeBeforeTax": 44800000,
        "incomeBeforeTaxRatio": 0.3081155433,
        "incomeTaxExpense": -28300000,
        "netIncome": 42200000,
        "netIncomeRatio": 0.2902338377,
        "eps": 0.57,
        "epsdiluted": 0.57,
        "weightedAverageShsOut": 73900000,
        "weightedAverageShsOutDil": 73900000,
        "link": "",
        "finalLink": ""
    },
    {
        "date": "2001-12-31",
        "symbol": "LPT",
        "reportedCurrency": "USD",
        "cik": "0000000000",
        "fillingDate": "2001-12-31",
        "acceptedDate": "2001-12-30 19:00:00",
        "calendarYear": "2001",
        "period": "Q4",
        "revenue": 147300000,
        "costOfRevenue": 43500000,
        "grossProfit": 103800000,
        "grossProfitRatio": 0.7046843177,
        "researchAndDevelopmentExpenses": 0,
        "generalAndAdministrativeExpenses": 4900000,
        "sellingAndMarketingExpenses": 27100000,
        "sellingGeneralAndAdministrativeExpenses": 32000000,
        "otherExpenses": 0,
        "operatingExpenses": 32000000,
        "costAndExpenses": 75500000,
        "interestIncome": 0,
        "interestExpense": 0,
        "depreciationAndAmortization": 27100000,
        "ebitda": 67800000,
        "ebitdaratio": 0.4602851324,
        "operatingIncome": 74000000,
        "operatingIncomeRatio": 0.5023761032,
        "totalOtherIncomeExpensesNet": -28600000,
        "incomeBeforeTax": 45400000,
        "incomeBeforeTaxRatio": 0.3082145282,
        "incomeTaxExpense": -28599999.999999993,
        "netIncome": 40700000,
        "netIncomeRatio": 0.2763068568,
        "eps": 0.53,
        "epsdiluted": 0.53,
        "weightedAverageShsOut": 76400000,
        "weightedAverageShsOutDil": 76400000,
        "link": "",
        "finalLink": ""
    },
    {
        "date": "2001-09-30",
        "symbol": "LPT",
        "reportedCurrency": "USD",
        "cik": "0000000000",
        "fillingDate": "2001-11-09",
        "acceptedDate": "2001-11-09 00:00:00",
        "calendarYear": "2001",
        "period": "Q3",
        "revenue": 145800000,
        "costOfRevenue": 43000000,
        "grossProfit": 102800000,
        "grossProfitRatio": 0.7050754458,
        "researchAndDevelopmentExpenses": 0,
        "generalAndAdministrativeExpenses": 5000000,
        "sellingAndMarketingExpenses": 25600000,
        "sellingGeneralAndAdministrativeExpenses": 30600000,
        "otherExpenses": 0,
        "operatingExpenses": 30600000,
        "costAndExpenses": 73600000,
        "interestIncome": 0,
        "interestExpense": 0,
        "depreciationAndAmortization": 25800000,
        "ebitda": 68100000,
        "ebitdaratio": 0.4670781893,
        "operatingIncome": 74000000,
        "operatingIncomeRatio": 0.5075445816,
        "totalOtherIncomeExpensesNet": -27400000,
        "incomeBeforeTax": 46600000,
        "incomeBeforeTaxRatio": 0.3196159122,
        "incomeTaxExpense": -27400000,
        "netIncome": 42300000,
        "netIncomeRatio": 0.2901234568,
        "eps": 0.57,
        "epsdiluted": 0.57,
        "weightedAverageShsOut": 74000000,
        "weightedAverageShsOutDil": 74000000,
        "link": "https://www.sec.gov/Archives/edgar/data/921113/000092111201500008/0000921112-01-500008-index.html",
        "finalLink": "https://www.sec.gov/Archives/edgar/data/921112/000092111201500008/q093001.txt"
    },
    {
        "date": "2001-06-30",
        "symbol": "LPT",
        "reportedCurrency": "USD",
        "cik": "0000000000",
        "fillingDate": "2001-08-08",
        "acceptedDate": "2001-08-08 00:00:00",
        "calendarYear": "2001",
        "period": "Q2",
        "revenue": 141600000,
        "costOfRevenue": 38500000,
        "grossProfit": 103100000,
        "grossProfitRatio": 0.7281073446,
        "researchAndDevelopmentExpenses": 0,
        "generalAndAdministrativeExpenses": 5500000,
        "sellingAndMarketingExpenses": 24600000,
        "sellingGeneralAndAdministrativeExpenses": 30100000,
        "otherExpenses": 0,
        "operatingExpenses": 30100000,
        "costAndExpenses": 68600000,
        "interestIncome": 0,
        "interestExpense": 0,
        "depreciationAndAmortization": 24800000,
        "ebitda": 67200000,
        "ebitdaratio": 0.4745762712,
        "operatingIncome": 74100000,
        "operatingIncomeRatio": 0.5233050847,
        "totalOtherIncomeExpensesNet": -27200000,
        "incomeBeforeTax": 46900000,
        "incomeBeforeTaxRatio": 0.3312146893,
        "incomeTaxExpense": -27200000,
        "netIncome": 42400000,
        "netIncomeRatio": 0.2994350282,
        "eps": 0.59,
        "epsdiluted": 0.59,
        "weightedAverageShsOut": 71600000,
        "weightedAverageShsOutDil": 71600000,
        "link": "https://www.sec.gov/Archives/edgar/data/921113/000092111201500007/0000921112-01-500007-index.html",
        "finalLink": "https://www.sec.gov/Archives/edgar/data/921112/000092111201500007/q063001.txt"
    },
    {
        "date": "2001-03-31",
        "symbol": "LPT",
        "reportedCurrency": "USD",
        "cik": "0000000000",
        "fillingDate": "2001-03-31",
        "acceptedDate": "2001-03-30 19:00:00",
        "calendarYear": "2001",
        "period": "Q1",
        "revenue": 143800000,
        "costOfRevenue": 42600000,
        "grossProfit": 101200000,
        "grossProfitRatio": 0.7037552156,
        "researchAndDevelopmentExpenses": 0,
        "generalAndAdministrativeExpenses": 5800000,
        "sellingAndMarketingExpenses": 24800000,
        "sellingGeneralAndAdministrativeExpenses": 30600000,
        "otherExpenses": 0,
        "operatingExpenses": 30600000,
        "costAndExpenses": 73200000,
        "interestIncome": 0,
        "interestExpense": 0,
        "depreciationAndAmortization": 24900000,
        "ebitda": 66000000,
        "ebitdaratio": 0.4589707928,
        "operatingIncome": 72100000,
        "operatingIncomeRatio": 0.5013908206,
        "totalOtherIncomeExpensesNet": -26300000,
        "incomeBeforeTax": 45800000,
        "incomeBeforeTaxRatio": 0.3184979138,
        "incomeTaxExpense": -26300000,
        "netIncome": 41100000,
        "netIncomeRatio": 0.28581363,
        "eps": 0.55,
        "epsdiluted": 0.55,
        "weightedAverageShsOut": 74500000,
        "weightedAverageShsOutDil": 74500000,
        "link": "",
        "finalLink": ""
    },
    {
        "date": "2000-12-31",
        "symbol": "LPT",
        "reportedCurrency": "USD",
        "cik": "0000000000",
        "fillingDate": "2000-12-31",
        "acceptedDate": "2000-12-30 19:00:00",
        "calendarYear": "2000",
        "period": "Q4",
        "revenue": 137800000,
        "costOfRevenue": 38400000,
        "grossProfit": 99400000,
        "grossProfitRatio": 0.7213352685,
        "researchAndDevelopmentExpenses": 0,
        "generalAndAdministrativeExpenses": 5300000,
        "sellingAndMarketingExpenses": 25100000,
        "sellingGeneralAndAdministrativeExpenses": 30400000,
        "otherExpenses": 0,
        "operatingExpenses": 30400000,
        "costAndExpenses": 68800000,
        "interestIncome": 0,
        "interestExpense": 0,
        "depreciationAndAmortization": 25100000,
        "ebitda": 67100000,
        "ebitdaratio": 0.4869375907,
        "operatingIncome": 69300000,
        "operatingIncomeRatio": 0.5029027576,
        "totalOtherIncomeExpensesNet": -22100000,
        "incomeBeforeTax": 47200000,
        "incomeBeforeTaxRatio": 0.3425253991,
        "incomeTaxExpense": -22100000,
        "netIncome": 42000000,
        "netIncomeRatio": 0.3047895501,
        "eps": 0.61,
        "epsdiluted": 0.61,
        "weightedAverageShsOut": 68800000,
        "weightedAverageShsOutDil": 68800000,
        "link": "",
        "finalLink": ""
    },
    {
        "date": "2000-09-30",
        "symbol": "LPT",
        "reportedCurrency": "USD",
        "cik": "0000000000",
        "fillingDate": "2000-11-13",
        "acceptedDate": "2000-11-13 00:00:00",
        "calendarYear": "2000",
        "period": "Q3",
        "revenue": 133400000,
        "costOfRevenue": 37500000,
        "grossProfit": 95900000,
        "grossProfitRatio": 0.7188905547,
        "researchAndDevelopmentExpenses": 0,
        "generalAndAdministrativeExpenses": 4700000,
        "sellingAndMarketingExpenses": 23000000,
        "sellingGeneralAndAdministrativeExpenses": 27700000,
        "otherExpenses": 0,
        "operatingExpenses": 27700000,
        "costAndExpenses": 65200000,
        "interestIncome": 0,
        "interestExpense": 0,
        "depreciationAndAmortization": 22900000,
        "ebitda": 63000000,
        "ebitdaratio": 0.4722638681,
        "operatingIncome": 69700000,
        "operatingIncomeRatio": 0.5224887556,
        "totalOtherIncomeExpensesNet": -24500000,
        "incomeBeforeTax": 45200000,
        "incomeBeforeTaxRatio": 0.3388305847,
        "incomeTaxExpense": -24500000,
        "netIncome": 40100000,
        "netIncomeRatio": 0.3005997001,
        "eps": 0.58,
        "epsdiluted": 0.58,
        "weightedAverageShsOut": 68700000,
        "weightedAverageShsOutDil": 68700000,
        "link": "https://www.sec.gov/Archives/edgar/data/921113/000092111200000014/0000921112-00-000014-index.html",
        "finalLink": "https://www.sec.gov/Archives/edgar/data/921112/000092111200000014/0000921112-00-000014-0001.txt"
    },
    {
        "date": "2000-06-30",
        "symbol": "LPT",
        "reportedCurrency": "USD",
        "cik": "0000000000",
        "fillingDate": "2000-08-11",
        "acceptedDate": "2000-08-11 00:00:00",
        "calendarYear": "2000",
        "period": "Q2",
        "revenue": 129700000,
        "costOfRevenue": 35700000,
        "grossProfit": 94000000,
        "grossProfitRatio": 0.7247494217,
        "researchAndDevelopmentExpenses": 0,
        "generalAndAdministrativeExpenses": 4800000,
        "sellingAndMarketingExpenses": 22800000,
        "sellingGeneralAndAdministrativeExpenses": 27600000,
        "otherExpenses": 0,
        "operatingExpenses": 27600000,
        "costAndExpenses": 63300000,
        "interestIncome": 0,
        "interestExpense": 0,
        "depreciationAndAmortization": 22900000,
        "ebitda": 63200000,
        "ebitdaratio": 0.4872783346,
        "operatingIncome": 67800000,
        "operatingIncomeRatio": 0.5227447957,
        "totalOtherIncomeExpensesNet": -22000000,
        "incomeBeforeTax": 45800000,
        "incomeBeforeTaxRatio": 0.3531225906,
        "incomeTaxExpense": -22000000,
        "netIncome": 40300000,
        "netIncomeRatio": 0.3107170393,
        "eps": 0.59,
        "epsdiluted": 0.59,
        "weightedAverageShsOut": 67800000,
        "weightedAverageShsOutDil": 67800000,
        "link": "https://www.sec.gov/Archives/edgar/data/921113/000092111200000008/0000921112-00-000008-index.html",
        "finalLink": "https://www.sec.gov/Archives/edgar/data/921112/000092111200000008/0000921112-00-000008-0001.txt"
    },
    {
        "date": "2000-03-31",
        "symbol": "LPT",
        "reportedCurrency": "USD",
        "cik": "0000000000",
        "fillingDate": "2000-05-11",
        "acceptedDate": "2000-05-11 00:00:00",
        "calendarYear": "2000",
        "period": "Q1",
        "revenue": 127700000,
        "costOfRevenue": 37100000,
        "grossProfit": 90600000,
        "grossProfitRatio": 0.7094753328,
        "researchAndDevelopmentExpenses": 0,
        "generalAndAdministrativeExpenses": 4400000,
        "sellingAndMarketingExpenses": 22700000,
        "sellingGeneralAndAdministrativeExpenses": 27100000,
        "otherExpenses": 0,
        "operatingExpenses": 27100000,
        "costAndExpenses": 64200000,
        "interestIncome": 0,
        "interestExpense": 0,
        "depreciationAndAmortization": 22600000,
        "ebitda": 59500000,
        "ebitdaratio": 0.465935787,
        "operatingIncome": 64700000,
        "operatingIncomeRatio": 0.5066562255,
        "totalOtherIncomeExpensesNet": -21300000,
        "incomeBeforeTax": 43400000,
        "incomeBeforeTaxRatio": 0.3398590446,
        "incomeTaxExpense": -21300000,
        "netIncome": 36900000,
        "netIncomeRatio": 0.2889584965,
        "eps": 0.55,
        "epsdiluted": 0.55,
        "weightedAverageShsOut": 67300000,
        "weightedAverageShsOutDil": 67300000,
        "link": "https://www.sec.gov/Archives/edgar/data/921113/000092111200000003/0000921112-00-000003-index.html",
        "finalLink": "https://www.sec.gov/Archives/edgar/data/921113/0000921112-00-000003.txt"
    },
    {
        "date": "1999-12-31",
        "symbol": "LPT",
        "reportedCurrency": "USD",
        "cik": "0000000000",
        "fillingDate": "1999-12-31",
        "acceptedDate": "1999-12-30 19:00:00",
        "calendarYear": "1999",
        "period": "Q4",
        "revenue": 123200000,
        "costOfRevenue": 35300000,
        "grossProfit": 87900000,
        "grossProfitRatio": 0.713474026,
        "researchAndDevelopmentExpenses": 0,
        "generalAndAdministrativeExpenses": 4200000,
        "sellingAndMarketingExpenses": 22100000,
        "sellingGeneralAndAdministrativeExpenses": 26300000,
        "otherExpenses": 0,
        "operatingExpenses": 26300000,
        "costAndExpenses": 61600000,
        "interestIncome": 0,
        "interestExpense": 0,
        "depreciationAndAmortization": 22100000,
        "ebitda": 55700000,
        "ebitdaratio": 0.4521103896,
        "operatingIncome": 63200000,
        "operatingIncomeRatio": 0.512987013,
        "totalOtherIncomeExpensesNet": -24000000,
        "incomeBeforeTax": 39200000,
        "incomeBeforeTaxRatio": 0.3181818182,
        "incomeTaxExpense": -24000000,
        "netIncome": 33600000,
        "netIncomeRatio": 0.2727272727,
        "eps": 0.5,
        "epsdiluted": 0.5,
        "weightedAverageShsOut": 67000000,
        "weightedAverageShsOutDil": 67000000,
        "link": "",
        "finalLink": ""
    },
    {
        "date": "1999-09-30",
        "symbol": "LPT",
        "reportedCurrency": "USD",
        "cik": "0000000000",
        "fillingDate": "1999-09-30",
        "acceptedDate": "1999-09-29 20:00:00",
        "calendarYear": "1999",
        "period": "Q3",
        "revenue": 118600000,
        "costOfRevenue": 32500000,
        "grossProfit": 86100000,
        "grossProfitRatio": 0.7259696459,
        "researchAndDevelopmentExpenses": 0,
        "generalAndAdministrativeExpenses": 4000000,
        "sellingAndMarketingExpenses": 21800000,
        "sellingGeneralAndAdministrativeExpenses": 25800000,
        "otherExpenses": 0,
        "operatingExpenses": 25800000,
        "costAndExpenses": 58300000,
        "interestIncome": 0,
        "interestExpense": 0,
        "depreciationAndAmortization": 21800000,
        "ebitda": 53900000,
        "ebitdaratio": 0.4544688027,
        "operatingIncome": 62000000,
        "operatingIncomeRatio": 0.5227655987,
        "totalOtherIncomeExpensesNet": -26100000,
        "incomeBeforeTax": 35900000,
        "incomeBeforeTaxRatio": 0.302698145,
        "incomeTaxExpense": -26099999.999999996,
        "netIncome": 32100000,
        "netIncomeRatio": 0.2706576728,
        "eps": 0.48,
        "epsdiluted": 0.48,
        "weightedAverageShsOut": 67000000,
        "weightedAverageShsOutDil": 67000000,
        "link": "",
        "finalLink": ""
    },
    {
        "date": "1999-06-30",
        "symbol": "LPT",
        "reportedCurrency": "USD",
        "cik": "0000000000",
        "fillingDate": "1999-06-30",
        "acceptedDate": "1999-06-29 20:00:00",
        "calendarYear": "1999",
        "period": "Q2",
        "revenue": 113800000,
        "costOfRevenue": 30700000,
        "grossProfit": 83100000,
        "grossProfitRatio": 0.730228471,
        "researchAndDevelopmentExpenses": 0,
        "generalAndAdministrativeExpenses": 3900000,
        "sellingAndMarketingExpenses": 20500000,
        "sellingGeneralAndAdministrativeExpenses": 24400000,
        "otherExpenses": 0,
        "operatingExpenses": 24400000,
        "costAndExpenses": 55100000,
        "interestIncome": 0,
        "interestExpense": 0,
        "depreciationAndAmortization": 20500000,
        "ebitda": 63800000,
        "ebitdaratio": 0.5606326889,
        "operatingIncome": 60100000,
        "operatingIncomeRatio": 0.5281195079,
        "totalOtherIncomeExpensesNet": -13800000,
        "incomeBeforeTax": 46300000,
        "incomeBeforeTaxRatio": 0.4068541301,
        "incomeTaxExpense": -13800000,
        "netIncome": 43300000,
        "netIncomeRatio": 0.3804920914,
        "eps": 0.65,
        "epsdiluted": 0.65,
        "weightedAverageShsOut": 67000000,
        "weightedAverageShsOutDil": 67000000,
        "link": "",
        "finalLink": ""
    },
    {
        "date": "1999-03-31",
        "symbol": "LPT",
        "reportedCurrency": "USD",
        "cik": "0000000000",
        "fillingDate": "1999-03-31",
        "acceptedDate": "1999-03-30 19:00:00",
        "calendarYear": "1999",
        "period": "Q1",
        "revenue": 111000000,
        "costOfRevenue": 31000000,
        "grossProfit": 80000000,
        "grossProfitRatio": 0.7207207207,
        "researchAndDevelopmentExpenses": 0,
        "generalAndAdministrativeExpenses": 4000000,
        "sellingAndMarketingExpenses": 20100000,
        "sellingGeneralAndAdministrativeExpenses": 24100000,
        "otherExpenses": 0,
        "operatingExpenses": 24100000,
        "costAndExpenses": 55100000,
        "interestIncome": 0,
        "interestExpense": 0,
        "depreciationAndAmortization": 20100000,
        "ebitda": 52500000,
        "ebitdaratio": 0.472972973,
        "operatingIncome": 57100000,
        "operatingIncomeRatio": 0.5144144144,
        "totalOtherIncomeExpensesNet": -22500000,
        "incomeBeforeTax": 34600000,
        "incomeBeforeTaxRatio": 0.3117117117,
        "incomeTaxExpense": -22500000,
        "netIncome": 32400000,
        "netIncomeRatio": 0.2918918919,
        "eps": 0.49,
        "epsdiluted": 0.49,
        "weightedAverageShsOut": 66200000,
        "weightedAverageShsOutDil": 66200000,
        "link": "",
        "finalLink": ""
    },
    {
        "date": "1998-12-31",
        "symbol": "LPT",
        "reportedCurrency": "USD",
        "cik": "0000000000",
        "fillingDate": "1998-12-31",
        "acceptedDate": "1998-12-30 19:00:00",
        "calendarYear": "1998",
        "period": "Q4",
        "revenue": 108600000,
        "costOfRevenue": 32800000,
        "grossProfit": 75800000,
        "grossProfitRatio": 0.6979742173,
        "researchAndDevelopmentExpenses": 0,
        "generalAndAdministrativeExpenses": 4100000,
        "sellingAndMarketingExpenses": 19100000,
        "sellingGeneralAndAdministrativeExpenses": 23200000,
        "otherExpenses": 0,
        "operatingExpenses": 23200000,
        "costAndExpenses": 56000000,
        "interestIncome": 0,
        "interestExpense": 0,
        "depreciationAndAmortization": 19100000,
        "ebitda": 48100000,
        "ebitdaratio": 0.4429097606,
        "operatingIncome": 53700000,
        "operatingIncomeRatio": 0.4944751381,
        "totalOtherIncomeExpensesNet": -22600000,
        "incomeBeforeTax": 31100000,
        "incomeBeforeTaxRatio": 0.2863720074,
        "incomeTaxExpense": -22599999.999999996,
        "netIncome": 29000000,
        "netIncomeRatio": 0.2670349908,
        "eps": 0.44,
        "epsdiluted": 0.44,
        "weightedAverageShsOut": 65800000,
        "weightedAverageShsOutDil": 65800000,
        "link": "",
        "finalLink": ""
    },
    {
        "date": "1998-09-30",
        "symbol": "LPT",
        "reportedCurrency": "USD",
        "cik": "0000000000",
        "fillingDate": "1998-09-30",
        "acceptedDate": "1998-09-29 20:00:00",
        "calendarYear": "1998",
        "period": "Q3",
        "revenue": 102100000,
        "costOfRevenue": 29400000,
        "grossProfit": 72700000,
        "grossProfitRatio": 0.7120470127,
        "researchAndDevelopmentExpenses": 0,
        "generalAndAdministrativeExpenses": 4400000,
        "sellingAndMarketingExpenses": 18000000,
        "sellingGeneralAndAdministrativeExpenses": 22400000,
        "otherExpenses": 0,
        "operatingExpenses": 22400000,
        "costAndExpenses": 51800000,
        "interestIncome": 0,
        "interestExpense": 0,
        "depreciationAndAmortization": 18100000,
        "ebitda": 46900000,
        "ebitdaratio": 0.4593535749,
        "operatingIncome": 51700000,
        "operatingIncomeRatio": 0.5063663075,
        "totalOtherIncomeExpensesNet": -20800000,
        "incomeBeforeTax": 30900000,
        "incomeBeforeTaxRatio": 0.3026444662,
        "incomeTaxExpense": -20799999.999999996,
        "netIncome": 28800000,
        "netIncomeRatio": 0.2820763957,
        "eps": 0.45,
        "epsdiluted": 0.45,
        "weightedAverageShsOut": 63700000,
        "weightedAverageShsOutDil": 63700000,
        "link": "",
        "finalLink": ""
    },
    {
        "date": "1998-06-30",
        "symbol": "LPT",
        "reportedCurrency": "USD",
        "cik": "0000000000",
        "fillingDate": "1998-06-30",
        "acceptedDate": "1998-06-29 20:00:00",
        "calendarYear": "1998",
        "period": "Q2",
        "revenue": 90800000,
        "costOfRevenue": 24200000,
        "grossProfit": 66600000,
        "grossProfitRatio": 0.7334801762,
        "researchAndDevelopmentExpenses": 0,
        "generalAndAdministrativeExpenses": 3700000,
        "sellingAndMarketingExpenses": 16600000,
        "sellingGeneralAndAdministrativeExpenses": 20300000,
        "otherExpenses": 0,
        "operatingExpenses": 20300000,
        "costAndExpenses": 44500000,
        "interestIncome": 0,
        "interestExpense": 0,
        "depreciationAndAmortization": 16500000,
        "ebitda": 42500000,
        "ebitdaratio": 0.468061674,
        "operatingIncome": 48000000,
        "operatingIncomeRatio": 0.5286343612,
        "totalOtherIncomeExpensesNet": -19900000,
        "incomeBeforeTax": 28100000,
        "incomeBeforeTaxRatio": 0.3094713656,
        "incomeTaxExpense": -19900000,
        "netIncome": 26000000,
        "netIncomeRatio": 0.2863436123,
        "eps": 0.43,
        "epsdiluted": 0.43,
        "weightedAverageShsOut": 60100000,
        "weightedAverageShsOutDil": 60100000,
        "link": "",
        "finalLink": ""
    },
    {
        "date": "1998-03-31",
        "symbol": "LPT",
        "reportedCurrency": "USD",
        "cik": "0000000000",
        "fillingDate": "1998-03-31",
        "acceptedDate": "1998-03-30 19:00:00",
        "calendarYear": "1998",
        "period": "Q1",
        "revenue": 81400000,
        "costOfRevenue": 21900000,
        "grossProfit": 59500000,
        "grossProfitRatio": 0.730958231,
        "researchAndDevelopmentExpenses": 0,
        "generalAndAdministrativeExpenses": 3400000,
        "sellingAndMarketingExpenses": 14200000,
        "sellingGeneralAndAdministrativeExpenses": 17600000,
        "otherExpenses": 0,
        "operatingExpenses": 17600000,
        "costAndExpenses": 39500000,
        "interestIncome": 0,
        "interestExpense": 0,
        "depreciationAndAmortization": 14200000,
        "ebitda": 38900000,
        "ebitdaratio": 0.4778869779,
        "operatingIncome": 43100000,
        "operatingIncomeRatio": 0.5294840295,
        "totalOtherIncomeExpensesNet": -16600000,
        "incomeBeforeTax": 26500000,
        "incomeBeforeTaxRatio": 0.3255528256,
        "incomeTaxExpense": -16600000,
        "netIncome": 24700000,
        "netIncomeRatio": 0.3034398034,
        "eps": 0.44,
        "epsdiluted": 0.44,
        "weightedAverageShsOut": 55700000,
        "weightedAverageShsOutDil": 55700000,
        "link": "",
        "finalLink": ""
    },
    {
        "date": "1997-12-31",
        "symbol": "LPT",
        "reportedCurrency": "USD",
        "cik": "0000000000",
        "fillingDate": "1997-12-31",
        "acceptedDate": "1997-12-30 19:00:00",
        "calendarYear": "1997",
        "period": "Q4",
        "revenue": 68200000,
        "costOfRevenue": 18900000,
        "grossProfit": 49300000,
        "grossProfitRatio": 0.7228739003,
        "researchAndDevelopmentExpenses": 0,
        "generalAndAdministrativeExpenses": 3000000,
        "sellingAndMarketingExpenses": 12000000,
        "sellingGeneralAndAdministrativeExpenses": 15000000,
        "otherExpenses": 0,
        "operatingExpenses": 15000000,
        "costAndExpenses": 33900000,
        "interestIncome": 0,
        "interestExpense": 0,
        "depreciationAndAmortization": 12000000,
        "ebitda": 35000000,
        "ebitdaratio": 0.5131964809,
        "operatingIncome": 38500000,
        "operatingIncomeRatio": 0.564516129,
        "totalOtherIncomeExpensesNet": -13700000,
        "incomeBeforeTax": 24800000,
        "incomeBeforeTaxRatio": 0.3636363636,
        "incomeTaxExpense": -13699999.999999996,
        "netIncome": 23000000,
        "netIncomeRatio": 0.3372434018,
        "eps": 0.5,
        "epsdiluted": 0.5,
        "weightedAverageShsOut": 46400000,
        "weightedAverageShsOutDil": 46400000,
        "link": "",
        "finalLink": ""
    },
    {
        "date": "1997-09-30",
        "symbol": "LPT",
        "reportedCurrency": "USD",
        "cik": "0000000000",
        "fillingDate": "1997-09-30",
        "acceptedDate": "1997-09-29 20:00:00",
        "calendarYear": "1997",
        "period": "Q3",
        "revenue": 60800000,
        "costOfRevenue": 16700000,
        "grossProfit": 44100000,
        "grossProfitRatio": 0.7253289474,
        "researchAndDevelopmentExpenses": 0,
        "generalAndAdministrativeExpenses": 2800000,
        "sellingAndMarketingExpenses": 11600000,
        "sellingGeneralAndAdministrativeExpenses": 14400000,
        "otherExpenses": 0,
        "operatingExpenses": 14400000,
        "costAndExpenses": 31100000,
        "interestIncome": 0,
        "interestExpense": 0,
        "depreciationAndAmortization": 11500000,
        "ebitda": 27500000,
        "ebitdaratio": 0.4523026316,
        "operatingIncome": 31400000,
        "operatingIncomeRatio": 0.5164473684,
        "totalOtherIncomeExpensesNet": -13800000,
        "incomeBeforeTax": 17600000,
        "incomeBeforeTaxRatio": 0.2894736842,
        "incomeTaxExpense": -13800000,
        "netIncome": 16000000,
        "netIncomeRatio": 0.2631578947,
        "eps": 0.38,
        "epsdiluted": 0.38,
        "weightedAverageShsOut": 41700000,
        "weightedAverageShsOutDil": 41700000,
        "link": "",
        "finalLink": ""
    },
    {
        "date": "1997-06-30",
        "symbol": "LPT",
        "reportedCurrency": "USD",
        "cik": "0000000000",
        "fillingDate": "1997-06-30",
        "acceptedDate": "1997-06-29 20:00:00",
        "calendarYear": "1997",
        "period": "Q2",
        "revenue": 51400000,
        "costOfRevenue": 13500000,
        "grossProfit": 37900000,
        "grossProfitRatio": 0.7373540856,
        "researchAndDevelopmentExpenses": 0,
        "generalAndAdministrativeExpenses": 2300000,
        "sellingAndMarketingExpenses": 9300000,
        "sellingGeneralAndAdministrativeExpenses": 11600000,
        "otherExpenses": 0,
        "operatingExpenses": 11600000,
        "costAndExpenses": 25100000,
        "interestIncome": 0,
        "interestExpense": 0,
        "depreciationAndAmortization": 9300000,
        "ebitda": 20300000,
        "ebitdaratio": 0.3949416342,
        "operatingIncome": 26100000,
        "operatingIncomeRatio": 0.5077821012,
        "totalOtherIncomeExpensesNet": -13900000,
        "incomeBeforeTax": 12200000,
        "incomeBeforeTaxRatio": 0.2373540856,
        "incomeTaxExpense": -13900000,
        "netIncome": 11000000,
        "netIncomeRatio": 0.2140077821,
        "eps": 0.27,
        "epsdiluted": 0.27,
        "weightedAverageShsOut": 41100000,
        "weightedAverageShsOutDil": 41100000,
        "link": "",
        "finalLink": ""
    },
    {
        "date": "1997-03-31",
        "symbol": "LPT",
        "reportedCurrency": "USD",
        "cik": "0000000000",
        "fillingDate": "1997-03-31",
        "acceptedDate": "1997-03-30 19:00:00",
        "calendarYear": "1997",
        "period": "Q1",
        "revenue": 45600000,
        "costOfRevenue": 11900000,
        "grossProfit": 33700000,
        "grossProfitRatio": 0.7390350877,
        "researchAndDevelopmentExpenses": 0,
        "generalAndAdministrativeExpenses": 2500000,
        "sellingAndMarketingExpenses": 8000000,
        "sellingGeneralAndAdministrativeExpenses": 10500000,
        "otherExpenses": 0,
        "operatingExpenses": 10500000,
        "costAndExpenses": 22400000,
        "interestIncome": 0,
        "interestExpense": 0,
        "depreciationAndAmortization": 8000000,
        "ebitda": 18500000,
        "ebitdaratio": 0.4057017544,
        "operatingIncome": 24100000,
        "operatingIncomeRatio": 0.5285087719,
        "totalOtherIncomeExpensesNet": -12600000,
        "incomeBeforeTax": 11500000,
        "incomeBeforeTaxRatio": 0.2521929825,
        "incomeTaxExpense": -12600000,
        "netIncome": 10500000,
        "netIncomeRatio": 0.2302631579,
        "eps": 0.32,
        "epsdiluted": 0.32,
        "weightedAverageShsOut": 32800000,
        "weightedAverageShsOutDil": 32800000,
        "link": "",
        "finalLink": ""
    },
    {
        "date": "1996-12-31",
        "symbol": "LPT",
        "reportedCurrency": "USD",
        "cik": "0000000000",
        "fillingDate": "1996-12-31",
        "acceptedDate": "1996-12-30 19:00:00",
        "calendarYear": "1996",
        "period": "Q4",
        "revenue": 40400000,
        "costOfRevenue": 10500000,
        "grossProfit": 29900000,
        "grossProfitRatio": 0.7400990099,
        "researchAndDevelopmentExpenses": 0,
        "generalAndAdministrativeExpenses": 2300000,
        "sellingAndMarketingExpenses": 7800000,
        "sellingGeneralAndAdministrativeExpenses": 10100000,
        "otherExpenses": 0,
        "operatingExpenses": 10100000,
        "costAndExpenses": 20600000,
        "interestIncome": 0,
        "interestExpense": 0,
        "depreciationAndAmortization": 7800000,
        "ebitda": 17400000,
        "ebitdaratio": 0.4306930693,
        "operatingIncome": 20900000,
        "operatingIncomeRatio": 0.5173267327,
        "totalOtherIncomeExpensesNet": -10300000,
        "incomeBeforeTax": 10600000,
        "incomeBeforeTaxRatio": 0.2623762376,
        "incomeTaxExpense": -10300000,
        "netIncome": 9600000,
        "netIncomeRatio": 0.2376237624,
        "eps": 0.31,
        "epsdiluted": 0.31,
        "weightedAverageShsOut": 31200000,
        "weightedAverageShsOutDil": 31200000,
        "link": "",
        "finalLink": ""
    },
    {
        "date": "1996-09-30",
        "symbol": "LPT",
        "reportedCurrency": "USD",
        "cik": "0000000000",
        "fillingDate": "1996-09-30",
        "acceptedDate": "1996-09-29 20:00:00",
        "calendarYear": "1996",
        "period": "Q3",
        "revenue": 38600000,
        "costOfRevenue": 10500000,
        "grossProfit": 28100000,
        "grossProfitRatio": 0.7279792746,
        "researchAndDevelopmentExpenses": 0,
        "generalAndAdministrativeExpenses": 2100000,
        "sellingAndMarketingExpenses": 7300000,
        "sellingGeneralAndAdministrativeExpenses": 9400000,
        "otherExpenses": 0,
        "operatingExpenses": 9400000,
        "costAndExpenses": 19900000,
        "interestIncome": 0,
        "interestExpense": 0,
        "depreciationAndAmortization": 7200000,
        "ebitda": 15600000,
        "ebitdaratio": 0.4041450777,
        "operatingIncome": 19700000,
        "operatingIncomeRatio": 0.5103626943,
        "totalOtherIncomeExpensesNet": -10400000,
        "incomeBeforeTax": 9300000,
        "incomeBeforeTaxRatio": 0.2409326425,
        "incomeTaxExpense": -10400000,
        "netIncome": 8400000,
        "netIncomeRatio": 0.2176165803,
        "eps": 0.28,
        "epsdiluted": 0.28,
        "weightedAverageShsOut": 30000000,
        "weightedAverageShsOutDil": 30000000,
        "link": "",
        "finalLink": ""
    },
    {
        "date": "1996-06-30",
        "symbol": "LPT",
        "reportedCurrency": "USD",
        "cik": "0000000000",
        "fillingDate": "1996-06-30",
        "acceptedDate": "1996-06-29 20:00:00",
        "calendarYear": "1996",
        "period": "Q2",
        "revenue": 35700000,
        "costOfRevenue": 9400000,
        "grossProfit": 26300000,
        "grossProfitRatio": 0.7366946779,
        "researchAndDevelopmentExpenses": 0,
        "generalAndAdministrativeExpenses": 2000000,
        "sellingAndMarketingExpenses": 6700000,
        "sellingGeneralAndAdministrativeExpenses": 8700000,
        "otherExpenses": 0,
        "operatingExpenses": 8700000,
        "costAndExpenses": 18100000,
        "interestIncome": 0,
        "interestExpense": 0,
        "depreciationAndAmortization": 6700000,
        "ebitda": 14500000,
        "ebitdaratio": 0.406162465,
        "operatingIncome": 18600000,
        "operatingIncomeRatio": 0.5210084034,
        "totalOtherIncomeExpensesNet": -9900000,
        "incomeBeforeTax": 8700000,
        "incomeBeforeTaxRatio": 0.243697479,
        "incomeTaxExpense": -9900000,
        "netIncome": 7800000,
        "netIncomeRatio": 0.218487395,
        "eps": 0.27,
        "epsdiluted": 0.27,
        "weightedAverageShsOut": 29000000,
        "weightedAverageShsOutDil": 29000000,
        "link": "",
        "finalLink": ""
    },
    {
        "date": "1996-03-31",
        "symbol": "LPT",
        "reportedCurrency": "USD",
        "cik": "0000000000",
        "fillingDate": "1996-03-31",
        "acceptedDate": "1996-03-30 19:00:00",
        "calendarYear": "1996",
        "period": "Q1",
        "revenue": 35400000,
        "costOfRevenue": 10400000,
        "grossProfit": 25000000,
        "grossProfitRatio": 0.7062146893,
        "researchAndDevelopmentExpenses": 0,
        "generalAndAdministrativeExpenses": 1600000,
        "sellingAndMarketingExpenses": 6500000,
        "sellingGeneralAndAdministrativeExpenses": 8100000,
        "otherExpenses": 0,
        "operatingExpenses": 8100000,
        "costAndExpenses": 18500000,
        "interestIncome": 0,
        "interestExpense": 0,
        "depreciationAndAmortization": 6500000,
        "ebitda": 14500000,
        "ebitdaratio": 0.4096045198,
        "operatingIncome": 18100000,
        "operatingIncomeRatio": 0.511299435,
        "totalOtherIncomeExpensesNet": -9100000,
        "incomeBeforeTax": 9000000,
        "incomeBeforeTaxRatio": 0.2542372881,
        "incomeTaxExpense": -9100000,
        "netIncome": 8000000,
        "netIncomeRatio": 0.2259887006,
        "eps": 0.28,
        "epsdiluted": 0.28,
        "weightedAverageShsOut": 28500000,
        "weightedAverageShsOutDil": 28500000,
        "link": "",
        "finalLink": ""
    },
    {
        "date": "1995-12-31",
        "symbol": "LPT",
        "reportedCurrency": "USD",
        "cik": "0000000000",
        "fillingDate": "1995-12-31",
        "acceptedDate": "1995-12-30 19:00:00",
        "calendarYear": "1995",
        "period": "Q4",
        "revenue": 31800000,
        "costOfRevenue": 10300000,
        "grossProfit": 21500000,
        "grossProfitRatio": 0.6761006289,
        "researchAndDevelopmentExpenses": 0,
        "generalAndAdministrativeExpenses": -700000,
        "sellingAndMarketingExpenses": 6200000,
        "sellingGeneralAndAdministrativeExpenses": 5500000,
        "otherExpenses": 0,
        "operatingExpenses": 5500000,
        "costAndExpenses": 15800000,
        "interestIncome": 0,
        "interestExpense": 0,
        "depreciationAndAmortization": 6200000,
        "ebitda": 12000000,
        "ebitdaratio": 0.3773584906,
        "operatingIncome": 16800000,
        "operatingIncomeRatio": 0.5283018868,
        "totalOtherIncomeExpensesNet": -10300000,
        "incomeBeforeTax": 6500000,
        "incomeBeforeTaxRatio": 0.2044025157,
        "incomeTaxExpense": -10300000,
        "netIncome": 5800000,
        "netIncomeRatio": 0.1823899371,
        "eps": 0.24,
        "epsdiluted": 0.24,
        "weightedAverageShsOut": 23900000,
        "weightedAverageShsOutDil": 23900000,
        "link": "",
        "finalLink": ""
    },
    {
        "date": "1995-09-30",
        "symbol": "LPT",
        "reportedCurrency": "USD",
        "cik": "0000000000",
        "fillingDate": "1995-09-30",
        "acceptedDate": "1995-09-29 20:00:00",
        "calendarYear": "1995",
        "period": "Q3",
        "revenue": 29400000,
        "costOfRevenue": 6500000,
        "grossProfit": 22900000,
        "grossProfitRatio": 0.7789115646,
        "researchAndDevelopmentExpenses": 0,
        "generalAndAdministrativeExpenses": 2000000,
        "sellingAndMarketingExpenses": 5900000,
        "sellingGeneralAndAdministrativeExpenses": 7900000,
        "otherExpenses": 0,
        "operatingExpenses": 7900000,
        "costAndExpenses": 14400000,
        "interestIncome": 0,
        "interestExpense": 0,
        "depreciationAndAmortization": 5800000,
        "ebitda": 10600000,
        "ebitdaratio": 0.3605442177,
        "operatingIncome": 15600000,
        "operatingIncomeRatio": 0.5306122449,
        "totalOtherIncomeExpensesNet": -10000000,
        "incomeBeforeTax": 5600000,
        "incomeBeforeTaxRatio": 0.1904761905,
        "incomeTaxExpense": -10000000,
        "netIncome": 4800000,
        "netIncomeRatio": 0.1632653061,
        "eps": 0.23,
        "epsdiluted": 0.23,
        "weightedAverageShsOut": 21200000,
        "weightedAverageShsOutDil": 21200000,
        "link": "",
        "finalLink": ""
    },
    {
        "date": "1995-06-30",
        "symbol": "LPT",
        "reportedCurrency": "USD",
        "cik": "0000000000",
        "fillingDate": "1995-06-30",
        "acceptedDate": "1995-06-29 20:00:00",
        "calendarYear": "1995",
        "period": "Q2",
        "revenue": 28200000,
        "costOfRevenue": 6700000,
        "grossProfit": 21500000,
        "grossProfitRatio": 0.7624113475,
        "researchAndDevelopmentExpenses": 0,
        "generalAndAdministrativeExpenses": 2000000,
        "sellingAndMarketingExpenses": 5600000,
        "sellingGeneralAndAdministrativeExpenses": 7600000,
        "otherExpenses": 0,
        "operatingExpenses": 7600000,
        "costAndExpenses": 14300000,
        "interestIncome": 0,
        "interestExpense": 0,
        "depreciationAndAmortization": 5600000,
        "ebitda": 10300000,
        "ebitdaratio": 0.365248227,
        "operatingIncome": 14400000,
        "operatingIncomeRatio": 0.5106382979,
        "totalOtherIncomeExpensesNet": -9000000,
        "incomeBeforeTax": 5400000,
        "incomeBeforeTaxRatio": 0.1914893617,
        "incomeTaxExpense": -9000000,
        "netIncome": 4700000,
        "netIncomeRatio": 0.1666666667,
        "eps": 0.22,
        "epsdiluted": 0.22,
        "weightedAverageShsOut": 21100000,
        "weightedAverageShsOutDil": 21100000,
        "link": "",
        "finalLink": ""
    },
    {
        "date": "1995-03-31",
        "symbol": "LPT",
        "reportedCurrency": "USD",
        "cik": "0000000000",
        "fillingDate": "1995-03-31",
        "acceptedDate": "1995-03-30 19:00:00",
        "calendarYear": "1995",
        "period": "Q1",
        "revenue": 25100000,
        "costOfRevenue": 5800000,
        "grossProfit": 19300000,
        "grossProfitRatio": 0.7689243028,
        "researchAndDevelopmentExpenses": 0,
        "generalAndAdministrativeExpenses": 1900000,
        "sellingAndMarketingExpenses": 4900000,
        "sellingGeneralAndAdministrativeExpenses": 6800000,
        "otherExpenses": 0,
        "operatingExpenses": 6800000,
        "costAndExpenses": 12600000,
        "interestIncome": 0,
        "interestExpense": 0,
        "depreciationAndAmortization": 4900000,
        "ebitda": 9100000,
        "ebitdaratio": 0.3625498008,
        "operatingIncome": 13200000,
        "operatingIncomeRatio": 0.5258964143,
        "totalOtherIncomeExpensesNet": -8400000,
        "incomeBeforeTax": 4800000,
        "incomeBeforeTaxRatio": 0.1912350598,
        "incomeTaxExpense": -8400000,
        "netIncome": 4200000,
        "netIncomeRatio": 0.1673306773,
        "eps": 0.2,
        "epsdiluted": 0.2,
        "weightedAverageShsOut": 21100000,
        "weightedAverageShsOutDil": 21100000,
        "link": "",
        "finalLink": ""
    },
    {
        "date": "1994-12-31",
        "symbol": "LPT",
        "reportedCurrency": "USD",
        "cik": "0000000000",
        "fillingDate": "1994-12-31",
        "acceptedDate": "1994-12-30 19:00:00",
        "calendarYear": "1994",
        "period": "Q4",
        "revenue": 21500000,
        "costOfRevenue": 5100000,
        "grossProfit": 16400000,
        "grossProfitRatio": 0.7627906977,
        "researchAndDevelopmentExpenses": 0,
        "generalAndAdministrativeExpenses": 1600000,
        "sellingAndMarketingExpenses": 4000000,
        "sellingGeneralAndAdministrativeExpenses": 5600000,
        "otherExpenses": 0,
        "operatingExpenses": 5600000,
        "costAndExpenses": 10700000,
        "interestIncome": 0,
        "interestExpense": 0,
        "depreciationAndAmortization": 4000000,
        "ebitda": 8500000,
        "ebitdaratio": 0.3953488372,
        "operatingIncome": 11900000,
        "operatingIncomeRatio": 0.5534883721,
        "totalOtherIncomeExpensesNet": -6700000,
        "incomeBeforeTax": 5200000,
        "incomeBeforeTaxRatio": 0.2418604651,
        "incomeTaxExpense": -6700000,
        "netIncome": 4500000,
        "netIncomeRatio": 0.2093023256,
        "eps": 0.21,
        "epsdiluted": 0.21,
        "weightedAverageShsOut": 21100000,
        "weightedAverageShsOutDil": 21100000,
        "link": "",
        "finalLink": ""
    }
]