[
    {
        "date": "2022-03-09",
        "symbol": "LUB",
        "reportedCurrency": "USD",
        "cik": "0000016099",
        "fillingDate": "2022-04-21",
        "acceptedDate": "2022-04-21 16:40:18",
        "calendarYear": "2022",
        "period": "Q2",
        "revenue": 41947000,
        "costOfRevenue": 26779000,
        "grossProfit": 15168000,
        "grossProfitRatio": 0.3615991608,
        "researchAndDevelopmentExpenses": 0,
        "generalAndAdministrativeExpenses": 0,
        "sellingAndMarketingExpenses": 0,
        "sellingGeneralAndAdministrativeExpenses": 4267000,
        "otherExpenses": 2887000,
        "operatingExpenses": 7154000,
        "costAndExpenses": 43718000,
        "interestIncome": 8000,
        "interestExpense": 1212000,
        "depreciationAndAmortization": 2142000,
        "ebitda": 393000,
        "ebitdaratio": 0.0093689656,
        "operatingIncome": -1749000,
        "operatingIncomeRatio": -0.0416954729,
        "totalOtherIncomeExpensesNet": -1196000,
        "incomeBeforeTax": -2945000,
        "incomeBeforeTaxRatio": -0.070207643,
        "incomeTaxExpense": 58000,
        "netIncome": -3003000,
        "netIncomeRatio": -0.0715903402,
        "eps": -0.0988,
        "epsdiluted": -0.0988,
        "weightedAverageShsOut": 30398000,
        "weightedAverageShsOutDil": 30398000,
        "link": "https://www.sec.gov/Archives/edgar/data/16099/000001609922000019/0000016099-22-000019-index.htm",
        "finalLink": "https://www.sec.gov/Archives/edgar/data/16099/000001609922000019/lub-20220309.htm"
    },
    {
        "date": "2021-12-15",
        "symbol": "LUB",
        "reportedCurrency": "USD",
        "cik": "0000016099",
        "fillingDate": "2022-01-31",
        "acceptedDate": "2022-01-31 16:52:26",
        "calendarYear": "2022",
        "period": "Q1",
        "revenue": 41947000,
        "costOfRevenue": 14109000,
        "grossProfit": 27838000,
        "grossProfitRatio": 0.6636469831,
        "researchAndDevelopmentExpenses": 0,
        "generalAndAdministrativeExpenses": 0,
        "sellingAndMarketingExpenses": 0,
        "sellingGeneralAndAdministrativeExpenses": 4267000,
        "otherExpenses": 0,
        "operatingExpenses": 4267000,
        "costAndExpenses": 43718000,
        "interestIncome": 0,
        "interestExpense": -1212000,
        "depreciationAndAmortization": 2142000,
        "ebitda": -2031000,
        "ebitdaratio": -0.0484182421,
        "operatingIncome": -4173000,
        "operatingIncomeRatio": -0.0994826805,
        "totalOtherIncomeExpensesNet": 1228000,
        "incomeBeforeTax": -2945000,
        "incomeBeforeTaxRatio": -0.070207643,
        "incomeTaxExpense": 58000,
        "netIncome": -3003000,
        "netIncomeRatio": -0.0715903402,
        "eps": -0.0988,
        "epsdiluted": -0.0988,
        "weightedAverageShsOut": 30398000,
        "weightedAverageShsOutDil": 30398000,
        "link": "https://www.sec.gov/Archives/edgar/data/16099/000001609922000006/0000016099-22-000006-index.htm",
        "finalLink": "https://www.sec.gov/Archives/edgar/data/16099/000001609922000006/lub-20211215.htm"
    },
    {
        "date": "2021-08-25",
        "symbol": "LUB",
        "reportedCurrency": "USD",
        "cik": "0000016099",
        "fillingDate": "2021-11-19",
        "acceptedDate": "2021-11-19 16:39:16",
        "calendarYear": "2021",
        "period": "Q4",
        "revenue": 22953000,
        "costOfRevenue": 4921000,
        "grossProfit": 18032000,
        "grossProfitRatio": 0.7856053675,
        "researchAndDevelopmentExpenses": 0,
        "generalAndAdministrativeExpenses": 0,
        "sellingAndMarketingExpenses": 0,
        "sellingGeneralAndAdministrativeExpenses": 928000,
        "otherExpenses": -2427000,
        "operatingExpenses": -1499000,
        "costAndExpenses": 1025000,
        "interestIncome": 0,
        "interestExpense": -2853000,
        "depreciationAndAmortization": -2144142,
        "ebitda": 16967858,
        "ebitdaratio": 0.7392435847,
        "operatingIncome": 21928000,
        "operatingIncomeRatio": 0.9553435281,
        "totalOtherIncomeExpensesNet": 46000,
        "incomeBeforeTax": 21974000,
        "incomeBeforeTaxRatio": 0.9573476234,
        "incomeTaxExpense": 5000,
        "netIncome": 21960000,
        "netIncomeRatio": 0.9567376813,
        "eps": 0.72,
        "epsdiluted": 0.72,
        "weightedAverageShsOut": 30398000,
        "weightedAverageShsOutDil": 30398000,
        "link": "https://www.sec.gov/Archives/edgar/data/16099/000001609921000047/0000016099-21-000047-index.htm",
        "finalLink": "https://www.sec.gov/Archives/edgar/data/16099/000001609921000047/lub-20210825.htm"
    },
    {
        "date": "2021-06-02",
        "symbol": "LUB",
        "reportedCurrency": "USD",
        "cik": "0000016099",
        "fillingDate": "2021-07-19",
        "acceptedDate": "2021-07-19 16:57:02",
        "calendarYear": "2021",
        "period": "Q3",
        "revenue": 18994000,
        "costOfRevenue": 9188000,
        "grossProfit": 9806000,
        "grossProfitRatio": 0.5162682953,
        "researchAndDevelopmentExpenses": 0,
        "generalAndAdministrativeExpenses": 0,
        "sellingAndMarketingExpenses": 0,
        "sellingGeneralAndAdministrativeExpenses": 3339000,
        "otherExpenses": 2427000,
        "operatingExpenses": 5766000,
        "costAndExpenses": 42693000,
        "interestIncome": 0,
        "interestExpense": 1641000,
        "depreciationAndAmortization": 2142,
        "ebitda": -23282858,
        "ebitdaratio": -1.2258006739,
        "operatingIncome": -23699000,
        "operatingIncomeRatio": -1.2477098031,
        "totalOtherIncomeExpensesNet": -1220000,
        "incomeBeforeTax": -24919000,
        "incomeBeforeTaxRatio": -1.3119406128,
        "incomeTaxExpense": 53000,
        "netIncome": -24979000,
        "netIncomeRatio": -1.3150995051,
        "eps": -0.82,
        "epsdiluted": -0.82,
        "weightedAverageShsOut": 30398000,
        "weightedAverageShsOutDil": 30398000,
        "link": "https://www.sec.gov/Archives/edgar/data/16099/000001609921000031/0000016099-21-000031-index.htm",
        "finalLink": "https://www.sec.gov/Archives/edgar/data/16099/000001609921000031/lub-20210602.htm"
    },
    {
        "date": "2021-03-10",
        "symbol": "LUB",
        "reportedCurrency": "USD",
        "cik": "0000016099",
        "fillingDate": "2021-04-26",
        "acceptedDate": "2021-04-26 16:41:47",
        "calendarYear": "2021",
        "period": "Q2",
        "revenue": 68561000,
        "costOfRevenue": 24208000,
        "grossProfit": 44353000,
        "grossProfitRatio": 0.646912968,
        "researchAndDevelopmentExpenses": 0,
        "generalAndAdministrativeExpenses": 6816000,
        "sellingAndMarketingExpenses": -6805935,
        "sellingGeneralAndAdministrativeExpenses": 10065,
        "otherExpenses": 0,
        "operatingExpenses": 10065,
        "costAndExpenses": 70976000,
        "interestIncome": 0,
        "interestExpense": 1473000,
        "depreciationAndAmortization": 2142000,
        "ebitda": 3673197,
        "ebitdaratio": 0.0535756042,
        "operatingIncome": -2415,
        "operatingIncomeRatio": -3.52241e-05,
        "totalOtherIncomeExpensesNet": -1320,
        "incomeBeforeTax": -3735,
        "incomeBeforeTaxRatio": -5.4477e-05,
        "incomeTaxExpense": 62000,
        "netIncome": -3803,
        "netIncomeRatio": -5.54689e-05,
        "eps": -0.0001,
        "epsdiluted": -0.0001,
        "weightedAverageShsOut": 30398000,
        "weightedAverageShsOutDil": 30398000,
        "link": "https://www.sec.gov/Archives/edgar/data/16099/000001609921000015/0000016099-21-000015-index.htm",
        "finalLink": "https://www.sec.gov/Archives/edgar/data/16099/000001609921000015/lub-20210310.htm"
    },
    {
        "date": "2020-12-16",
        "symbol": "LUB",
        "reportedCurrency": "USD",
        "cik": "0000016099",
        "fillingDate": "2021-02-01",
        "acceptedDate": "2021-02-01 16:56:44",
        "calendarYear": "2021",
        "period": "Q1",
        "revenue": 41947000,
        "costOfRevenue": 14109000,
        "grossProfit": 27838000,
        "grossProfitRatio": 0.6636469831,
        "researchAndDevelopmentExpenses": 0,
        "generalAndAdministrativeExpenses": 4267000,
        "sellingAndMarketingExpenses": 2634000,
        "sellingGeneralAndAdministrativeExpenses": 6901000,
        "otherExpenses": -6893846,
        "operatingExpenses": 7154,
        "costAndExpenses": 43718000,
        "interestIncome": 8000,
        "interestExpense": 1212000,
        "depreciationAndAmortization": 2142000,
        "ebitda": 393000,
        "ebitdaratio": 0.0093689656,
        "operatingIncome": -1771000,
        "operatingIncomeRatio": -0.0422199442,
        "totalOtherIncomeExpensesNet": -1174000,
        "incomeBeforeTax": -2945000,
        "incomeBeforeTaxRatio": -0.070207643,
        "incomeTaxExpense": 58000,
        "netIncome": -3019000,
        "netIncomeRatio": -0.0719717739,
        "eps": -0.0985,
        "epsdiluted": -0.0985,
        "weightedAverageShsOut": 30662000,
        "weightedAverageShsOutDil": 30662000,
        "link": "https://www.sec.gov/Archives/edgar/data/16099/000001609921000005/0000016099-21-000005-index.htm",
        "finalLink": "https://www.sec.gov/Archives/edgar/data/16099/000001609921000005/lub-20201216.htm"
    },
    {
        "date": "2020-08-26",
        "symbol": "LUB",
        "reportedCurrency": "USD",
        "cik": "0000016099",
        "fillingDate": "2020-12-09",
        "acceptedDate": "2020-12-09 16:17:37",
        "calendarYear": "2020",
        "period": "Q4",
        "revenue": 31318000,
        "costOfRevenue": 11415000,
        "grossProfit": 19903000,
        "grossProfitRatio": 0.6355131234,
        "researchAndDevelopmentExpenses": 0,
        "generalAndAdministrativeExpenses": -66716000,
        "sellingAndMarketingExpenses": 73634000,
        "sellingGeneralAndAdministrativeExpenses": 6918000,
        "otherExpenses": -118831000,
        "operatingExpenses": -111913000,
        "costAndExpenses": 22601000,
        "interestIncome": 13000,
        "interestExpense": 1312000,
        "depreciationAndAmortization": 2365000,
        "ebitda": 3832670,
        "ebitdaratio": 0.122379143,
        "operatingIncome": 8716000,
        "operatingIncomeRatio": 0.2783064053,
        "totalOtherIncomeExpensesNet": -8708177,
        "incomeBeforeTax": 7823,
        "incomeBeforeTaxRatio": 0.0002497925,
        "incomeTaxExpense": 148000,
        "netIncome": 7670,
        "netIncomeRatio": 0.0002449071,
        "eps": 0.0003,
        "epsdiluted": 0.0003,
        "weightedAverageShsOut": 30398000,
        "weightedAverageShsOutDil": 30398000,
        "link": "https://www.sec.gov/Archives/edgar/data/16099/000001609920000124/0000016099-20-000124-index.htm",
        "finalLink": "https://www.sec.gov/Archives/edgar/data/16099/000001609920000124/lub-20200826.htm"
    },
    {
        "date": "2020-06-03",
        "symbol": "LUB",
        "reportedCurrency": "USD",
        "cik": "0000016099",
        "fillingDate": "2020-07-20",
        "acceptedDate": "2020-07-20 16:08:26",
        "calendarYear": "2020",
        "period": "Q3",
        "revenue": 18994000,
        "costOfRevenue": 9188000,
        "grossProfit": 9806000,
        "grossProfitRatio": 0.5162682953,
        "researchAndDevelopmentExpenses": 0,
        "generalAndAdministrativeExpenses": 12358000,
        "sellingAndMarketingExpenses": -5323000,
        "sellingGeneralAndAdministrativeExpenses": 7035000,
        "otherExpenses": 26470000,
        "operatingExpenses": 33505000,
        "costAndExpenses": 42693000,
        "interestIncome": 19000,
        "interestExpense": 1641000,
        "depreciationAndAmortization": 2709000,
        "ebitda": -20576000,
        "ebitdaratio": -1.0832894598,
        "operatingIncome": -23699000,
        "operatingIncomeRatio": -1.2477098031,
        "totalOtherIncomeExpensesNet": -1220000,
        "incomeBeforeTax": -24919000,
        "incomeBeforeTaxRatio": -1.3119406128,
        "incomeTaxExpense": 53000,
        "netIncome": -24979000,
        "netIncomeRatio": -1.3150995051,
        "eps": -0.82,
        "epsdiluted": -0.82,
        "weightedAverageShsOut": 30398000,
        "weightedAverageShsOutDil": 30398000,
        "link": "https://www.sec.gov/Archives/edgar/data/16099/000001609920000087/0000016099-20-000087-index.htm",
        "finalLink": "https://www.sec.gov/Archives/edgar/data/16099/000001609920000087/lub-20200603.htm"
    },
    {
        "date": "2020-03-11",
        "symbol": "LUB",
        "reportedCurrency": "USD",
        "cik": "0000016099",
        "fillingDate": "2020-06-05",
        "acceptedDate": "2020-06-05 16:44:51",
        "calendarYear": "2020",
        "period": "Q2",
        "revenue": 68561000,
        "costOfRevenue": 24208000,
        "grossProfit": 44353000,
        "grossProfitRatio": 0.646912968,
        "researchAndDevelopmentExpenses": 0,
        "generalAndAdministrativeExpenses": 32873000,
        "sellingAndMarketingExpenses": -22274000,
        "sellingGeneralAndAdministrativeExpenses": 10599000,
        "otherExpenses": 36169000,
        "operatingExpenses": 46768000,
        "costAndExpenses": 70976000,
        "interestIncome": 5000,
        "interestExpense": 1473000,
        "depreciationAndAmortization": 2678000,
        "ebitda": 410000,
        "ebitdaratio": 0.0059800761,
        "operatingIncome": -2415000,
        "operatingIncomeRatio": -0.035224107,
        "totalOtherIncomeExpensesNet": -1320000,
        "incomeBeforeTax": -3735000,
        "incomeBeforeTaxRatio": -0.054477035,
        "incomeTaxExpense": 62000,
        "netIncome": -3803000,
        "netIncomeRatio": -0.0554688526,
        "eps": -0.13,
        "epsdiluted": -0.13,
        "weightedAverageShsOut": 30215000,
        "weightedAverageShsOutDil": 30215000,
        "link": "https://www.sec.gov/Archives/edgar/data/16099/000001609920000072/0000016099-20-000072-index.htm",
        "finalLink": "https://www.sec.gov/Archives/edgar/data/16099/000001609920000072/lub-20200311.htm"
    },
    {
        "date": "2019-12-18",
        "symbol": "LUB",
        "reportedCurrency": "USD",
        "cik": "0000016099",
        "fillingDate": "2020-02-03",
        "acceptedDate": "2020-02-03 16:06:43",
        "calendarYear": "2020",
        "period": "Q1",
        "revenue": 95149000,
        "costOfRevenue": 33455000,
        "grossProfit": 61694000,
        "grossProfitRatio": 0.6483935722,
        "researchAndDevelopmentExpenses": 0,
        "generalAndAdministrativeExpenses": 46056000,
        "sellingAndMarketingExpenses": -30908000,
        "sellingGeneralAndAdministrativeExpenses": 15148000,
        "otherExpenses": 53080000,
        "operatingExpenses": 68228000,
        "costAndExpenses": 101683000,
        "interestIncome": 23000,
        "interestExpense": 1962000,
        "depreciationAndAmortization": 3762000,
        "ebitda": -2520000,
        "ebitdaratio": -0.0264847765,
        "operatingIncome": -6534000,
        "operatingIncomeRatio": -0.0686712419,
        "totalOtherIncomeExpensesNet": -1699000,
        "incomeBeforeTax": -8233000,
        "incomeBeforeTaxRatio": -0.0865274464,
        "incomeTaxExpense": 94000,
        "netIncome": -8338000,
        "netIncomeRatio": -0.0876309788,
        "eps": -0.28,
        "epsdiluted": -0.28,
        "weightedAverageShsOut": 30054000,
        "weightedAverageShsOutDil": 30054000,
        "link": "https://www.sec.gov/Archives/edgar/data/16099/000001609920000025/0000016099-20-000025-index.html",
        "finalLink": "https://www.sec.gov/Archives/edgar/data/16099/000001609920000025/lub_121819xfy20q1x10qdocum.htm"
    },
    {
        "date": "2019-08-28",
        "symbol": "LUB",
        "reportedCurrency": "USD",
        "cik": "0000016099",
        "fillingDate": "2019-11-26",
        "acceptedDate": "2019-11-26 16:11:00",
        "calendarYear": "2019",
        "period": "Q4",
        "revenue": 71363000,
        "costOfRevenue": 24786000,
        "grossProfit": 46577000,
        "grossProfitRatio": 0.6526771576,
        "researchAndDevelopmentExpenses": 0,
        "generalAndAdministrativeExpenses": 32340000,
        "sellingAndMarketingExpenses": -23758000,
        "sellingGeneralAndAdministrativeExpenses": 8582000,
        "otherExpenses": 45565000,
        "operatingExpenses": 54147000,
        "costAndExpenses": 78933000,
        "interestIncome": 0,
        "interestExpense": 1384000,
        "depreciationAndAmortization": 2946000,
        "ebitda": -4616000,
        "ebitdaratio": -0.0646833793,
        "operatingIncome": -7570000,
        "operatingIncomeRatio": -0.106077379,
        "totalOtherIncomeExpensesNet": -1387000,
        "incomeBeforeTax": -8957000,
        "incomeBeforeTaxRatio": -0.1255132211,
        "incomeTaxExpense": 123000,
        "netIncome": -9069000,
        "netIncomeRatio": -0.1270826619,
        "eps": -0.3,
        "epsdiluted": -0.3,
        "weightedAverageShsOut": 29965000,
        "weightedAverageShsOutDil": 29965000,
        "link": "https://www.sec.gov/Archives/edgar/data/16099/000001609919000084/0000016099-19-000084-index.html",
        "finalLink": "https://www.sec.gov/Archives/edgar/data/16099/000001609919000084/lub_8281910kdocument.htm"
    },
    {
        "date": "2019-06-05",
        "symbol": "LUB",
        "reportedCurrency": "USD",
        "cik": "0000016099",
        "fillingDate": "2019-07-15",
        "acceptedDate": "2019-07-15 12:53:57",
        "calendarYear": "2019",
        "period": "Q3",
        "revenue": 74766000,
        "costOfRevenue": 25599000,
        "grossProfit": 49167000,
        "grossProfitRatio": 0.6576117487,
        "researchAndDevelopmentExpenses": 0,
        "generalAndAdministrativeExpenses": 37370000,
        "sellingAndMarketingExpenses": -23921000,
        "sellingGeneralAndAdministrativeExpenses": 13449000,
        "otherExpenses": 39680000,
        "operatingExpenses": 53129000,
        "costAndExpenses": 78728000,
        "interestIncome": 11000,
        "interestExpense": 1324000,
        "depreciationAndAmortization": 2926000,
        "ebitda": -919000,
        "ebitdaratio": -0.0122916834,
        "operatingIncome": -3962000,
        "operatingIncomeRatio": -0.0529920017,
        "totalOtherIncomeExpensesNet": -1201000,
        "incomeBeforeTax": -5163000,
        "incomeBeforeTaxRatio": -0.069055453,
        "incomeTaxExpense": 132000,
        "netIncome": -5301000,
        "netIncomeRatio": -0.0709012118,
        "eps": -0.18,
        "epsdiluted": -0.18,
        "weightedAverageShsOut": 29874000,
        "weightedAverageShsOutDil": 29874000,
        "link": "https://www.sec.gov/Archives/edgar/data/16099/000001609919000057/0000016099-19-000057-index.htm",
        "finalLink": "https://www.sec.gov/Archives/edgar/data/16099/000001609919000057/lub_060519xfy19q3x10qdocum.htm"
    },
    {
        "date": "2019-03-13",
        "symbol": "LUB",
        "reportedCurrency": "USD",
        "cik": "0000016099",
        "fillingDate": "2019-04-22",
        "acceptedDate": "2019-04-22 14:05:14",
        "calendarYear": "2019",
        "period": "Q2",
        "revenue": 74423000,
        "costOfRevenue": 25108000,
        "grossProfit": 49315000,
        "grossProfitRatio": 0.6626311758,
        "researchAndDevelopmentExpenses": 0,
        "generalAndAdministrativeExpenses": 36224000,
        "sellingAndMarketingExpenses": -23041000,
        "sellingGeneralAndAdministrativeExpenses": 13183000,
        "otherExpenses": 27919000,
        "operatingExpenses": 41102000,
        "costAndExpenses": 66210000,
        "interestIncome": 19000,
        "interestExpense": 1554000,
        "depreciationAndAmortization": 3223000,
        "ebitda": 11502000,
        "ebitdaratio": 0.1545489969,
        "operatingIncome": 8213000,
        "operatingIncomeRatio": 0.1103556696,
        "totalOtherIncomeExpensesNet": -1480000,
        "incomeBeforeTax": 6733000,
        "incomeBeforeTaxRatio": 0.0904693442,
        "incomeTaxExpense": 93000,
        "netIncome": 6632000,
        "netIncomeRatio": 0.0891122368,
        "eps": 0.22,
        "epsdiluted": 0.22,
        "weightedAverageShsOut": 29769000,
        "weightedAverageShsOutDil": 29799000,
        "link": "https://www.sec.gov/Archives/edgar/data/16099/000001609919000040/0000016099-19-000040-index.html",
        "finalLink": "https://www.sec.gov/Archives/edgar/data/16099/000001609919000040/lub_031319xfy19q2x10qdocum.htm"
    },
    {
        "date": "2018-12-19",
        "symbol": "LUB",
        "reportedCurrency": "USD",
        "cik": "0000016099",
        "fillingDate": "2019-01-28",
        "acceptedDate": "2019-01-28 15:34:56",
        "calendarYear": "2019",
        "period": "Q1",
        "revenue": 102918000,
        "costOfRevenue": 34171000,
        "grossProfit": 68747000,
        "grossProfitRatio": 0.6679783906,
        "researchAndDevelopmentExpenses": 0,
        "generalAndAdministrativeExpenses": 51645000,
        "sellingAndMarketingExpenses": -34546000,
        "sellingGeneralAndAdministrativeExpenses": 17099000,
        "otherExpenses": 57327000,
        "operatingExpenses": 74426000,
        "costAndExpenses": 108597000,
        "interestIncome": 0,
        "interestExpense": 1713000,
        "depreciationAndAmortization": 4903000,
        "ebitda": -752000,
        "ebitdaratio": -0.0073067879,
        "operatingIncome": -5679000,
        "operatingIncomeRatio": -0.0551798519,
        "totalOtherIncomeExpensesNet": -1683000,
        "incomeBeforeTax": -7362000,
        "incomeBeforeTaxRatio": -0.0715326765,
        "incomeTaxExpense": 121000,
        "netIncome": -7489000,
        "netIncomeRatio": -0.0727666686,
        "eps": -0.25,
        "epsdiluted": -0.25,
        "weightedAverageShsOut": 30059000,
        "weightedAverageShsOutDil": 30059000,
        "link": "https://www.sec.gov/Archives/edgar/data/16099/000001609919000015/0000016099-19-000015-index.html",
        "finalLink": "https://www.sec.gov/Archives/edgar/data/16099/000001609919000015/lub_121918xfy19q1x10qdocum.htm"
    },
    {
        "date": "2018-08-29",
        "symbol": "LUB",
        "reportedCurrency": "USD",
        "cik": "0000016099",
        "fillingDate": "2018-11-16",
        "acceptedDate": "2018-11-16 16:46:43",
        "calendarYear": "2018",
        "period": "Q4",
        "revenue": 83900000,
        "costOfRevenue": 27400000,
        "grossProfit": 56500000,
        "grossProfitRatio": 0.673420739,
        "researchAndDevelopmentExpenses": 0,
        "generalAndAdministrativeExpenses": 42800000,
        "sellingAndMarketingExpenses": -28472000,
        "sellingGeneralAndAdministrativeExpenses": 14328000,
        "otherExpenses": 42672000,
        "operatingExpenses": 57000000,
        "costAndExpenses": 84400000,
        "interestIncome": 0,
        "interestExpense": 1113000,
        "depreciationAndAmortization": 4051000,
        "ebitda": 3464000,
        "ebitdaratio": 0.0412872467,
        "operatingIncome": -490000,
        "operatingIncomeRatio": -0.0058402861,
        "totalOtherIncomeExpensesNet": -1110000,
        "incomeBeforeTax": -1600000,
        "incomeBeforeTaxRatio": -0.0190703218,
        "incomeTaxExpense": 200000,
        "netIncome": -1900000,
        "netIncomeRatio": -0.0226460072,
        "eps": -0.0633,
        "epsdiluted": -0.0633,
        "weightedAverageShsOut": 30030000,
        "weightedAverageShsOutDil": 30030000,
        "link": "https://www.sec.gov/Archives/edgar/data/16099/000001609918000141/0000016099-18-000141-index.html",
        "finalLink": "https://www.sec.gov/Archives/edgar/data/16099/000001609918000141/lub_8291810kdocument.htm"
    },
    {
        "date": "2018-06-06",
        "symbol": "LUB",
        "reportedCurrency": "USD",
        "cik": "0000016099",
        "fillingDate": "2018-07-23",
        "acceptedDate": "2018-07-23 16:44:08",
        "calendarYear": "2018",
        "period": "Q3",
        "revenue": 86000000,
        "costOfRevenue": 28700000,
        "grossProfit": 57300000,
        "grossProfitRatio": 0.6662790698,
        "researchAndDevelopmentExpenses": 0,
        "generalAndAdministrativeExpenses": 42600000,
        "sellingAndMarketingExpenses": -29484000,
        "sellingGeneralAndAdministrativeExpenses": 13116000,
        "otherExpenses": 53184000,
        "operatingExpenses": 66300000,
        "costAndExpenses": 95000000,
        "interestIncome": 1000,
        "interestExpense": 1042000,
        "depreciationAndAmortization": 4051000,
        "ebitda": -5407000,
        "ebitdaratio": -0.062872093,
        "operatingIncome": -8980000,
        "operatingIncomeRatio": -0.1044186047,
        "totalOtherIncomeExpensesNet": -1020000,
        "incomeBeforeTax": -10000000,
        "incomeBeforeTaxRatio": -0.1162790698,
        "incomeTaxExpense": 4100000,
        "netIncome": -14600000,
        "netIncomeRatio": -0.1697674419,
        "eps": -0.49,
        "epsdiluted": -0.49,
        "weightedAverageShsOut": 30005000,
        "weightedAverageShsOutDil": 30005000,
        "link": "https://www.sec.gov/Archives/edgar/data/16099/000001609918000094/0000016099-18-000094-index.html",
        "finalLink": "https://www.sec.gov/Archives/edgar/data/16099/000001609918000094/lub_060618xfy18q3x10qdocum.htm"
    },
    {
        "date": "2018-03-14",
        "symbol": "LUB",
        "reportedCurrency": "USD",
        "cik": "0000016099",
        "fillingDate": "2018-04-23",
        "acceptedDate": "2018-04-23 17:27:31",
        "calendarYear": "2018",
        "period": "Q2",
        "revenue": 81800000,
        "costOfRevenue": 27200000,
        "grossProfit": 54600000,
        "grossProfitRatio": 0.6674816626,
        "researchAndDevelopmentExpenses": 0,
        "generalAndAdministrativeExpenses": 42700000,
        "sellingAndMarketingExpenses": -28805000,
        "sellingGeneralAndAdministrativeExpenses": 13895000,
        "otherExpenses": 48405000,
        "operatingExpenses": 62300000,
        "costAndExpenses": 89500000,
        "interestIncome": 5000,
        "interestExpense": 545000,
        "depreciationAndAmortization": 3998000,
        "ebitda": -3657000,
        "ebitdaratio": -0.0447066015,
        "operatingIncome": -7346000,
        "operatingIncomeRatio": -0.089804401,
        "totalOtherIncomeExpensesNet": -754000,
        "incomeBeforeTax": -8100000,
        "incomeBeforeTaxRatio": -0.0990220049,
        "incomeTaxExpense": 3400000,
        "netIncome": -11600000,
        "netIncomeRatio": -0.141809291,
        "eps": -0.39,
        "epsdiluted": -0.39,
        "weightedAverageShsOut": 29950000,
        "weightedAverageShsOutDil": 29950000,
        "link": "https://www.sec.gov/Archives/edgar/data/16099/000001609918000064/0000016099-18-000064-index.html",
        "finalLink": "https://www.sec.gov/Archives/edgar/data/16099/000001609918000064/lub_031418xfy18q2x10qdocum.htm"
    },
    {
        "date": "2017-12-20",
        "symbol": "LUB",
        "reportedCurrency": "USD",
        "cik": "0000016099",
        "fillingDate": "2018-01-29",
        "acceptedDate": "2018-01-29 17:19:48",
        "calendarYear": "2018",
        "period": "Q1",
        "revenue": 113500000,
        "costOfRevenue": 36600000,
        "grossProfit": 76900000,
        "grossProfitRatio": 0.6775330396,
        "researchAndDevelopmentExpenses": 0,
        "generalAndAdministrativeExpenses": 56000000,
        "sellingAndMarketingExpenses": -38214000,
        "sellingGeneralAndAdministrativeExpenses": 17786000,
        "otherExpenses": 64114000,
        "operatingExpenses": 81900000,
        "costAndExpenses": 118500000,
        "interestIncome": 6000,
        "interestExpense": 649000,
        "depreciationAndAmortization": 5353000,
        "ebitda": 502000,
        "ebitdaratio": 0.0044229075,
        "operatingIncome": -4983000,
        "operatingIncomeRatio": -0.0439030837,
        "totalOtherIncomeExpensesNet": -517000,
        "incomeBeforeTax": -5500000,
        "incomeBeforeTaxRatio": -0.0484581498,
        "incomeTaxExpense": 0,
        "netIncome": -5500000,
        "netIncomeRatio": -0.0484581498,
        "eps": -0.19,
        "epsdiluted": -0.19,
        "weightedAverageShsOut": 29691000,
        "weightedAverageShsOutDil": 29691000,
        "link": "https://www.sec.gov/Archives/edgar/data/16099/000001609918000020/0000016099-18-000020-index.html",
        "finalLink": "https://www.sec.gov/Archives/edgar/data/16099/000001609918000020/lub_122017xfy18q1x10qdocum.htm"
    },
    {
        "date": "2017-08-30",
        "symbol": "LUB",
        "reportedCurrency": "USD",
        "cik": "0000016099",
        "fillingDate": "2017-11-13",
        "acceptedDate": "2017-11-13 17:08:07",
        "calendarYear": "2017",
        "period": "Q4",
        "revenue": 86600000,
        "costOfRevenue": 27500000,
        "grossProfit": 59100000,
        "grossProfitRatio": 0.682448037,
        "researchAndDevelopmentExpenses": 0,
        "generalAndAdministrativeExpenses": 42000000,
        "sellingAndMarketingExpenses": -28586000,
        "sellingGeneralAndAdministrativeExpenses": 13414000,
        "otherExpenses": 49186000,
        "operatingExpenses": 62600000,
        "costAndExpenses": 90100000,
        "interestIncome": 3000,
        "interestExpense": 545000,
        "depreciationAndAmortization": 4461000,
        "ebitda": 806000,
        "ebitdaratio": 0.0093071594,
        "operatingIncome": -3523000,
        "operatingIncomeRatio": -0.0406812933,
        "totalOtherIncomeExpensesNet": -677000,
        "incomeBeforeTax": -4200000,
        "incomeBeforeTaxRatio": -0.0484988453,
        "incomeTaxExpense": -100000,
        "netIncome": -4100000,
        "netIncomeRatio": -0.0473441109,
        "eps": -0.14,
        "epsdiluted": -0.14,
        "weightedAverageShsOut": 29554000,
        "weightedAverageShsOutDil": 29554000,
        "link": "https://www.sec.gov/Archives/edgar/data/16099/000001609917000106/0000016099-17-000106-index.html",
        "finalLink": "https://www.sec.gov/Archives/edgar/data/16099/000001609917000106/lub_83017xfy1710kdocument.htm"
    },
    {
        "date": "2017-06-07",
        "symbol": "LUB",
        "reportedCurrency": "USD",
        "cik": "0000016099",
        "fillingDate": "2017-07-13",
        "acceptedDate": "2017-07-13 17:23:56",
        "calendarYear": "2017",
        "period": "Q3",
        "revenue": 88700000,
        "costOfRevenue": 27500000,
        "grossProfit": 61200000,
        "grossProfitRatio": 0.6899661781,
        "researchAndDevelopmentExpenses": 0,
        "generalAndAdministrativeExpenses": 41300000,
        "sellingAndMarketingExpenses": -29613000,
        "sellingGeneralAndAdministrativeExpenses": 11687000,
        "otherExpenses": 48713000,
        "operatingExpenses": 60400000,
        "costAndExpenses": 87900000,
        "interestIncome": 3000,
        "interestExpense": 569000,
        "depreciationAndAmortization": 4639000,
        "ebitda": 5208000,
        "ebitdaratio": 0.0587147689,
        "operatingIncome": 793000,
        "operatingIncomeRatio": 0.008940248,
        "totalOtherIncomeExpensesNet": -693000,
        "incomeBeforeTax": 100000,
        "incomeBeforeTaxRatio": 0.0011273957,
        "incomeTaxExpense": 400000,
        "netIncome": -400000,
        "netIncomeRatio": -0.0045095829,
        "eps": -0.0135,
        "epsdiluted": -0.0135,
        "weightedAverageShsOut": 29536000,
        "weightedAverageShsOutDil": 29536000,
        "link": "https://www.sec.gov/Archives/edgar/data/16099/000001609917000073/0000016099-17-000073-index.html",
        "finalLink": "https://www.sec.gov/Archives/edgar/data/16099/000001609917000073/lub_60717xfy17q3x10qdocume.htm"
    },
    {
        "date": "2017-03-15",
        "symbol": "LUB",
        "reportedCurrency": "USD",
        "cik": "0000016099",
        "fillingDate": "2017-04-24",
        "acceptedDate": "2017-04-24 15:52:41",
        "calendarYear": "2017",
        "period": "Q2",
        "revenue": 86300000,
        "costOfRevenue": 26000000,
        "grossProfit": 60300000,
        "grossProfitRatio": 0.6987253766,
        "researchAndDevelopmentExpenses": 0,
        "generalAndAdministrativeExpenses": 43800000,
        "sellingAndMarketingExpenses": -29470000,
        "sellingGeneralAndAdministrativeExpenses": 14330000,
        "otherExpenses": 54270000,
        "operatingExpenses": 68600000,
        "costAndExpenses": 94600000,
        "interestIncome": 1000,
        "interestExpense": 727000,
        "depreciationAndAmortization": 4788000,
        "ebitda": -4085000,
        "ebitdaratio": -0.0473348783,
        "operatingIncome": -8265000,
        "operatingIncomeRatio": -0.0957705678,
        "totalOtherIncomeExpensesNet": -935000,
        "incomeBeforeTax": -9200000,
        "incomeBeforeTaxRatio": -0.1066048667,
        "incomeTaxExpense": 3600000,
        "netIncome": -13200000,
        "netIncomeRatio": -0.1529548088,
        "eps": -0.45,
        "epsdiluted": -0.45,
        "weightedAverageShsOut": 29522000,
        "weightedAverageShsOutDil": 29522000,
        "link": "https://www.sec.gov/Archives/edgar/data/16099/000001609917000048/0000016099-17-000048-index.html",
        "finalLink": "https://www.sec.gov/Archives/edgar/data/16099/000001609917000048/lub_31517xfy17q2x10qdocume.htm"
    },
    {
        "date": "2016-12-21",
        "symbol": "LUB",
        "reportedCurrency": "USD",
        "cik": "0000016099",
        "fillingDate": "2017-02-06",
        "acceptedDate": "2017-02-03 18:37:40",
        "calendarYear": "2017",
        "period": "Q1",
        "revenue": 114400000,
        "costOfRevenue": 35200000,
        "grossProfit": 79200000,
        "grossProfitRatio": 0.6923076923,
        "researchAndDevelopmentExpenses": 0,
        "generalAndAdministrativeExpenses": 59100000,
        "sellingAndMarketingExpenses": -38866000,
        "sellingGeneralAndAdministrativeExpenses": 20234000,
        "otherExpenses": 65466000,
        "operatingExpenses": 85700000,
        "costAndExpenses": 120900000,
        "interestIncome": 1000,
        "interestExpense": 602000,
        "depreciationAndAmortization": 6550000,
        "ebitda": 52000,
        "ebitdaratio": 0.0004545455,
        "operatingIncome": -6474000,
        "operatingIncomeRatio": -0.0565909091,
        "totalOtherIncomeExpensesNet": -526000,
        "incomeBeforeTax": -7000000,
        "incomeBeforeTaxRatio": -0.0611888112,
        "incomeTaxExpense": -1500000,
        "netIncome": -5600000,
        "netIncomeRatio": -0.048951049,
        "eps": -0.19,
        "epsdiluted": -0.19,
        "weightedAverageShsOut": 29339000,
        "weightedAverageShsOutDil": 29339000,
        "link": "https://www.sec.gov/Archives/edgar/data/16099/000001609917000022/0000016099-17-000022-index.html",
        "finalLink": "https://www.sec.gov/Archives/edgar/data/16099/000001609917000022/lub_122116xfy17q1x10qdocum.htm"
    },
    {
        "date": "2016-08-31",
        "symbol": "LUB",
        "reportedCurrency": "USD",
        "cik": "0000016099",
        "fillingDate": "2016-11-23",
        "acceptedDate": "2016-11-23 12:26:02",
        "calendarYear": "2016",
        "period": "Q4",
        "revenue": 97729000,
        "costOfRevenue": 62553000,
        "grossProfit": 35176000,
        "grossProfitRatio": 0.3599341035,
        "researchAndDevelopmentExpenses": 0,
        "generalAndAdministrativeExpenses": 41940000,
        "sellingAndMarketingExpenses": -26698000,
        "sellingGeneralAndAdministrativeExpenses": 15242000,
        "otherExpenses": 19683000,
        "operatingExpenses": 34925000,
        "costAndExpenses": 97478000,
        "interestIncome": 1000,
        "interestExpense": 573000,
        "depreciationAndAmortization": 4351000,
        "ebitda": 3436000,
        "ebitdaratio": 0.0351584484,
        "operatingIncome": -1091000,
        "operatingIncomeRatio": -0.0111635236,
        "totalOtherIncomeExpensesNet": -384000,
        "incomeBeforeTax": -1475000,
        "incomeBeforeTaxRatio": -0.0150927565,
        "incomeTaxExpense": 6313000,
        "netIncome": -7801000,
        "netIncomeRatio": -0.0798227752,
        "eps": -0.27,
        "epsdiluted": -0.27,
        "weightedAverageShsOut": 29281000,
        "weightedAverageShsOutDil": 29281000,
        "link": "https://www.sec.gov/Archives/edgar/data/16099/000001609916000059/0000016099-16-000059-index.html",
        "finalLink": "https://www.sec.gov/Archives/edgar/data/16099/000001609916000059/lub_83116x10kdocument.htm"
    },
    {
        "date": "2016-06-01",
        "symbol": "LUB",
        "reportedCurrency": "USD",
        "cik": "0000016099",
        "fillingDate": "2016-07-11",
        "acceptedDate": "2016-07-11 17:05:58",
        "calendarYear": "2016",
        "period": "Q3",
        "revenue": 92100000,
        "costOfRevenue": 28200000,
        "grossProfit": 63900000,
        "grossProfitRatio": 0.6938110749,
        "researchAndDevelopmentExpenses": 0,
        "generalAndAdministrativeExpenses": 45200000,
        "sellingAndMarketingExpenses": -30908000,
        "sellingGeneralAndAdministrativeExpenses": 14292000,
        "otherExpenses": 49908000,
        "operatingExpenses": 64200000,
        "costAndExpenses": 92400000,
        "interestIncome": 0,
        "interestExpense": 482000,
        "depreciationAndAmortization": 5305000,
        "ebitda": 5087000,
        "ebitdaratio": 0.0552334419,
        "operatingIncome": -346000,
        "operatingIncomeRatio": -0.0037567861,
        "totalOtherIncomeExpensesNet": -354000,
        "incomeBeforeTax": -700000,
        "incomeBeforeTaxRatio": -0.0076004343,
        "incomeTaxExpense": -600000,
        "netIncome": -100000,
        "netIncomeRatio": -0.0010857763,
        "eps": -0.0034,
        "epsdiluted": -0.0034,
        "weightedAverageShsOut": 29259000,
        "weightedAverageShsOutDil": 29259000,
        "link": "https://www.sec.gov/Archives/edgar/data/16099/000001609916000027/0000016099-16-000027-index.html",
        "finalLink": "https://www.sec.gov/Archives/edgar/data/16099/000001609916000027/lub_060116x10qdocument.htm"
    },
    {
        "date": "2016-03-09",
        "symbol": "LUB",
        "reportedCurrency": "USD",
        "cik": "0000016099",
        "fillingDate": "2016-04-18",
        "acceptedDate": "2016-04-18 13:10:59",
        "calendarYear": "2016",
        "period": "Q2",
        "revenue": 92100000,
        "costOfRevenue": 28500000,
        "grossProfit": 63600000,
        "grossProfitRatio": 0.6905537459,
        "researchAndDevelopmentExpenses": 0,
        "generalAndAdministrativeExpenses": 45400000,
        "sellingAndMarketingExpenses": -30022000,
        "sellingGeneralAndAdministrativeExpenses": 15378000,
        "otherExpenses": 48522000,
        "operatingExpenses": 63900000,
        "costAndExpenses": 92400000,
        "interestIncome": 1000,
        "interestExpense": 495000,
        "depreciationAndAmortization": 5229000,
        "ebitda": 4924000,
        "ebitdaratio": 0.0534636265,
        "operatingIncome": -302000,
        "operatingIncomeRatio": -0.0032790445,
        "totalOtherIncomeExpensesNet": -498000,
        "incomeBeforeTax": -800000,
        "incomeBeforeTaxRatio": -0.0086862106,
        "incomeTaxExpense": -200000,
        "netIncome": -600000,
        "netIncomeRatio": -0.006514658,
        "eps": -0.0205,
        "epsdiluted": -0.0205,
        "weightedAverageShsOut": 29247000,
        "weightedAverageShsOutDil": 29247000,
        "link": "https://www.sec.gov/Archives/edgar/data/16099/000001609916000003/0000016099-16-000003-index.html",
        "finalLink": "https://www.sec.gov/Archives/edgar/data/16099/000001609916000003/lub_030916x10qdocument.htm"
    },
    {
        "date": "2015-12-16",
        "symbol": "LUB",
        "reportedCurrency": "USD",
        "cik": "0000016099",
        "fillingDate": "2016-01-25",
        "acceptedDate": "2016-01-25 17:04:52",
        "calendarYear": "2016",
        "period": "Q1",
        "revenue": 120700000,
        "costOfRevenue": 37500000,
        "grossProfit": 83200000,
        "grossProfitRatio": 0.6893123447,
        "researchAndDevelopmentExpenses": 0,
        "generalAndAdministrativeExpenses": 59700000,
        "sellingAndMarketingExpenses": -39815000,
        "sellingGeneralAndAdministrativeExpenses": 19885000,
        "otherExpenses": 64915000,
        "operatingExpenses": 84800000,
        "costAndExpenses": 122300000,
        "interestIncome": 1000,
        "interestExpense": 696000,
        "depreciationAndAmortization": 7021000,
        "ebitda": 5217000,
        "ebitdaratio": 0.0432228666,
        "operatingIncome": -1586000,
        "operatingIncomeRatio": -0.0131400166,
        "totalOtherIncomeExpensesNet": -814000,
        "incomeBeforeTax": -2400000,
        "incomeBeforeTaxRatio": -0.0198840099,
        "incomeTaxExpense": -700000,
        "netIncome": -1800000,
        "netIncomeRatio": -0.0149130075,
        "eps": -0.0618,
        "epsdiluted": -0.0618,
        "weightedAverageShsOut": 29133000,
        "weightedAverageShsOutDil": 29133000,
        "link": "https://www.sec.gov/Archives/edgar/data/16099/000143774916024043/0001437749-16-024043-index.html",
        "finalLink": "https://www.sec.gov/Archives/edgar/data/16099/000143774916024043/lub20151119_10q.htm"
    },
    {
        "date": "2015-08-26",
        "symbol": "LUB",
        "reportedCurrency": "USD",
        "cik": "0000016099",
        "fillingDate": "2015-11-09",
        "acceptedDate": "2015-11-09 17:01:52",
        "calendarYear": "2015",
        "period": "Q4",
        "revenue": 122100000,
        "costOfRevenue": 38900000,
        "grossProfit": 83200000,
        "grossProfitRatio": 0.6814086814,
        "researchAndDevelopmentExpenses": 0,
        "generalAndAdministrativeExpenses": 61600000,
        "sellingAndMarketingExpenses": -39120000,
        "sellingGeneralAndAdministrativeExpenses": 22480000,
        "otherExpenses": 60120000,
        "operatingExpenses": 82600000,
        "costAndExpenses": 121500000,
        "interestIncome": 1000,
        "interestExpense": 712000,
        "depreciationAndAmortization": 6807000,
        "ebitda": 7410000,
        "ebitdaratio": 0.0606879607,
        "operatingIncome": 886000,
        "operatingIncomeRatio": 0.0072563473,
        "totalOtherIncomeExpensesNet": -686000,
        "incomeBeforeTax": 200000,
        "incomeBeforeTaxRatio": 0.0016380016,
        "incomeTaxExpense": 300000,
        "netIncome": -100000,
        "netIncomeRatio": -0.0008190008,
        "eps": -0.0034,
        "epsdiluted": -0.0034,
        "weightedAverageShsOut": 29121000,
        "weightedAverageShsOutDil": 29121000,
        "link": "https://www.sec.gov/Archives/edgar/data/16099/000143774915020265/0001437749-15-020265-index.html",
        "finalLink": "https://www.sec.gov/Archives/edgar/data/16099/000143774915020265/lub20150826_10k.htm"
    },
    {
        "date": "2015-05-06",
        "symbol": "LUB",
        "reportedCurrency": "USD",
        "cik": "0000016099",
        "fillingDate": "2015-06-15",
        "acceptedDate": "2015-06-15 16:35:42",
        "calendarYear": "2015",
        "period": "Q3",
        "revenue": 94100000,
        "costOfRevenue": 28300000,
        "grossProfit": 65800000,
        "grossProfitRatio": 0.6992561105,
        "researchAndDevelopmentExpenses": 0,
        "generalAndAdministrativeExpenses": 42700000,
        "sellingAndMarketingExpenses": -30629000,
        "sellingGeneralAndAdministrativeExpenses": 12071000,
        "otherExpenses": 50229000,
        "operatingExpenses": 62300000,
        "costAndExpenses": 90600000,
        "interestIncome": 1000,
        "interestExpense": 599000,
        "depreciationAndAmortization": 4764000,
        "ebitda": 8163000,
        "ebitdaratio": 0.0867481403,
        "operatingIncome": 3493000,
        "operatingIncomeRatio": 0.037120085,
        "totalOtherIncomeExpensesNet": -593000,
        "incomeBeforeTax": 2900000,
        "incomeBeforeTaxRatio": 0.0308182784,
        "incomeTaxExpense": 400000,
        "netIncome": 2400000,
        "netIncomeRatio": 0.0255047821,
        "eps": 0.0827,
        "epsdiluted": 0.0824,
        "weightedAverageShsOut": 29009000,
        "weightedAverageShsOutDil": 29111000,
        "link": "https://www.sec.gov/Archives/edgar/data/16099/000143774915012315/0001437749-15-012315-index.html",
        "finalLink": "https://www.sec.gov/Archives/edgar/data/16099/000143774915012315/lub20150612_10q.htm"
    },
    {
        "date": "2015-02-11",
        "symbol": "LUB",
        "reportedCurrency": "USD",
        "cik": "0000016099",
        "fillingDate": "2015-03-23",
        "acceptedDate": "2015-03-23 16:54:36",
        "calendarYear": "2015",
        "period": "Q2",
        "revenue": 91000000,
        "costOfRevenue": 28800000,
        "grossProfit": 62200000,
        "grossProfitRatio": 0.6835164835,
        "researchAndDevelopmentExpenses": 0,
        "generalAndAdministrativeExpenses": 43400000,
        "sellingAndMarketingExpenses": -30546000,
        "sellingGeneralAndAdministrativeExpenses": 12854000,
        "otherExpenses": 50046000,
        "operatingExpenses": 62900000,
        "costAndExpenses": 91700000,
        "interestIncome": 1000,
        "interestExpense": 568000,
        "depreciationAndAmortization": 4787000,
        "ebitda": 4055000,
        "ebitdaratio": 0.0445604396,
        "operatingIncome": -686000,
        "operatingIncomeRatio": -0.0075384615,
        "totalOtherIncomeExpensesNet": -514000,
        "incomeBeforeTax": -1200000,
        "incomeBeforeTaxRatio": -0.0131868132,
        "incomeTaxExpense": 100000,
        "netIncome": -1400000,
        "netIncomeRatio": -0.0153846154,
        "eps": -0.0484,
        "epsdiluted": -0.0484,
        "weightedAverageShsOut": 28921000,
        "weightedAverageShsOutDil": 28921000,
        "link": "https://www.sec.gov/Archives/edgar/data/16099/000143774915005829/0001437749-15-005829-index.htm",
        "finalLink": "https://www.sec.gov/Archives/edgar/data/16099/000143774915005829/lub20150212_10q.htm"
    },
    {
        "date": "2014-11-19",
        "symbol": "LUB",
        "reportedCurrency": "USD",
        "cik": "0000016099",
        "fillingDate": "2014-12-19",
        "acceptedDate": "2014-12-19 16:30:31",
        "calendarYear": "2015",
        "period": "Q1",
        "revenue": 86900000,
        "costOfRevenue": 27400000,
        "grossProfit": 59500000,
        "grossProfitRatio": 0.6846950518,
        "researchAndDevelopmentExpenses": 0,
        "generalAndAdministrativeExpenses": 42600000,
        "sellingAndMarketingExpenses": -30268000,
        "sellingGeneralAndAdministrativeExpenses": 12332000,
        "otherExpenses": 51468000,
        "operatingExpenses": 63800000,
        "costAndExpenses": 91200000,
        "interestIncome": 1000,
        "interestExpense": 456000,
        "depreciationAndAmortization": 5073000,
        "ebitda": 729000,
        "ebitdaratio": 0.0083889528,
        "operatingIncome": -4330000,
        "operatingIncomeRatio": -0.0498273878,
        "totalOtherIncomeExpensesNet": -270000,
        "incomeBeforeTax": -4600000,
        "incomeBeforeTaxRatio": -0.0529344074,
        "incomeTaxExpense": -1800000,
        "netIncome": -3000000,
        "netIncomeRatio": -0.0345224396,
        "eps": -0.1,
        "epsdiluted": -0.1,
        "weightedAverageShsOut": 28890000,
        "weightedAverageShsOutDil": 28890000,
        "link": "https://www.sec.gov/Archives/edgar/data/16099/000143774914022356/0001437749-14-022356-index.html",
        "finalLink": "https://www.sec.gov/Archives/edgar/data/16099/000143774914022356/lub20141119_10q.htm"
    },
    {
        "date": "2014-08-27",
        "symbol": "LUB",
        "reportedCurrency": "USD",
        "cik": "0000016099",
        "fillingDate": "2014-11-12",
        "acceptedDate": "2014-11-12 06:16:30",
        "calendarYear": "2014",
        "period": "Q4",
        "revenue": 123600000,
        "costOfRevenue": 41000000,
        "grossProfit": 82600000,
        "grossProfitRatio": 0.6682847896,
        "researchAndDevelopmentExpenses": 0,
        "generalAndAdministrativeExpenses": 63100000,
        "sellingAndMarketingExpenses": -46098000,
        "sellingGeneralAndAdministrativeExpenses": 17002000,
        "otherExpenses": 67498000,
        "operatingExpenses": 84500000,
        "costAndExpenses": 125500000,
        "interestIncome": 2000,
        "interestExpense": 292000,
        "depreciationAndAmortization": 6617000,
        "ebitda": 4709000,
        "ebitdaratio": 0.0380987055,
        "operatingIncome": -1708000,
        "operatingIncomeRatio": -0.0138187702,
        "totalOtherIncomeExpensesNet": -192000,
        "incomeBeforeTax": -1900000,
        "incomeBeforeTaxRatio": -0.0153721683,
        "incomeTaxExpense": -800000,
        "netIncome": -1400000,
        "netIncomeRatio": -0.0113268608,
        "eps": -0.0485,
        "epsdiluted": -0.0485,
        "weightedAverageShsOut": 28861000,
        "weightedAverageShsOutDil": 28861000,
        "link": "https://www.sec.gov/Archives/edgar/data/16099/000143774914020335/0001437749-14-020335-index.html",
        "finalLink": "https://www.sec.gov/Archives/edgar/data/16099/000143774914020335/lub20140827_10k.htm"
    },
    {
        "date": "2014-05-07",
        "symbol": "LUB",
        "reportedCurrency": "USD",
        "cik": "0000016099",
        "fillingDate": "2014-06-16",
        "acceptedDate": "2014-06-16 17:16:22",
        "calendarYear": "2014",
        "period": "Q3",
        "revenue": 96400000,
        "costOfRevenue": 29700000,
        "grossProfit": 66700000,
        "grossProfitRatio": 0.6919087137,
        "researchAndDevelopmentExpenses": 0,
        "generalAndAdministrativeExpenses": 43500000,
        "sellingAndMarketingExpenses": -30246000,
        "sellingGeneralAndAdministrativeExpenses": 13254000,
        "otherExpenses": 49846000,
        "operatingExpenses": 63100000,
        "costAndExpenses": 92800000,
        "interestIncome": 1000,
        "interestExpense": 410000,
        "depreciationAndAmortization": 4688000,
        "ebitda": 8398000,
        "ebitdaratio": 0.0871161826,
        "operatingIncome": 3517000,
        "operatingIncomeRatio": 0.0364834025,
        "totalOtherIncomeExpensesNet": -117000,
        "incomeBeforeTax": 3400000,
        "incomeBeforeTaxRatio": 0.0352697095,
        "incomeTaxExpense": 1600000,
        "netIncome": 1700000,
        "netIncomeRatio": 0.0176348548,
        "eps": 0.059,
        "epsdiluted": 0.0577,
        "weightedAverageShsOut": 28791000,
        "weightedAverageShsOutDil": 29476000,
        "link": "https://www.sec.gov/Archives/edgar/data/16099/000143774914011312/0001437749-14-011312-index.html",
        "finalLink": "https://www.sec.gov/Archives/edgar/data/16099/000143774914011312/lub20140514_10q.htm"
    },
    {
        "date": "2014-02-12",
        "symbol": "LUB",
        "reportedCurrency": "USD",
        "cik": "0000016099",
        "fillingDate": "2014-03-28",
        "acceptedDate": "2014-03-28 15:32:07",
        "calendarYear": "2014",
        "period": "Q2",
        "revenue": 88600000,
        "costOfRevenue": 27500000,
        "grossProfit": 61100000,
        "grossProfitRatio": 0.6896162528,
        "researchAndDevelopmentExpenses": 0,
        "generalAndAdministrativeExpenses": 42900000,
        "sellingAndMarketingExpenses": -29824000,
        "sellingGeneralAndAdministrativeExpenses": 13076000,
        "otherExpenses": 51024000,
        "operatingExpenses": 64100000,
        "costAndExpenses": 91600000,
        "interestIncome": 1000,
        "interestExpense": 292000,
        "depreciationAndAmortization": 4503000,
        "ebitda": 1095000,
        "ebitdaratio": 0.0123589165,
        "operatingIncome": -3548000,
        "operatingIncomeRatio": -0.0400451467,
        "totalOtherIncomeExpensesNet": 448000,
        "incomeBeforeTax": -3100000,
        "incomeBeforeTaxRatio": -0.0349887133,
        "incomeTaxExpense": -1500000,
        "netIncome": -2200000,
        "netIncomeRatio": -0.0248306998,
        "eps": -0.0765,
        "epsdiluted": -0.0765,
        "weightedAverageShsOut": 28775000,
        "weightedAverageShsOutDil": 28775000,
        "link": "https://www.sec.gov/Archives/edgar/data/16099/000143774914005382/0001437749-14-005382-index.htm",
        "finalLink": "https://www.sec.gov/Archives/edgar/data/16099/000143774914005382/lub20140219_10q.htm"
    },
    {
        "date": "2013-11-20",
        "symbol": "LUB",
        "reportedCurrency": "USD",
        "cik": "0000016099",
        "fillingDate": "2013-12-20",
        "acceptedDate": "2013-12-20 14:38:39",
        "calendarYear": "2014",
        "period": "Q1",
        "revenue": 85800000,
        "costOfRevenue": 26500000,
        "grossProfit": 59300000,
        "grossProfitRatio": 0.6911421911,
        "researchAndDevelopmentExpenses": 0,
        "generalAndAdministrativeExpenses": 41300000,
        "sellingAndMarketingExpenses": -28276000,
        "sellingGeneralAndAdministrativeExpenses": 13024000,
        "otherExpenses": 47976000,
        "operatingExpenses": 61000000,
        "costAndExpenses": 87500000,
        "interestIncome": 2000,
        "interestExpense": 253000,
        "depreciationAndAmortization": 4413000,
        "ebitda": 2266000,
        "ebitdaratio": 0.0264102564,
        "operatingIncome": -2333000,
        "operatingIncomeRatio": -0.0271911422,
        "totalOtherIncomeExpensesNet": 733000,
        "incomeBeforeTax": -1600000,
        "incomeBeforeTaxRatio": -0.0186480186,
        "incomeTaxExpense": -900000,
        "netIncome": -1500000,
        "netIncomeRatio": -0.0174825175,
        "eps": -0.0521,
        "epsdiluted": -0.0521,
        "weightedAverageShsOut": 28765000,
        "weightedAverageShsOutDil": 28765000,
        "link": "https://www.sec.gov/Archives/edgar/data/16099/000143774913016308/0001437749-13-016308-index.html",
        "finalLink": "https://www.sec.gov/Archives/edgar/data/16099/000143774913016308/lub20131127_10q.htm"
    },
    {
        "date": "2013-08-28",
        "symbol": "LUB",
        "reportedCurrency": "USD",
        "cik": "0000016099",
        "fillingDate": "2013-11-12",
        "acceptedDate": "2013-11-12 17:17:30",
        "calendarYear": "2013",
        "period": "Q4",
        "revenue": 121700000,
        "costOfRevenue": 39700000,
        "grossProfit": 82000000,
        "grossProfitRatio": 0.6737880033,
        "researchAndDevelopmentExpenses": 0,
        "generalAndAdministrativeExpenses": 59400000,
        "sellingAndMarketingExpenses": -27969000,
        "sellingGeneralAndAdministrativeExpenses": 31431000,
        "otherExpenses": 49769000,
        "operatingExpenses": 81200000,
        "costAndExpenses": 120900000,
        "interestIncome": 2000,
        "interestExpense": 302000,
        "depreciationAndAmortization": 5896000,
        "ebitda": 6298000,
        "ebitdaratio": 0.0517502054,
        "operatingIncome": 519000,
        "operatingIncomeRatio": 0.004264585,
        "totalOtherIncomeExpensesNet": 281000,
        "incomeBeforeTax": 800000,
        "incomeBeforeTaxRatio": 0.0065735415,
        "incomeTaxExpense": -300000,
        "netIncome": 400000,
        "netIncomeRatio": 0.0032867707,
        "eps": 0.0139,
        "epsdiluted": 0.0138,
        "weightedAverageShsOut": 28735000,
        "weightedAverageShsOutDil": 29034000,
        "link": "https://www.sec.gov/Archives/edgar/data/16099/000143774913014511/0001437749-13-014511-index.html",
        "finalLink": "https://www.sec.gov/Archives/edgar/data/16099/000143774913014511/lub20130827_10k.htm"
    },
    {
        "date": "2013-05-08",
        "symbol": "LUB",
        "reportedCurrency": "USD",
        "cik": "0000016099",
        "fillingDate": "2013-06-17",
        "acceptedDate": "2013-06-17 14:35:44",
        "calendarYear": "2013",
        "period": "Q3",
        "revenue": 96300000,
        "costOfRevenue": 29400000,
        "grossProfit": 66900000,
        "grossProfitRatio": 0.6947040498,
        "researchAndDevelopmentExpenses": 0,
        "generalAndAdministrativeExpenses": 42600000,
        "sellingAndMarketingExpenses": -35364000,
        "sellingGeneralAndAdministrativeExpenses": 7236000,
        "otherExpenses": 55564000,
        "operatingExpenses": 62800000,
        "costAndExpenses": 92200000,
        "interestIncome": 2000,
        "interestExpense": 228000,
        "depreciationAndAmortization": 4208000,
        "ebitda": 8436000,
        "ebitdaratio": 0.0876012461,
        "operatingIncome": 4089000,
        "operatingIncomeRatio": 0.0424610592,
        "totalOtherIncomeExpensesNet": 11000,
        "incomeBeforeTax": 4100000,
        "incomeBeforeTaxRatio": 0.0425752856,
        "incomeTaxExpense": 1500000,
        "netIncome": 2500000,
        "netIncomeRatio": 0.02596054,
        "eps": 0.0871,
        "epsdiluted": 0.0863,
        "weightedAverageShsOut": 28698000,
        "weightedAverageShsOutDil": 28952000,
        "link": "https://www.sec.gov/Archives/edgar/data/16099/000143774913007691/0001437749-13-007691-index.html",
        "finalLink": "https://www.sec.gov/Archives/edgar/data/16099/000143774913007691/lub20130606_10q.htm"
    },
    {
        "date": "2013-02-13",
        "symbol": "LUB",
        "reportedCurrency": "USD",
        "cik": "0000016099",
        "fillingDate": "2013-03-25",
        "acceptedDate": "2013-03-25 16:45:28",
        "calendarYear": "2013",
        "period": "Q2",
        "revenue": 86700000,
        "costOfRevenue": 26900000,
        "grossProfit": 59800000,
        "grossProfitRatio": 0.6897347174,
        "researchAndDevelopmentExpenses": 0,
        "generalAndAdministrativeExpenses": 41700000,
        "sellingAndMarketingExpenses": -34084000,
        "sellingGeneralAndAdministrativeExpenses": 7616000,
        "otherExpenses": 50984000,
        "operatingExpenses": 58600000,
        "costAndExpenses": 85500000,
        "interestIncome": 2000,
        "interestExpense": 214000,
        "depreciationAndAmortization": 4331000,
        "ebitda": 5245000,
        "ebitdaratio": 0.0604959631,
        "operatingIncome": 1095000,
        "operatingIncomeRatio": 0.0126297578,
        "totalOtherIncomeExpensesNet": 5000,
        "incomeBeforeTax": 1100000,
        "incomeBeforeTaxRatio": 0.0126874279,
        "incomeTaxExpense": 500000,
        "netIncome": 200000,
        "netIncomeRatio": 0.0023068051,
        "eps": 0.0071,
        "epsdiluted": 0.007,
        "weightedAverageShsOut": 28206000,
        "weightedAverageShsOutDil": 28417000,
        "link": "https://www.sec.gov/Archives/edgar/data/16099/000143774913003422/0001437749-13-003422-index.html",
        "finalLink": "https://www.sec.gov/Archives/edgar/data/16099/000143774913003422/lub_10q-021313.htm"
    },
    {
        "date": "2012-11-21",
        "symbol": "LUB",
        "reportedCurrency": "USD",
        "cik": "0000016099",
        "fillingDate": "2012-12-26",
        "acceptedDate": "2012-12-26 12:44:15",
        "calendarYear": "2013",
        "period": "Q1",
        "revenue": 79500000,
        "costOfRevenue": 24300000,
        "grossProfit": 55200000,
        "grossProfitRatio": 0.6943396226,
        "researchAndDevelopmentExpenses": 0,
        "generalAndAdministrativeExpenses": 37700000,
        "sellingAndMarketingExpenses": -30322000,
        "sellingGeneralAndAdministrativeExpenses": 7378000,
        "otherExpenses": 47622000,
        "operatingExpenses": 55000000,
        "costAndExpenses": 79300000,
        "interestIncome": 2000,
        "interestExpense": 175000,
        "depreciationAndAmortization": 4136000,
        "ebitda": 4511000,
        "ebitdaratio": 0.0567421384,
        "operatingIncome": 206000,
        "operatingIncomeRatio": 0.002591195,
        "totalOtherIncomeExpensesNet": -6000,
        "incomeBeforeTax": 200000,
        "incomeBeforeTaxRatio": 0.0025157233,
        "incomeTaxExpense": 100000,
        "netIncome": 100000,
        "netIncomeRatio": 0.0012578616,
        "eps": 0.0035,
        "epsdiluted": 0.0035,
        "weightedAverageShsOut": 28386000,
        "weightedAverageShsOutDil": 28567000,
        "link": "https://www.sec.gov/Archives/edgar/data/16099/000119312512514572/0001193125-12-514572-index.html",
        "finalLink": "https://www.sec.gov/Archives/edgar/data/16099/000119312512514572/d443330d10q.htm"
    },
    {
        "date": "2012-08-29",
        "symbol": "LUB",
        "reportedCurrency": "USD",
        "cik": "0000016099",
        "fillingDate": "2012-11-13",
        "acceptedDate": "2012-11-13 06:54:36",
        "calendarYear": "2012",
        "period": "Q4",
        "revenue": 107200000,
        "costOfRevenue": 32100000,
        "grossProfit": 75100000,
        "grossProfitRatio": 0.7005597015,
        "researchAndDevelopmentExpenses": 0,
        "generalAndAdministrativeExpenses": 64000000,
        "sellingAndMarketingExpenses": -54064000,
        "sellingGeneralAndAdministrativeExpenses": 9936000,
        "otherExpenses": 62964000,
        "operatingExpenses": 72900000,
        "costAndExpenses": 105000000,
        "interestIncome": 2000,
        "interestExpense": 248000,
        "depreciationAndAmortization": 5404000,
        "ebitda": 7952000,
        "ebitdaratio": 0.0741791045,
        "operatingIncome": 2181000,
        "operatingIncomeRatio": 0.0203451493,
        "totalOtherIncomeExpensesNet": 219000,
        "incomeBeforeTax": 2400000,
        "incomeBeforeTaxRatio": 0.0223880597,
        "incomeTaxExpense": -800000,
        "netIncome": 3100000,
        "netIncomeRatio": 0.0289179104,
        "eps": 0.11,
        "epsdiluted": 0.11,
        "weightedAverageShsOut": 28500000,
        "weightedAverageShsOutDil": 28500000,
        "link": "https://www.sec.gov/Archives/edgar/data/16099/000119312512465459/0001193125-12-465459-index.html",
        "finalLink": "https://www.sec.gov/Archives/edgar/data/16099/000119312512465459/d402264d10k.htm"
    },
    {
        "date": "2012-05-09",
        "symbol": "LUB",
        "reportedCurrency": "USD",
        "cik": "0000016099",
        "fillingDate": "2012-06-15",
        "acceptedDate": "2012-06-15 15:59:02",
        "calendarYear": "2012",
        "period": "Q3",
        "revenue": 84100000,
        "costOfRevenue": 25400000,
        "grossProfit": 58700000,
        "grossProfitRatio": 0.6979785969,
        "researchAndDevelopmentExpenses": 0,
        "generalAndAdministrativeExpenses": 32900000,
        "sellingAndMarketingExpenses": -25705000,
        "sellingGeneralAndAdministrativeExpenses": 7195000,
        "otherExpenses": 47505000,
        "operatingExpenses": 54700000,
        "costAndExpenses": 80100000,
        "interestIncome": 3000,
        "interestExpense": 201000,
        "depreciationAndAmortization": 4323000,
        "ebitda": 8424000,
        "ebitdaratio": 0.1001664685,
        "operatingIncome": 3977000,
        "operatingIncomeRatio": 0.0472889417,
        "totalOtherIncomeExpensesNet": 23000,
        "incomeBeforeTax": 4000000,
        "incomeBeforeTaxRatio": 0.0475624257,
        "incomeTaxExpense": 1500000,
        "netIncome": 2400000,
        "netIncomeRatio": 0.0285374554,
        "eps": 0.0846,
        "epsdiluted": 0.0844,
        "weightedAverageShsOut": 28377000,
        "weightedAverageShsOutDil": 28445000,
        "link": "https://www.sec.gov/Archives/edgar/data/16099/000119312512272379/0001193125-12-272379-index.htm",
        "finalLink": "https://www.sec.gov/Archives/edgar/data/16099/000119312512272379/d357119d10q.htm"
    },
    {
        "date": "2012-02-15",
        "symbol": "LUB",
        "reportedCurrency": "USD",
        "cik": "0000016099",
        "fillingDate": "2012-03-23",
        "acceptedDate": "2012-03-23 15:40:19",
        "calendarYear": "2012",
        "period": "Q2",
        "revenue": 79400000,
        "costOfRevenue": 24900000,
        "grossProfit": 54500000,
        "grossProfitRatio": 0.6863979849,
        "researchAndDevelopmentExpenses": 0,
        "generalAndAdministrativeExpenses": 32200000,
        "sellingAndMarketingExpenses": -25463000,
        "sellingGeneralAndAdministrativeExpenses": 6737000,
        "otherExpenses": 45763000,
        "operatingExpenses": 52500000,
        "costAndExpenses": 77400000,
        "interestIncome": 2000,
        "interestExpense": 215000,
        "depreciationAndAmortization": 4133000,
        "ebitda": 6048000,
        "ebitdaratio": 0.0761712846,
        "operatingIncome": 1990000,
        "operatingIncomeRatio": 0.0250629723,
        "totalOtherIncomeExpensesNet": 10000,
        "incomeBeforeTax": 2000000,
        "incomeBeforeTaxRatio": 0.0251889169,
        "incomeTaxExpense": 600000,
        "netIncome": 1100000,
        "netIncomeRatio": 0.0138539043,
        "eps": 0.0388,
        "epsdiluted": 0.0387,
        "weightedAverageShsOut": 28365000,
        "weightedAverageShsOutDil": 28410000,
        "link": "https://www.sec.gov/Archives/edgar/data/16099/000119312512129606/0001193125-12-129606-index.html",
        "finalLink": "https://www.sec.gov/Archives/edgar/data/16099/000119312512129606/d306398d10q.htm"
    },
    {
        "date": "2011-11-23",
        "symbol": "LUB",
        "reportedCurrency": "USD",
        "cik": "0000016099",
        "fillingDate": "2011-12-27",
        "acceptedDate": "2011-12-27 14:34:34",
        "calendarYear": "2012",
        "period": "Q1",
        "revenue": 79300000,
        "costOfRevenue": 24600000,
        "grossProfit": 54700000,
        "grossProfitRatio": 0.6897856242,
        "researchAndDevelopmentExpenses": 0,
        "generalAndAdministrativeExpenses": 31900000,
        "sellingAndMarketingExpenses": -25090000,
        "sellingGeneralAndAdministrativeExpenses": 6810000,
        "otherExpenses": 46890000,
        "operatingExpenses": 53700000,
        "costAndExpenses": 78300000,
        "interestIncome": 1000,
        "interestExpense": 279000,
        "depreciationAndAmortization": 4114000,
        "ebitda": 4893000,
        "ebitdaratio": 0.061702396,
        "operatingIncome": 969000,
        "operatingIncomeRatio": 0.0122194199,
        "totalOtherIncomeExpensesNet": -69000,
        "incomeBeforeTax": 900000,
        "incomeBeforeTaxRatio": 0.0113493064,
        "incomeTaxExpense": 300000,
        "netIncome": 200000,
        "netIncomeRatio": 0.0025220681,
        "eps": 0.0071,
        "epsdiluted": 0.0071,
        "weightedAverageShsOut": 28262000,
        "weightedAverageShsOutDil": 28304000,
        "link": "https://www.sec.gov/Archives/edgar/data/16099/000119312511352755/0001193125-11-352755-index.html",
        "finalLink": "https://www.sec.gov/Archives/edgar/data/16099/000119312511352755/d273057d10q.htm"
    },
    {
        "date": "2011-08-31",
        "symbol": "LUB",
        "reportedCurrency": "USD",
        "cik": "0000016099",
        "fillingDate": "2011-11-14",
        "acceptedDate": "2011-11-14 11:56:37",
        "calendarYear": "2011",
        "period": "Q4",
        "revenue": 113539000,
        "costOfRevenue": 96673000,
        "grossProfit": 16866000,
        "grossProfitRatio": 0.148548076,
        "researchAndDevelopmentExpenses": 0,
        "generalAndAdministrativeExpenses": 0,
        "sellingAndMarketingExpenses": 0,
        "sellingGeneralAndAdministrativeExpenses": 9545000,
        "otherExpenses": 5134000,
        "operatingExpenses": 14679000,
        "costAndExpenses": 111352000,
        "interestIncome": 0,
        "interestExpense": 692000,
        "depreciationAndAmortization": 5206000,
        "ebitda": 9076000,
        "ebitdaratio": 0.0799372903,
        "operatingIncome": 3531000,
        "operatingIncomeRatio": 0.031099446,
        "totalOtherIncomeExpensesNet": -360000,
        "incomeBeforeTax": 3171000,
        "incomeBeforeTaxRatio": 0.0279287293,
        "incomeTaxExpense": 332000,
        "netIncome": 2846000,
        "netIncomeRatio": 0.0250662768,
        "eps": 0.1,
        "epsdiluted": 0.1,
        "weightedAverageShsOut": 28267000,
        "weightedAverageShsOutDil": 28332000,
        "link": "https://www.sec.gov/Archives/edgar/data/16099/000119312511309873/0001193125-11-309873-index.html",
        "finalLink": "https://www.sec.gov/Archives/edgar/data/16099/000119312511309873/d249113d10k.htm"
    },
    {
        "date": "2011-05-04",
        "symbol": "LUB",
        "reportedCurrency": "USD",
        "cik": "0000016099",
        "fillingDate": "2011-06-10",
        "acceptedDate": "2011-06-10 16:35:37",
        "calendarYear": "2011",
        "period": "Q3",
        "revenue": 83400000,
        "costOfRevenue": 25300000,
        "grossProfit": 58100000,
        "grossProfitRatio": 0.6966426859,
        "researchAndDevelopmentExpenses": 0,
        "generalAndAdministrativeExpenses": 33300000,
        "sellingAndMarketingExpenses": -26319000,
        "sellingGeneralAndAdministrativeExpenses": 6981000,
        "otherExpenses": 47419000,
        "operatingExpenses": 54400000,
        "costAndExpenses": 79700000,
        "interestIncome": 0,
        "interestExpense": 579000,
        "depreciationAndAmortization": 3890000,
        "ebitda": 7569000,
        "ebitdaratio": 0.0907553957,
        "operatingIncome": 3644000,
        "operatingIncomeRatio": 0.0436930456,
        "totalOtherIncomeExpensesNet": -144000,
        "incomeBeforeTax": 3500000,
        "incomeBeforeTaxRatio": 0.0419664269,
        "incomeTaxExpense": 1400000,
        "netIncome": 1700000,
        "netIncomeRatio": 0.020383693,
        "eps": 0.0602,
        "epsdiluted": 0.0601,
        "weightedAverageShsOut": 28257000,
        "weightedAverageShsOutDil": 28304000,
        "link": "https://www.sec.gov/Archives/edgar/data/16099/000119312511163023/0001193125-11-163023-index.html",
        "finalLink": "https://www.sec.gov/Archives/edgar/data/16099/000119312511163023/d10q.htm"
    },
    {
        "date": "2011-02-09",
        "symbol": "LUB",
        "reportedCurrency": "USD",
        "cik": "0000016099",
        "fillingDate": "2011-03-11",
        "acceptedDate": "2011-03-11 17:13:47",
        "calendarYear": "2011",
        "period": "Q2",
        "revenue": 76500000,
        "costOfRevenue": 24300000,
        "grossProfit": 52200000,
        "grossProfitRatio": 0.6823529412,
        "researchAndDevelopmentExpenses": 0,
        "generalAndAdministrativeExpenses": 31700000,
        "sellingAndMarketingExpenses": -25209000,
        "sellingGeneralAndAdministrativeExpenses": 6491000,
        "otherExpenses": 46009000,
        "operatingExpenses": 52500000,
        "costAndExpenses": 76800000,
        "interestIncome": 1000,
        "interestExpense": 553000,
        "depreciationAndAmortization": 3985000,
        "ebitda": 4938000,
        "ebitdaratio": 0.0645490196,
        "operatingIncome": -252000,
        "operatingIncomeRatio": -0.0032941176,
        "totalOtherIncomeExpensesNet": -348000,
        "incomeBeforeTax": -600000,
        "incomeBeforeTaxRatio": -0.0078431373,
        "incomeTaxExpense": -300000,
        "netIncome": 700000,
        "netIncomeRatio": 0.0091503268,
        "eps": 0.0248,
        "epsdiluted": 0.0248,
        "weightedAverageShsOut": 28172000,
        "weightedAverageShsOutDil": 28172000,
        "link": "https://www.sec.gov/Archives/edgar/data/16099/000119312511064199/0001193125-11-064199-index.htm",
        "finalLink": "https://www.sec.gov/Archives/edgar/data/16099/000119312511064199/d10q.htm"
    },
    {
        "date": "2010-11-17",
        "symbol": "LUB",
        "reportedCurrency": "USD",
        "cik": "0000016099",
        "fillingDate": "2010-12-21",
        "acceptedDate": "2010-12-20 17:33:42",
        "calendarYear": "2011",
        "period": "Q1",
        "revenue": 75300000,
        "costOfRevenue": 23800000,
        "grossProfit": 51500000,
        "grossProfitRatio": 0.6839309429,
        "researchAndDevelopmentExpenses": 0,
        "generalAndAdministrativeExpenses": 31700000,
        "sellingAndMarketingExpenses": -25187000,
        "sellingGeneralAndAdministrativeExpenses": 6513000,
        "otherExpenses": 47587000,
        "operatingExpenses": 54100000,
        "costAndExpenses": 77900000,
        "interestIncome": 2000,
        "interestExpense": 618000,
        "depreciationAndAmortization": 4197000,
        "ebitda": 1615000,
        "ebitdaratio": 0.0214475432,
        "operatingIncome": -2630000,
        "operatingIncomeRatio": -0.0349269588,
        "totalOtherIncomeExpensesNet": -370000,
        "incomeBeforeTax": -3000000,
        "incomeBeforeTaxRatio": -0.0398406375,
        "incomeTaxExpense": -900000,
        "netIncome": -2300000,
        "netIncomeRatio": -0.0305444887,
        "eps": -0.0817,
        "epsdiluted": -0.0817,
        "weightedAverageShsOut": 28164000,
        "weightedAverageShsOutDil": 28164000,
        "link": "https://www.sec.gov/Archives/edgar/data/16099/000119312510284671/0001193125-10-284671-index.html",
        "finalLink": "https://www.sec.gov/Archives/edgar/data/16099/000119312510284671/d10q.htm"
    },
    {
        "date": "2010-08-25",
        "symbol": "LUB",
        "reportedCurrency": "USD",
        "cik": "0000016099",
        "fillingDate": "2010-11-08",
        "acceptedDate": "2010-11-08 17:23:42",
        "calendarYear": "2010",
        "period": "Q4",
        "revenue": 81600000,
        "costOfRevenue": 25400000,
        "grossProfit": 56200000,
        "grossProfitRatio": 0.6887254902,
        "researchAndDevelopmentExpenses": 0,
        "generalAndAdministrativeExpenses": 37000000,
        "sellingAndMarketingExpenses": -27145000,
        "sellingGeneralAndAdministrativeExpenses": 9855000,
        "otherExpenses": 50045000,
        "operatingExpenses": 59900000,
        "costAndExpenses": 85300000,
        "interestIncome": 16000,
        "interestExpense": 340000,
        "depreciationAndAmortization": 4756000,
        "ebitda": 2796000,
        "ebitdaratio": 0.0342647059,
        "operatingIncome": -3955000,
        "operatingIncomeRatio": -0.0484681373,
        "totalOtherIncomeExpensesNet": 2255000,
        "incomeBeforeTax": -1700000,
        "incomeBeforeTaxRatio": -0.0208333333,
        "incomeTaxExpense": -2800000,
        "netIncome": 500000,
        "netIncomeRatio": 0.006127451,
        "eps": 0.0177,
        "epsdiluted": 0.0177,
        "weightedAverageShsOut": 28200000,
        "weightedAverageShsOutDil": 28200000,
        "link": "https://www.sec.gov/Archives/edgar/data/16099/000119312510252333/0001193125-10-252333-index.html",
        "finalLink": "https://www.sec.gov/Archives/edgar/data/16099/000119312510252333/d10k.htm"
    },
    {
        "date": "2010-05-05",
        "symbol": "LUB",
        "reportedCurrency": "USD",
        "cik": "0000016099",
        "fillingDate": "2010-06-11",
        "acceptedDate": "2010-06-11 16:14:35",
        "calendarYear": "2010",
        "period": "Q3",
        "revenue": 57200000,
        "costOfRevenue": 17700000,
        "grossProfit": 39500000,
        "grossProfitRatio": 0.6905594406,
        "researchAndDevelopmentExpenses": 0,
        "generalAndAdministrativeExpenses": 24100000,
        "sellingAndMarketingExpenses": -18937000,
        "sellingGeneralAndAdministrativeExpenses": 5163000,
        "otherExpenses": 32737000,
        "operatingExpenses": 37900000,
        "costAndExpenses": 55600000,
        "interestIncome": 7000,
        "interestExpense": 127000,
        "depreciationAndAmortization": 3444000,
        "ebitda": 4771000,
        "ebitdaratio": 0.0834090909,
        "operatingIncome": 1654000,
        "operatingIncomeRatio": 0.0289160839,
        "totalOtherIncomeExpensesNet": 46000,
        "incomeBeforeTax": 1700000,
        "incomeBeforeTaxRatio": 0.0297202797,
        "incomeTaxExpense": 500000,
        "netIncome": 700000,
        "netIncomeRatio": 0.0122377622,
        "eps": 0.0249,
        "epsdiluted": 0.0249,
        "weightedAverageShsOut": 28145000,
        "weightedAverageShsOutDil": 28151000,
        "link": "https://www.sec.gov/Archives/edgar/data/16099/000119312510137992/0001193125-10-137992-index.html",
        "finalLink": "https://www.sec.gov/Archives/edgar/data/16099/000119312510137992/d10q.htm"
    },
    {
        "date": "2010-02-10",
        "symbol": "LUB",
        "reportedCurrency": "USD",
        "cik": "0000016099",
        "fillingDate": "2010-03-19",
        "acceptedDate": "2010-03-19 14:09:55",
        "calendarYear": "2010",
        "period": "Q2",
        "revenue": 53800000,
        "costOfRevenue": 16700000,
        "grossProfit": 37100000,
        "grossProfitRatio": 0.6895910781,
        "researchAndDevelopmentExpenses": 0,
        "generalAndAdministrativeExpenses": 23200000,
        "sellingAndMarketingExpenses": -18197000,
        "sellingGeneralAndAdministrativeExpenses": 5003000,
        "otherExpenses": 31497000,
        "operatingExpenses": 36500000,
        "costAndExpenses": 53200000,
        "interestIncome": 7000,
        "interestExpense": 44000,
        "depreciationAndAmortization": 3489000,
        "ebitda": 3733000,
        "ebitdaratio": 0.0693866171,
        "operatingIncome": 597000,
        "operatingIncomeRatio": 0.0110966543,
        "totalOtherIncomeExpensesNet": 103000,
        "incomeBeforeTax": 700000,
        "incomeBeforeTaxRatio": 0.0130111524,
        "incomeTaxExpense": 600000,
        "netIncome": -400000,
        "netIncomeRatio": -0.0074349442,
        "eps": -0.0142,
        "epsdiluted": -0.0142,
        "weightedAverageShsOut": 28121000,
        "weightedAverageShsOutDil": 28127000,
        "link": "https://www.sec.gov/Archives/edgar/data/16099/000119312510061609/0001193125-10-061609-index.html",
        "finalLink": "https://www.sec.gov/Archives/edgar/data/16099/000119312510061609/d10q.htm"
    },
    {
        "date": "2009-11-18",
        "symbol": "LUB",
        "reportedCurrency": "USD",
        "cik": "0000016099",
        "fillingDate": "2009-12-22",
        "acceptedDate": "2009-12-22 14:56:03",
        "calendarYear": "2010",
        "period": "Q1",
        "revenue": 52300000,
        "costOfRevenue": 16100000,
        "grossProfit": 36200000,
        "grossProfitRatio": 0.6921606119,
        "researchAndDevelopmentExpenses": 0,
        "generalAndAdministrativeExpenses": 24300000,
        "sellingAndMarketingExpenses": -18818000,
        "sellingGeneralAndAdministrativeExpenses": 5482000,
        "otherExpenses": 35218000,
        "operatingExpenses": 40700000,
        "costAndExpenses": 56800000,
        "interestIncome": 9000,
        "interestExpense": 128000,
        "depreciationAndAmortization": 3799000,
        "ebitda": -1173000,
        "ebitdaratio": -0.0224282983,
        "operatingIncome": -3853000,
        "operatingIncomeRatio": -0.0736711281,
        "totalOtherIncomeExpensesNet": -547000,
        "incomeBeforeTax": -4400000,
        "incomeBeforeTaxRatio": -0.0841300191,
        "incomeTaxExpense": -1400000,
        "netIncome": -3700000,
        "netIncomeRatio": -0.0707456979,
        "eps": -0.13,
        "epsdiluted": -0.13,
        "weightedAverageShsOut": 28111000,
        "weightedAverageShsOutDil": 28111000,
        "link": "https://www.sec.gov/Archives/edgar/data/16099/000119312509257889/0001193125-09-257889-index.html",
        "finalLink": "https://www.sec.gov/Archives/edgar/data/16099/000119312509257889/d10q.htm"
    },
    {
        "date": "2009-08-26",
        "symbol": "LUB",
        "reportedCurrency": "USD",
        "cik": "0000016099",
        "fillingDate": "2009-11-09",
        "acceptedDate": "2009-11-09 17:08:10",
        "calendarYear": "2009",
        "period": "Q4",
        "revenue": 75000000,
        "costOfRevenue": 23700000,
        "grossProfit": 51300000,
        "grossProfitRatio": 0.684,
        "researchAndDevelopmentExpenses": 0,
        "generalAndAdministrativeExpenses": 34200000,
        "sellingAndMarketingExpenses": -27179000,
        "sellingGeneralAndAdministrativeExpenses": 7021000,
        "otherExpenses": 56679000,
        "operatingExpenses": 63700000,
        "costAndExpenses": 87400000,
        "interestIncome": 19000,
        "interestExpense": 181000,
        "depreciationAndAmortization": 5867000,
        "ebitda": -16452000,
        "ebitdaratio": -0.21936,
        "operatingIncome": -27427000,
        "operatingIncomeRatio": -0.3656933333,
        "totalOtherIncomeExpensesNet": 14927000,
        "incomeBeforeTax": -12500000,
        "incomeBeforeTaxRatio": -0.1666666667,
        "incomeTaxExpense": 800000,
        "netIncome": -23300000,
        "netIncomeRatio": -0.3106666667,
        "eps": -0.83,
        "epsdiluted": -0.83,
        "weightedAverageShsOut": 28100000,
        "weightedAverageShsOutDil": 28100000,
        "link": "https://www.sec.gov/Archives/edgar/data/16099/000119312509229563/0001193125-09-229563-index.html",
        "finalLink": "https://www.sec.gov/Archives/edgar/data/16099/000119312509229563/d10k.htm"
    },
    {
        "date": "2009-05-06",
        "symbol": "LUB",
        "reportedCurrency": "USD",
        "cik": "0000016099",
        "fillingDate": "2009-06-12",
        "acceptedDate": "2009-06-12 17:21:05",
        "calendarYear": "2009",
        "period": "Q3",
        "revenue": 63100000,
        "costOfRevenue": 19100000,
        "grossProfit": 44000000,
        "grossProfitRatio": 0.6973058637,
        "researchAndDevelopmentExpenses": 0,
        "generalAndAdministrativeExpenses": 27500000,
        "sellingAndMarketingExpenses": -21545000,
        "sellingGeneralAndAdministrativeExpenses": 5955000,
        "otherExpenses": 38245000,
        "operatingExpenses": 44200000,
        "costAndExpenses": 63300000,
        "interestIncome": 22000,
        "interestExpense": 66000,
        "depreciationAndAmortization": 4347000,
        "ebitda": 3113000,
        "ebitdaratio": 0.0493343899,
        "operatingIncome": -1158000,
        "operatingIncomeRatio": -0.0183518225,
        "totalOtherIncomeExpensesNet": 358000,
        "incomeBeforeTax": -800000,
        "incomeBeforeTaxRatio": -0.0126782884,
        "incomeTaxExpense": -200000,
        "netIncome": -1100000,
        "netIncomeRatio": -0.0174326466,
        "eps": -0.0393,
        "epsdiluted": -0.0393,
        "weightedAverageShsOut": 27976000,
        "weightedAverageShsOutDil": 27976000,
        "link": "https://www.sec.gov/Archives/edgar/data/16099/000119312509130334/0001193125-09-130334-index.html",
        "finalLink": "https://www.sec.gov/Archives/edgar/data/16099/000119312509130334/d10q.htm"
    },
    {
        "date": "2009-02-11",
        "symbol": "LUB",
        "reportedCurrency": "USD",
        "cik": "0000016099",
        "fillingDate": "2009-03-20",
        "acceptedDate": "2009-03-19 18:12:20",
        "calendarYear": "2009",
        "period": "Q2",
        "revenue": 62400000,
        "costOfRevenue": 19000000,
        "grossProfit": 43400000,
        "grossProfitRatio": 0.6955128205,
        "researchAndDevelopmentExpenses": 0,
        "generalAndAdministrativeExpenses": 26200000,
        "sellingAndMarketingExpenses": 6415000,
        "sellingGeneralAndAdministrativeExpenses": 32615000,
        "otherExpenses": 9385000,
        "operatingExpenses": 42000000,
        "costAndExpenses": 61000000,
        "interestIncome": 40000,
        "interestExpense": 56000,
        "depreciationAndAmortization": 4339000,
        "ebitda": 5095000,
        "ebitdaratio": 0.081650641,
        "operatingIncome": 265000,
        "operatingIncomeRatio": 0.0042467949,
        "totalOtherIncomeExpensesNet": 1335000,
        "incomeBeforeTax": 1600000,
        "incomeBeforeTaxRatio": 0.0256410256,
        "incomeTaxExpense": 600000,
        "netIncome": 100000,
        "netIncomeRatio": 0.0016025641,
        "eps": 0.0036,
        "epsdiluted": 0.0036,
        "weightedAverageShsOut": 27965000,
        "weightedAverageShsOutDil": 28077000,
        "link": "https://www.sec.gov/Archives/edgar/data/16099/000119312509058760/0001193125-09-058760-index.html",
        "finalLink": "https://www.sec.gov/Archives/edgar/data/16099/000119312509058760/d10q.htm"
    },
    {
        "date": "2008-11-19",
        "symbol": "LUB",
        "reportedCurrency": "USD",
        "cik": "0000016099",
        "fillingDate": "2008-12-19",
        "acceptedDate": "2008-12-18 18:00:54",
        "calendarYear": "2009",
        "period": "Q1",
        "revenue": 60000000,
        "costOfRevenue": 18300000,
        "grossProfit": 41700000,
        "grossProfitRatio": 0.695,
        "researchAndDevelopmentExpenses": 0,
        "generalAndAdministrativeExpenses": 27000000,
        "sellingAndMarketingExpenses": 3753000,
        "sellingGeneralAndAdministrativeExpenses": 30753000,
        "otherExpenses": 13247000,
        "operatingExpenses": 44000000,
        "costAndExpenses": 62300000,
        "interestIncome": 0,
        "interestExpense": 0,
        "depreciationAndAmortization": 4365000,
        "ebitda": 1465000,
        "ebitdaratio": 0.0244166667,
        "operatingIncome": -3541000,
        "operatingIncomeRatio": -0.0590166667,
        "totalOtherIncomeExpensesNet": 1541000,
        "incomeBeforeTax": -2000000,
        "incomeBeforeTaxRatio": -0.0333333333,
        "incomeTaxExpense": -700000,
        "netIncome": -2200000,
        "netIncomeRatio": -0.0366666667,
        "eps": -0.0787,
        "epsdiluted": -0.0787,
        "weightedAverageShsOut": 27944000,
        "weightedAverageShsOutDil": 27944000,
        "link": "https://www.sec.gov/Archives/edgar/data/16099/000119312508256011/0001193125-08-256011-index.html",
        "finalLink": "https://www.sec.gov/Archives/edgar/data/16099/000119312508256011/d10q.htm"
    },
    {
        "date": "2008-08-27",
        "symbol": "LUB",
        "reportedCurrency": "USD",
        "cik": "0000016099",
        "fillingDate": "2008-11-07",
        "acceptedDate": "2008-11-07 17:19:28",
        "calendarYear": "2008",
        "period": "Q4",
        "revenue": 97100000,
        "costOfRevenue": 29300000,
        "grossProfit": 67800000,
        "grossProfitRatio": 0.6982492276,
        "researchAndDevelopmentExpenses": 0,
        "generalAndAdministrativeExpenses": 41900000,
        "sellingAndMarketingExpenses": 31827000,
        "sellingGeneralAndAdministrativeExpenses": 73727000,
        "otherExpenses": 273000,
        "operatingExpenses": 74000000,
        "costAndExpenses": 103300000,
        "interestIncome": 0,
        "interestExpense": 0,
        "depreciationAndAmortization": 5733000,
        "ebitda": -167000,
        "ebitdaratio": -0.0017198764,
        "operatingIncome": -5421000,
        "operatingIncomeRatio": -0.0558290422,
        "totalOtherIncomeExpensesNet": -379000,
        "incomeBeforeTax": -5800000,
        "incomeBeforeTaxRatio": -0.0597322348,
        "incomeTaxExpense": -2200000,
        "netIncome": -3700000,
        "netIncomeRatio": -0.0381050463,
        "eps": -0.13,
        "epsdiluted": -0.13,
        "weightedAverageShsOut": 27900000,
        "weightedAverageShsOutDil": 27900000,
        "link": "https://www.sec.gov/Archives/edgar/data/16099/000119312508230188/0001193125-08-230188-index.html",
        "finalLink": "https://www.sec.gov/Archives/edgar/data/16099/000119312508230188/d10k.htm"
    },
    {
        "date": "2008-05-07",
        "symbol": "LUB",
        "reportedCurrency": "USD",
        "cik": "0000016099",
        "fillingDate": "2008-06-16",
        "acceptedDate": "2008-06-13 18:56:39",
        "calendarYear": "2008",
        "period": "Q3",
        "revenue": 74600000,
        "costOfRevenue": 21500000,
        "grossProfit": 53100000,
        "grossProfitRatio": 0.7117962466,
        "researchAndDevelopmentExpenses": 0,
        "generalAndAdministrativeExpenses": 31200000,
        "sellingAndMarketingExpenses": 17148000,
        "sellingGeneralAndAdministrativeExpenses": 48348000,
        "otherExpenses": 4252000,
        "operatingExpenses": 52600000,
        "costAndExpenses": 74100000,
        "interestIncome": 0,
        "interestExpense": 0,
        "depreciationAndAmortization": 4138000,
        "ebitda": 5038000,
        "ebitdaratio": 0.0675335121,
        "operatingIncome": 499000,
        "operatingIncomeRatio": 0.006689008,
        "totalOtherIncomeExpensesNet": 501000,
        "incomeBeforeTax": 1000000,
        "incomeBeforeTaxRatio": 0.0134048257,
        "incomeTaxExpense": 501000,
        "netIncome": 900000,
        "netIncomeRatio": 0.0120643432,
        "eps": 0.0322,
        "epsdiluted": 0.0321,
        "weightedAverageShsOut": 27925000,
        "weightedAverageShsOutDil": 28042000,
        "link": "https://www.sec.gov/Archives/edgar/data/16099/000119312508133746/0001193125-08-133746-index.html",
        "finalLink": "https://www.sec.gov/Archives/edgar/data/16099/000119312508133746/d10q.htm"
    },
    {
        "date": "2008-02-13",
        "symbol": "LUB",
        "reportedCurrency": "USD",
        "cik": "0000016099",
        "fillingDate": "2008-03-24",
        "acceptedDate": "2008-03-24 17:29:43",
        "calendarYear": "2008",
        "period": "Q2",
        "revenue": 72600000,
        "costOfRevenue": 21400000,
        "grossProfit": 51200000,
        "grossProfitRatio": 0.7052341598,
        "researchAndDevelopmentExpenses": 0,
        "generalAndAdministrativeExpenses": 31400000,
        "sellingAndMarketingExpenses": -17000,
        "sellingGeneralAndAdministrativeExpenses": 31383000,
        "otherExpenses": 19417000,
        "operatingExpenses": 50800000,
        "costAndExpenses": 72200000,
        "interestIncome": 0,
        "interestExpense": 0,
        "depreciationAndAmortization": 4004000,
        "ebitda": 4404000,
        "ebitdaratio": 0.060661157,
        "operatingIncome": 462000,
        "operatingIncomeRatio": 0.0063636364,
        "totalOtherIncomeExpensesNet": -62000,
        "incomeBeforeTax": 400000,
        "incomeBeforeTaxRatio": 0.0055096419,
        "incomeTaxExpense": 100000,
        "netIncome": 300000,
        "netIncomeRatio": 0.0041322314,
        "eps": 0.0106,
        "epsdiluted": 0.0105,
        "weightedAverageShsOut": 28408000,
        "weightedAverageShsOutDil": 28518000,
        "link": "https://www.sec.gov/Archives/edgar/data/16099/000119312508063648/0001193125-08-063648-index.htm",
        "finalLink": "https://www.sec.gov/Archives/edgar/data/16099/000119312508063648/d10q.htm"
    },
    {
        "date": "2007-11-21",
        "symbol": "LUB",
        "reportedCurrency": "USD",
        "cik": "0000016099",
        "fillingDate": "2007-12-28",
        "acceptedDate": "2007-12-28 17:28:47",
        "calendarYear": "2008",
        "period": "Q1",
        "revenue": 73400000,
        "costOfRevenue": 21200000,
        "grossProfit": 52200000,
        "grossProfitRatio": 0.7111716621,
        "researchAndDevelopmentExpenses": 0,
        "generalAndAdministrativeExpenses": 30400000,
        "sellingAndMarketingExpenses": 7000,
        "sellingGeneralAndAdministrativeExpenses": 30407000,
        "otherExpenses": 20793000,
        "operatingExpenses": 51200000,
        "costAndExpenses": 72400000,
        "interestIncome": 0,
        "interestExpense": 0,
        "depreciationAndAmortization": 3977000,
        "ebitda": 7277000,
        "ebitdaratio": 0.0991416894,
        "operatingIncome": 1024000,
        "operatingIncomeRatio": 0.0139509537,
        "totalOtherIncomeExpensesNet": 2276000,
        "incomeBeforeTax": 3300000,
        "incomeBeforeTaxRatio": 0.0449591281,
        "incomeTaxExpense": -1500000,
        "netIncome": 4800000,
        "netIncomeRatio": 0.0653950954,
        "eps": 0.18,
        "epsdiluted": 0.17,
        "weightedAverageShsOut": 26883000,
        "weightedAverageShsOutDil": 27597000,
        "link": "https://www.sec.gov/Archives/edgar/data/16099/000119312507273037/0001193125-07-273037-index.html",
        "finalLink": "https://www.sec.gov/Archives/edgar/data/16099/000119312507273037/d10q.htm"
    },
    {
        "date": "2007-08-29",
        "symbol": "LUB",
        "reportedCurrency": "USD",
        "cik": "0000016099",
        "fillingDate": "2007-11-09",
        "acceptedDate": "2007-11-09 17:25:49",
        "calendarYear": "2007",
        "period": "Q4",
        "revenue": 98300000,
        "costOfRevenue": 27500000,
        "grossProfit": 70800000,
        "grossProfitRatio": 0.7202441506,
        "researchAndDevelopmentExpenses": 0,
        "generalAndAdministrativeExpenses": 39900000,
        "sellingAndMarketingExpenses": 20070000,
        "sellingGeneralAndAdministrativeExpenses": 59970000,
        "otherExpenses": 5630000,
        "operatingExpenses": 65600000,
        "costAndExpenses": 93100000,
        "interestIncome": 0,
        "interestExpense": 0,
        "depreciationAndAmortization": 5464000,
        "ebitda": 11064000,
        "ebitdaratio": 0.1125534079,
        "operatingIncome": 5285000,
        "operatingIncomeRatio": 0.0537639878,
        "totalOtherIncomeExpensesNet": 415000,
        "incomeBeforeTax": 5700000,
        "incomeBeforeTaxRatio": 0.0579857579,
        "incomeTaxExpense": 2500000,
        "netIncome": 3100000,
        "netIncomeRatio": 0.0315361139,
        "eps": 0.11,
        "epsdiluted": 0.11,
        "weightedAverageShsOut": 27200000,
        "weightedAverageShsOutDil": 27200000,
        "link": "https://www.sec.gov/Archives/edgar/data/16099/000001609907000043/0000016099-07-000043-index.html",
        "finalLink": "https://www.sec.gov/Archives/edgar/data/16099/000001609907000043/form10_k.htm"
    },
    {
        "date": "2007-05-09",
        "symbol": "LUB",
        "reportedCurrency": "USD",
        "cik": "0000016099",
        "fillingDate": "2007-06-15",
        "acceptedDate": "2007-06-15 17:19:44",
        "calendarYear": "2007",
        "period": "Q3",
        "revenue": 76200000,
        "costOfRevenue": 20600000,
        "grossProfit": 55600000,
        "grossProfitRatio": 0.7296587927,
        "researchAndDevelopmentExpenses": 0,
        "generalAndAdministrativeExpenses": 30700000,
        "sellingAndMarketingExpenses": 15997000,
        "sellingGeneralAndAdministrativeExpenses": 46697000,
        "otherExpenses": 3703000,
        "operatingExpenses": 50400000,
        "costAndExpenses": 71000000,
        "interestIncome": 0,
        "interestExpense": 0,
        "depreciationAndAmortization": 3805000,
        "ebitda": 9305000,
        "ebitdaratio": 0.1221128609,
        "operatingIncome": 5226000,
        "operatingIncomeRatio": 0.0685826772,
        "totalOtherIncomeExpensesNet": 274000,
        "incomeBeforeTax": 5500000,
        "incomeBeforeTaxRatio": 0.0721784777,
        "incomeTaxExpense": 1600000,
        "netIncome": 3900000,
        "netIncomeRatio": 0.0511811024,
        "eps": 0.15,
        "epsdiluted": 0.14,
        "weightedAverageShsOut": 26132000,
        "weightedAverageShsOutDil": 27173000,
        "link": "https://www.sec.gov/Archives/edgar/data/16099/000001609907000019/0000016099-07-000019-index.html",
        "finalLink": "https://www.sec.gov/Archives/edgar/data/16099/000001609907000019/form10_q.htm"
    },
    {
        "date": "2007-02-14",
        "symbol": "LUB",
        "reportedCurrency": "USD",
        "cik": "0000016099",
        "fillingDate": "2007-03-23",
        "acceptedDate": "2007-03-23 15:05:54",
        "calendarYear": "2007",
        "period": "Q2",
        "revenue": 72200000,
        "costOfRevenue": 19700000,
        "grossProfit": 52500000,
        "grossProfitRatio": 0.7271468144,
        "researchAndDevelopmentExpenses": 0,
        "generalAndAdministrativeExpenses": 29300000,
        "sellingAndMarketingExpenses": 16274000,
        "sellingGeneralAndAdministrativeExpenses": 45574000,
        "otherExpenses": 4026000,
        "operatingExpenses": 49600000,
        "costAndExpenses": 69300000,
        "interestIncome": 0,
        "interestExpense": 0,
        "depreciationAndAmortization": 3677000,
        "ebitda": 6677000,
        "ebitdaratio": 0.0924792244,
        "operatingIncome": 2926000,
        "operatingIncomeRatio": 0.0405263158,
        "totalOtherIncomeExpensesNet": 174000,
        "incomeBeforeTax": 3100000,
        "incomeBeforeTaxRatio": 0.0429362881,
        "incomeTaxExpense": 1100000,
        "netIncome": 1900000,
        "netIncomeRatio": 0.0263157895,
        "eps": 0.0728,
        "epsdiluted": 0.0698,
        "weightedAverageShsOut": 26101000,
        "weightedAverageShsOutDil": 27238000,
        "link": "https://www.sec.gov/Archives/edgar/data/16099/000001609907000010/0000016099-07-000010-index.htm",
        "finalLink": "https://www.sec.gov/Archives/edgar/data/16099/000001609907000010/form10_q.htm"
    },
    {
        "date": "2006-11-22",
        "symbol": "LUB",
        "reportedCurrency": "USD",
        "cik": "0000016099",
        "fillingDate": "2006-12-21",
        "acceptedDate": "2006-12-20 17:52:14",
        "calendarYear": "2007",
        "period": "Q1",
        "revenue": 73700000,
        "costOfRevenue": 19800000,
        "grossProfit": 53900000,
        "grossProfitRatio": 0.7313432836,
        "researchAndDevelopmentExpenses": 0,
        "generalAndAdministrativeExpenses": 30300000,
        "sellingAndMarketingExpenses": 16892000,
        "sellingGeneralAndAdministrativeExpenses": 47192000,
        "otherExpenses": 3808000,
        "operatingExpenses": 51000000,
        "costAndExpenses": 70800000,
        "interestIncome": 0,
        "interestExpense": 0,
        "depreciationAndAmortization": 3693000,
        "ebitda": 6693000,
        "ebitdaratio": 0.0908141113,
        "operatingIncome": 2912000,
        "operatingIncomeRatio": 0.0395115332,
        "totalOtherIncomeExpensesNet": 188000,
        "incomeBeforeTax": 3100000,
        "incomeBeforeTaxRatio": 0.0420624152,
        "incomeTaxExpense": 1100000,
        "netIncome": 1900000,
        "netIncomeRatio": 0.02578019,
        "eps": 0.0729,
        "epsdiluted": 0.0701,
        "weightedAverageShsOut": 26080000,
        "weightedAverageShsOutDil": 27102000,
        "link": "https://www.sec.gov/Archives/edgar/data/16099/000001609906000032/0000016099-06-000032-index.htm",
        "finalLink": "https://www.sec.gov/Archives/edgar/data/16099/000001609906000032/form10_k.htm"
    },
    {
        "date": "2006-08-30",
        "symbol": "LUB",
        "reportedCurrency": "USD",
        "cik": "0000016099",
        "fillingDate": "2006-11-13",
        "acceptedDate": "2006-11-13 17:01:18",
        "calendarYear": "2006",
        "period": "Q4",
        "revenue": 99100000,
        "costOfRevenue": 25900000,
        "grossProfit": 73200000,
        "grossProfitRatio": 0.7386478305,
        "researchAndDevelopmentExpenses": 0,
        "generalAndAdministrativeExpenses": 41100000,
        "sellingAndMarketingExpenses": 20951000,
        "sellingGeneralAndAdministrativeExpenses": 62051000,
        "otherExpenses": 6149000,
        "operatingExpenses": 68200000,
        "costAndExpenses": 94100000,
        "interestIncome": 0,
        "interestExpense": 0,
        "depreciationAndAmortization": 5144000,
        "ebitda": 10144000,
        "ebitdaratio": 0.1023612513,
        "operatingIncome": 4945000,
        "operatingIncomeRatio": 0.0498990918,
        "totalOtherIncomeExpensesNet": 555000,
        "incomeBeforeTax": 5500000,
        "incomeBeforeTaxRatio": 0.0554994955,
        "incomeTaxExpense": -2100000,
        "netIncome": 7100000,
        "netIncomeRatio": 0.0716448032,
        "eps": 0.26,
        "epsdiluted": 0.26,
        "weightedAverageShsOut": 27300000,
        "weightedAverageShsOutDil": 27300000,
        "link": "https://www.sec.gov/Archives/edgar/data/16099/000001609906000032/0000016099-06-000032-index.htm",
        "finalLink": "https://www.sec.gov/Archives/edgar/data/16099/000001609906000032/form10_k.htm"
    },
    {
        "date": "2006-05-10",
        "symbol": "LUB",
        "reportedCurrency": "USD",
        "cik": "0000016099",
        "fillingDate": "2006-06-16",
        "acceptedDate": "2006-06-15 18:02:59",
        "calendarYear": "2006",
        "period": "Q3",
        "revenue": 78000000,
        "costOfRevenue": 20600000,
        "grossProfit": 57400000,
        "grossProfitRatio": 0.7358974359,
        "researchAndDevelopmentExpenses": 0,
        "generalAndAdministrativeExpenses": 31900000,
        "sellingAndMarketingExpenses": 16468000,
        "sellingGeneralAndAdministrativeExpenses": 48368000,
        "otherExpenses": 4732000,
        "operatingExpenses": 53100000,
        "costAndExpenses": 73700000,
        "interestIncome": 0,
        "interestExpense": 0,
        "depreciationAndAmortization": 3739000,
        "ebitda": 8139000,
        "ebitdaratio": 0.1043461538,
        "operatingIncome": 4283000,
        "operatingIncomeRatio": 0.0549102564,
        "totalOtherIncomeExpensesNet": 17000,
        "incomeBeforeTax": 4300000,
        "incomeBeforeTaxRatio": 0.0551282051,
        "incomeTaxExpense": -2500000,
        "netIncome": 6900000,
        "netIncomeRatio": 0.0884615385,
        "eps": 0.26,
        "epsdiluted": 0.25,
        "weightedAverageShsOut": 26047000,
        "weightedAverageShsOutDil": 27565000,
        "link": "https://www.sec.gov/Archives/edgar/data/16099/000001609906000019/0000016099-06-000019-index.htm",
        "finalLink": "https://www.sec.gov/Archives/edgar/data/16099/000001609906000019/form10-q.htm"
    },
    {
        "date": "2006-02-15",
        "symbol": "LUB",
        "reportedCurrency": "USD",
        "cik": "0000016099",
        "fillingDate": "2006-03-28",
        "acceptedDate": "2006-03-27 17:51:13",
        "calendarYear": "2006",
        "period": "Q2",
        "revenue": 75000000,
        "costOfRevenue": 20200000,
        "grossProfit": 54800000,
        "grossProfitRatio": 0.7306666667,
        "researchAndDevelopmentExpenses": 0,
        "generalAndAdministrativeExpenses": 31200000,
        "sellingAndMarketingExpenses": 265000,
        "sellingGeneralAndAdministrativeExpenses": 31465000,
        "otherExpenses": 19935000,
        "operatingExpenses": 51400000,
        "costAndExpenses": 71600000,
        "interestIncome": 0,
        "interestExpense": 0,
        "depreciationAndAmortization": 3678000,
        "ebitda": 6978000,
        "ebitdaratio": 0.09304,
        "operatingIncome": 3296000,
        "operatingIncomeRatio": 0.0439466667,
        "totalOtherIncomeExpensesNet": 104000,
        "incomeBeforeTax": 3400000,
        "incomeBeforeTaxRatio": 0.0453333333,
        "incomeTaxExpense": 104000,
        "netIncome": 3300000,
        "netIncomeRatio": 0.044,
        "eps": 0.13,
        "epsdiluted": 0.12,
        "weightedAverageShsOut": 26020000,
        "weightedAverageShsOutDil": 27536000,
        "link": "https://www.sec.gov/Archives/edgar/data/16099/000114036106004610/0001140361-06-004610-index.htm",
        "finalLink": "https://www.sec.gov/Archives/edgar/data/16099/000114036106004610/form10-q.htm"
    },
    {
        "date": "2005-11-23",
        "symbol": "LUB",
        "reportedCurrency": "USD",
        "cik": "0000016099",
        "fillingDate": "2005-12-30",
        "acceptedDate": "2005-12-29 17:32:06",
        "calendarYear": "2006",
        "period": "Q1",
        "revenue": 72600000,
        "costOfRevenue": 19700000,
        "grossProfit": 52900000,
        "grossProfitRatio": 0.7286501377,
        "researchAndDevelopmentExpenses": 0,
        "generalAndAdministrativeExpenses": 30400000,
        "sellingAndMarketingExpenses": 16492000,
        "sellingGeneralAndAdministrativeExpenses": 46892000,
        "otherExpenses": 2608000,
        "operatingExpenses": 49500000,
        "costAndExpenses": 69200000,
        "interestIncome": 0,
        "interestExpense": 0,
        "depreciationAndAmortization": 3660000,
        "ebitda": 5860000,
        "ebitdaratio": 0.0807162534,
        "operatingIncome": 3367000,
        "operatingIncomeRatio": 0.0463774105,
        "totalOtherIncomeExpensesNet": -67000,
        "incomeBeforeTax": 3300000,
        "incomeBeforeTaxRatio": 0.0454545455,
        "incomeTaxExpense": -67000,
        "netIncome": 2200000,
        "netIncomeRatio": 0.0303030303,
        "eps": 0.0848,
        "epsdiluted": 0.0805,
        "weightedAverageShsOut": 25955000,
        "weightedAverageShsOutDil": 27325000,
        "link": "https://www.sec.gov/Archives/edgar/data/16099/000114036105009562/0001140361-05-009562-index.htm",
        "finalLink": "https://www.sec.gov/Archives/edgar/data/16099/000114036105009562/body.htm"
    },
    {
        "date": "2005-08-31",
        "symbol": "LUB",
        "reportedCurrency": "USD",
        "cik": "0000016099",
        "fillingDate": "2005-11-14",
        "acceptedDate": "2005-11-14 14:05:33",
        "calendarYear": "2005",
        "period": "Q4",
        "revenue": 103058000,
        "costOfRevenue": 26971000,
        "grossProfit": 76087000,
        "grossProfitRatio": 0.7382930001,
        "researchAndDevelopmentExpenses": 0,
        "generalAndAdministrativeExpenses": 0,
        "sellingAndMarketingExpenses": 0,
        "sellingGeneralAndAdministrativeExpenses": 62494000,
        "otherExpenses": 4230000,
        "operatingExpenses": 66724000,
        "costAndExpenses": 93695000,
        "interestIncome": 0,
        "interestExpense": 0,
        "depreciationAndAmortization": 14549000,
        "ebitda": 12689000,
        "ebitdaratio": 0.1231248423,
        "operatingIncome": 9363000,
        "operatingIncomeRatio": 0.0908517534,
        "totalOtherIncomeExpensesNet": -9086000,
        "incomeBeforeTax": 277000,
        "incomeBeforeTaxRatio": 0.0026878069,
        "incomeTaxExpense": -9086000,
        "netIncome": -1860000,
        "netIncomeRatio": -0.0180480894,
        "eps": -0.0681,
        "epsdiluted": -0.0681,
        "weightedAverageShsOut": 27300000,
        "weightedAverageShsOutDil": 27300000,
        "link": "https://www.sec.gov/Archives/edgar/data/16099/000114036105009562/0001140361-05-009562-index.htm",
        "finalLink": "https://www.sec.gov/Archives/edgar/data/16099/000114036105009562/body.htm"
    },
    {
        "date": "2005-05-04",
        "symbol": "LUB",
        "reportedCurrency": "USD",
        "cik": "0000016099",
        "fillingDate": "2005-06-10",
        "acceptedDate": "2005-06-10 17:17:09",
        "calendarYear": "2005",
        "period": "Q3",
        "revenue": 75400000,
        "costOfRevenue": 19900000,
        "grossProfit": 55500000,
        "grossProfitRatio": 0.7360742706,
        "researchAndDevelopmentExpenses": 0,
        "generalAndAdministrativeExpenses": 30800000,
        "sellingAndMarketingExpenses": 16108000,
        "sellingGeneralAndAdministrativeExpenses": 46908000,
        "otherExpenses": 1992000,
        "operatingExpenses": 48900000,
        "costAndExpenses": 68800000,
        "interestIncome": 0,
        "interestExpense": 0,
        "depreciationAndAmortization": 3462000,
        "ebitda": 7162000,
        "ebitdaratio": 0.0949867374,
        "operatingIncome": 6623000,
        "operatingIncomeRatio": 0.0878381963,
        "totalOtherIncomeExpensesNet": -623000,
        "incomeBeforeTax": 6000000,
        "incomeBeforeTaxRatio": 0.0795755968,
        "incomeTaxExpense": -623000,
        "netIncome": 3700000,
        "netIncomeRatio": 0.049071618,
        "eps": 0.16,
        "epsdiluted": 0.14,
        "weightedAverageShsOut": 22632000,
        "weightedAverageShsOutDil": 26671000,
        "link": "https://www.sec.gov/Archives/edgar/data/16099/000095013405011811/0000950134-05-011811-index.htm",
        "finalLink": "https://www.sec.gov/Archives/edgar/data/16099/000095013405011811/d26181e10vq.htm"
    },
    {
        "date": "2005-02-09",
        "symbol": "LUB",
        "reportedCurrency": "USD",
        "cik": "0000016099",
        "fillingDate": "2005-03-29",
        "acceptedDate": "2005-03-28 21:21:54",
        "calendarYear": "2005",
        "period": "Q2",
        "revenue": 71000000,
        "costOfRevenue": 19000000,
        "grossProfit": 52000000,
        "grossProfitRatio": 0.7323943662,
        "researchAndDevelopmentExpenses": 0,
        "generalAndAdministrativeExpenses": 30400000,
        "sellingAndMarketingExpenses": 16146000,
        "sellingGeneralAndAdministrativeExpenses": 46546000,
        "otherExpenses": 2054000,
        "operatingExpenses": 48600000,
        "costAndExpenses": 67600000,
        "interestIncome": 0,
        "interestExpense": 0,
        "depreciationAndAmortization": 3546000,
        "ebitda": 6146000,
        "ebitdaratio": 0.0865633803,
        "operatingIncome": 3177000,
        "operatingIncomeRatio": 0.0447464789,
        "totalOtherIncomeExpensesNet": -477000,
        "incomeBeforeTax": 2700000,
        "incomeBeforeTaxRatio": 0.038028169,
        "incomeTaxExpense": -477000,
        "netIncome": 2600000,
        "netIncomeRatio": 0.0366197183,
        "eps": 0.11,
        "epsdiluted": 0.098,
        "weightedAverageShsOut": 22609000,
        "weightedAverageShsOutDil": 26533000,
        "link": "https://www.sec.gov/Archives/edgar/data/16099/000095013405006165/0000950134-05-006165-index.htm",
        "finalLink": "https://www.sec.gov/Archives/edgar/data/16099/000095013405006165/d23802e10vq.htm"
    },
    {
        "date": "2004-11-17",
        "symbol": "LUB",
        "reportedCurrency": "USD",
        "cik": "0000016099",
        "fillingDate": "2005-01-03",
        "acceptedDate": "2004-12-30 17:47:49",
        "calendarYear": "2005",
        "period": "Q1",
        "revenue": 67800000,
        "costOfRevenue": 18900000,
        "grossProfit": 48900000,
        "grossProfitRatio": 0.7212389381,
        "researchAndDevelopmentExpenses": 0,
        "generalAndAdministrativeExpenses": 29400000,
        "sellingAndMarketingExpenses": 17118000,
        "sellingGeneralAndAdministrativeExpenses": 46518000,
        "otherExpenses": 2082000,
        "operatingExpenses": 48600000,
        "costAndExpenses": 67500000,
        "interestIncome": 0,
        "interestExpense": 0,
        "depreciationAndAmortization": 3703000,
        "ebitda": 2703000,
        "ebitdaratio": 0.0398672566,
        "operatingIncome": 54000,
        "operatingIncomeRatio": 0.0007964602,
        "totalOtherIncomeExpensesNet": -454000,
        "incomeBeforeTax": -400000,
        "incomeBeforeTaxRatio": -0.005899705,
        "incomeTaxExpense": -454000,
        "netIncome": -1000000,
        "netIncomeRatio": -0.0147492625,
        "eps": -0.0445,
        "epsdiluted": -0.0445,
        "weightedAverageShsOut": 22494000,
        "weightedAverageShsOutDil": 22494000,
        "link": "https://www.sec.gov/Archives/edgar/data/16099/000001609904000038/0000016099-04-000038-index.htm",
        "finalLink": "https://www.sec.gov/Archives/edgar/data/16099/000001609904000038/r10k804.htm"
    },
    {
        "date": "2004-08-25",
        "symbol": "LUB",
        "reportedCurrency": "USD",
        "cik": "0000016099",
        "fillingDate": "2004-11-05",
        "acceptedDate": "2004-11-05 17:18:48",
        "calendarYear": "2004",
        "period": "Q4",
        "revenue": 90300000,
        "costOfRevenue": 24300000,
        "grossProfit": 66000000,
        "grossProfitRatio": 0.73089701,
        "researchAndDevelopmentExpenses": 0,
        "generalAndAdministrativeExpenses": 62700000,
        "sellingAndMarketingExpenses": 57813000,
        "sellingGeneralAndAdministrativeExpenses": 120513000,
        "otherExpenses": -57813000,
        "operatingExpenses": 62700000,
        "costAndExpenses": 87000000,
        "interestIncome": 0,
        "interestExpense": 0,
        "depreciationAndAmortization": 5934000,
        "ebitda": 8934000,
        "ebitdaratio": 0.0989368771,
        "operatingIncome": 3247000,
        "operatingIncomeRatio": 0.0359579181,
        "totalOtherIncomeExpensesNet": 353000,
        "incomeBeforeTax": 3600000,
        "incomeBeforeTaxRatio": 0.0398671096,
        "incomeTaxExpense": -2900000,
        "netIncome": 5900000,
        "netIncomeRatio": 0.065337763,
        "eps": 0.26,
        "epsdiluted": 0.26,
        "weightedAverageShsOut": 23000000,
        "weightedAverageShsOutDil": 23000000,
        "link": "https://www.sec.gov/Archives/edgar/data/16099/000001609904000038/0000016099-04-000038-index.htm",
        "finalLink": "https://www.sec.gov/Archives/edgar/data/16099/000001609904000038/r10k804.htm"
    },
    {
        "date": "2004-05-05",
        "symbol": "LUB",
        "reportedCurrency": "USD",
        "cik": "0000016099",
        "fillingDate": "2004-06-14",
        "acceptedDate": "2004-06-14 07:42:42",
        "calendarYear": "2004",
        "period": "Q3",
        "revenue": 72300000,
        "costOfRevenue": 19200000,
        "grossProfit": 53100000,
        "grossProfitRatio": 0.734439834,
        "researchAndDevelopmentExpenses": 0,
        "generalAndAdministrativeExpenses": 23500000,
        "sellingAndMarketingExpenses": 3674000,
        "sellingGeneralAndAdministrativeExpenses": 27174000,
        "otherExpenses": 21426000,
        "operatingExpenses": 48600000,
        "costAndExpenses": 67800000,
        "interestIncome": 0,
        "interestExpense": 0,
        "depreciationAndAmortization": 4459000,
        "ebitda": 4859000,
        "ebitdaratio": 0.0672060858,
        "operatingIncome": 4292000,
        "operatingIncomeRatio": 0.0593637621,
        "totalOtherIncomeExpensesNet": -1592000,
        "incomeBeforeTax": 2700000,
        "incomeBeforeTaxRatio": 0.0373443983,
        "incomeTaxExpense": -1592000,
        "netIncome": 400000,
        "netIncomeRatio": 0.0055325035,
        "eps": 0.0178,
        "epsdiluted": 0.0178,
        "weightedAverageShsOut": 22470000,
        "weightedAverageShsOutDil": 22470000,
        "link": "https://www.sec.gov/Archives/edgar/data/16099/000001609904000029/0000016099-04-000029-index.htm",
        "finalLink": "https://www.sec.gov/Archives/edgar/data/16099/000001609904000029/q3-fy04q.htm"
    },
    {
        "date": "2004-02-11",
        "symbol": "LUB",
        "reportedCurrency": "USD",
        "cik": "0000016099",
        "fillingDate": "2004-03-12",
        "acceptedDate": "2004-03-12 16:39:06",
        "calendarYear": "2004",
        "period": "Q2",
        "revenue": 68500000,
        "costOfRevenue": 18400000,
        "grossProfit": 50100000,
        "grossProfitRatio": 0.7313868613,
        "researchAndDevelopmentExpenses": 0,
        "generalAndAdministrativeExpenses": 24100000,
        "sellingAndMarketingExpenses": 24113000,
        "sellingGeneralAndAdministrativeExpenses": 48213000,
        "otherExpenses": 1487000,
        "operatingExpenses": 49700000,
        "costAndExpenses": 68100000,
        "interestIncome": 0,
        "interestExpense": 0,
        "depreciationAndAmortization": 4540000,
        "ebitda": -460000,
        "ebitdaratio": -0.0067153285,
        "operatingIncome": -206000,
        "operatingIncomeRatio": -0.0030072993,
        "totalOtherIncomeExpensesNet": -1294000,
        "incomeBeforeTax": -1500000,
        "incomeBeforeTaxRatio": -0.0218978102,
        "incomeTaxExpense": -1294000,
        "netIncome": -5000000,
        "netIncomeRatio": -0.0729927007,
        "eps": -0.22,
        "epsdiluted": -0.22,
        "weightedAverageShsOut": 22470000,
        "weightedAverageShsOutDil": 22470000,
        "link": "https://www.sec.gov/Archives/edgar/data/16099/000001609904000019/0000016099-04-000019-index.htm",
        "finalLink": "https://www.sec.gov/Archives/edgar/data/16099/000001609904000019/q2fy04q.htm"
    },
    {
        "date": "2003-11-19",
        "symbol": "LUB",
        "reportedCurrency": "USD",
        "cik": "0000016099",
        "fillingDate": "2004-01-02",
        "acceptedDate": "2003-12-31 20:24:53",
        "calendarYear": "2004",
        "period": "Q1",
        "revenue": 66700000,
        "costOfRevenue": 18000000,
        "grossProfit": 48700000,
        "grossProfitRatio": 0.7301349325,
        "researchAndDevelopmentExpenses": 0,
        "generalAndAdministrativeExpenses": 23200000,
        "sellingAndMarketingExpenses": 24119000,
        "sellingGeneralAndAdministrativeExpenses": 47319000,
        "otherExpenses": 1281000,
        "operatingExpenses": 48600000,
        "costAndExpenses": 66600000,
        "interestIncome": 0,
        "interestExpense": 0,
        "depreciationAndAmortization": 4600000,
        "ebitda": 300000,
        "ebitdaratio": 0.0044977511,
        "operatingIncome": -371000,
        "operatingIncomeRatio": -0.0055622189,
        "totalOtherIncomeExpensesNet": -1529000,
        "incomeBeforeTax": -1900000,
        "incomeBeforeTaxRatio": -0.0284857571,
        "incomeTaxExpense": -1529000,
        "netIncome": -4300000,
        "netIncomeRatio": -0.0644677661,
        "eps": -0.19,
        "epsdiluted": -0.19,
        "weightedAverageShsOut": 22330000,
        "weightedAverageShsOutDil": 22330000,
        "link": "https://www.sec.gov/Archives/edgar/data/16099/000001609903000030/0000016099-03-000030-index.htm",
        "finalLink": "https://www.sec.gov/Archives/edgar/data/16099/000001609903000030/r10k803.htm"
    },
    {
        "date": "2003-08-27",
        "symbol": "LUB",
        "reportedCurrency": "USD",
        "cik": "0000016099",
        "fillingDate": "2003-11-25",
        "acceptedDate": "2003-11-25 12:55:50",
        "calendarYear": "2003",
        "period": "Q4",
        "revenue": 90500000,
        "costOfRevenue": 23400000,
        "grossProfit": 67100000,
        "grossProfitRatio": 0.7414364641,
        "researchAndDevelopmentExpenses": 0,
        "generalAndAdministrativeExpenses": 32200000,
        "sellingAndMarketingExpenses": 10187000,
        "sellingGeneralAndAdministrativeExpenses": 42387000,
        "otherExpenses": 21113000,
        "operatingExpenses": 63500000,
        "costAndExpenses": 86900000,
        "interestIncome": 0,
        "interestExpense": 0,
        "depreciationAndAmortization": 6341000,
        "ebitda": 6641000,
        "ebitdaratio": 0.0733812155,
        "operatingIncome": 6390000,
        "operatingIncomeRatio": 0.0706077348,
        "totalOtherIncomeExpensesNet": -3990000,
        "incomeBeforeTax": 2400000,
        "incomeBeforeTaxRatio": 0.026519337,
        "incomeTaxExpense": -3990000,
        "netIncome": 300000,
        "netIncomeRatio": 0.0033149171,
        "eps": 0.0133,
        "epsdiluted": 0.0133,
        "weightedAverageShsOut": 22500000,
        "weightedAverageShsOutDil": 22500000,
        "link": "https://www.sec.gov/Archives/edgar/data/16099/000001609903000030/0000016099-03-000030-index.htm",
        "finalLink": "https://www.sec.gov/Archives/edgar/data/16099/000001609903000030/r10k803.htm"
    },
    {
        "date": "2003-05-07",
        "symbol": "LUB",
        "reportedCurrency": "USD",
        "cik": "0000016099",
        "fillingDate": "2003-06-19",
        "acceptedDate": "2003-06-18 19:17:07",
        "calendarYear": "2003",
        "period": "Q3",
        "revenue": 71500000,
        "costOfRevenue": 19600000,
        "grossProfit": 51900000,
        "grossProfitRatio": 0.7258741259,
        "researchAndDevelopmentExpenses": 0,
        "generalAndAdministrativeExpenses": 26300000,
        "sellingAndMarketingExpenses": 31135000,
        "sellingGeneralAndAdministrativeExpenses": 57435000,
        "otherExpenses": -4035000,
        "operatingExpenses": 53400000,
        "costAndExpenses": 73000000,
        "interestIncome": 0,
        "interestExpense": 0,
        "depreciationAndAmortization": 4544000,
        "ebitda": -20456000,
        "ebitdaratio": -0.2860979021,
        "operatingIncome": -4847000,
        "operatingIncomeRatio": -0.0677902098,
        "totalOtherIncomeExpensesNet": 2747000,
        "incomeBeforeTax": -2100000,
        "incomeBeforeTaxRatio": -0.0293706294,
        "incomeTaxExpense": 2747000,
        "netIncome": -25000000,
        "netIncomeRatio": -0.3496503497,
        "eps": -1.11,
        "epsdiluted": -1.11,
        "weightedAverageShsOut": 22456296,
        "weightedAverageShsOutDil": 22456296,
        "link": "https://www.sec.gov/Archives/edgar/data/16099/000001609903000015/0000016099-03-000015-index.htm",
        "finalLink": "https://www.sec.gov/Archives/edgar/data/16099/000001609903000015/q3fy03q.htm"
    },
    {
        "date": "2003-02-12",
        "symbol": "LUB",
        "reportedCurrency": "USD",
        "cik": "0000016099",
        "fillingDate": "2003-03-31",
        "acceptedDate": "2003-03-31 13:40:05",
        "calendarYear": "2003",
        "period": "Q2",
        "revenue": 70700000,
        "costOfRevenue": 20000000,
        "grossProfit": 50700000,
        "grossProfitRatio": 0.7171145686,
        "researchAndDevelopmentExpenses": 0,
        "generalAndAdministrativeExpenses": 25400000,
        "sellingAndMarketingExpenses": 39819000,
        "sellingGeneralAndAdministrativeExpenses": 65219000,
        "otherExpenses": -14019000,
        "operatingExpenses": 51200000,
        "costAndExpenses": 71200000,
        "interestIncome": 0,
        "interestExpense": 0,
        "depreciationAndAmortization": 5166000,
        "ebitda": 1766000,
        "ebitdaratio": 0.0249787836,
        "operatingIncome": -2657000,
        "operatingIncomeRatio": -0.0375813296,
        "totalOtherIncomeExpensesNet": 2057000,
        "incomeBeforeTax": -600000,
        "incomeBeforeTaxRatio": -0.0084865629,
        "incomeTaxExpense": 2057000,
        "netIncome": -3400000,
        "netIncomeRatio": -0.0480905233,
        "eps": -0.15,
        "epsdiluted": -0.15,
        "weightedAverageShsOut": 22449677,
        "weightedAverageShsOutDil": 22449677,
        "link": "https://www.sec.gov/Archives/edgar/data/16099/000001609903000008/0000016099-03-000008-index.htm",
        "finalLink": "https://www.sec.gov/Archives/edgar/data/16099/000001609903000008/q2fy03q.htm"
    },
    {
        "date": "2002-11-20",
        "symbol": "LUB",
        "reportedCurrency": "USD",
        "cik": "0000016099",
        "fillingDate": "2002-11-27",
        "acceptedDate": "2002-11-26 17:47:32",
        "calendarYear": "2003",
        "period": "Q1",
        "revenue": 71200000,
        "costOfRevenue": 19700000,
        "grossProfit": 51500000,
        "grossProfitRatio": 0.7233146067,
        "researchAndDevelopmentExpenses": 0,
        "generalAndAdministrativeExpenses": 26900000,
        "sellingAndMarketingExpenses": 40512000,
        "sellingGeneralAndAdministrativeExpenses": 67412000,
        "otherExpenses": -14612000,
        "operatingExpenses": 52800000,
        "costAndExpenses": 72500000,
        "interestIncome": 0,
        "interestExpense": 0,
        "depreciationAndAmortization": 5122000,
        "ebitda": 2022000,
        "ebitdaratio": 0.0283988764,
        "operatingIncome": -4039000,
        "operatingIncomeRatio": -0.0567275281,
        "totalOtherIncomeExpensesNet": 4239000,
        "incomeBeforeTax": 200000,
        "incomeBeforeTaxRatio": 0.0028089888,
        "incomeTaxExpense": 4239000,
        "netIncome": -3100000,
        "netIncomeRatio": -0.0435393258,
        "eps": -0.14,
        "epsdiluted": -0.14,
        "weightedAverageShsOut": 22150000,
        "weightedAverageShsOutDil": 22150000,
        "link": "https://www.sec.gov/Archives/edgar/data/16099/000001609902000022/0000016099-02-000022-index.html",
        "finalLink": "https://www.sec.gov/Archives/edgar/data/16099/000001609902000022/r10k802.htm"
    },
    {
        "date": "2002-08-28",
        "symbol": "LUB",
        "reportedCurrency": "USD",
        "cik": "0000016099",
        "fillingDate": "2002-08-28",
        "acceptedDate": "2002-08-27 20:00:00",
        "calendarYear": "2002",
        "period": "Q4",
        "revenue": 119500000,
        "costOfRevenue": 32300000,
        "grossProfit": 87200000,
        "grossProfitRatio": 0.729707113,
        "researchAndDevelopmentExpenses": 0,
        "generalAndAdministrativeExpenses": 23500000,
        "sellingAndMarketingExpenses": 64935000,
        "sellingGeneralAndAdministrativeExpenses": 88435000,
        "otherExpenses": 65000,
        "operatingExpenses": 88500000,
        "costAndExpenses": 120800000,
        "interestIncome": 0,
        "interestExpense": 0,
        "depreciationAndAmortization": 7068000,
        "ebitda": 4268000,
        "ebitdaratio": 0.0357154812,
        "operatingIncome": -1289000,
        "operatingIncomeRatio": -0.0107866109,
        "totalOtherIncomeExpensesNet": -1511000,
        "incomeBeforeTax": -2800000,
        "incomeBeforeTaxRatio": -0.0234309623,
        "incomeTaxExpense": -800000,
        "netIncome": -2000000,
        "netIncomeRatio": -0.0167364017,
        "eps": -0.0893,
        "epsdiluted": -0.0893,
        "weightedAverageShsOut": 22400000,
        "weightedAverageShsOutDil": 22400000,
        "link": null,
        "finalLink": null
    },
    {
        "date": "2002-05-08",
        "symbol": "LUB",
        "reportedCurrency": "USD",
        "cik": "0000016099",
        "fillingDate": "2002-06-19",
        "acceptedDate": "2002-06-19 16:14:39",
        "calendarYear": "2002",
        "period": "Q3",
        "revenue": 82700000,
        "costOfRevenue": 21000000,
        "grossProfit": 61700000,
        "grossProfitRatio": 0.746070133,
        "researchAndDevelopmentExpenses": 0,
        "generalAndAdministrativeExpenses": 29400000,
        "sellingAndMarketingExpenses": 37748000,
        "sellingGeneralAndAdministrativeExpenses": 67148000,
        "otherExpenses": -8348000,
        "operatingExpenses": 58800000,
        "costAndExpenses": 79800000,
        "interestIncome": 0,
        "interestExpense": 0,
        "depreciationAndAmortization": 5314000,
        "ebitda": 5414000,
        "ebitdaratio": 0.0654655381,
        "operatingIncome": 1891000,
        "operatingIncomeRatio": 0.0228657799,
        "totalOtherIncomeExpensesNet": -1191000,
        "incomeBeforeTax": 700000,
        "incomeBeforeTaxRatio": 0.0084643289,
        "incomeTaxExpense": 300000,
        "netIncome": -200000,
        "netIncomeRatio": -0.0024183797,
        "eps": -0.0089,
        "epsdiluted": -0.0089,
        "weightedAverageShsOut": 22429710,
        "weightedAverageShsOutDil": 22429710,
        "link": "https://www.sec.gov/Archives/edgar/data/16099/000001609902000015/0000016099-02-000015-index.html",
        "finalLink": "https://www.sec.gov/Archives/edgar/data/16099/000001609902000015/q3fy02-10q.txt"
    },
    {
        "date": "2002-02-13",
        "symbol": "LUB",
        "reportedCurrency": "USD",
        "cik": "0000016099",
        "fillingDate": "2002-03-29",
        "acceptedDate": "2002-03-29 00:00:00",
        "calendarYear": "2002",
        "period": "Q2",
        "revenue": 69600000,
        "costOfRevenue": 16600000,
        "grossProfit": 53000000,
        "grossProfitRatio": 0.7614942529,
        "researchAndDevelopmentExpenses": 0,
        "generalAndAdministrativeExpenses": 26500000,
        "sellingAndMarketingExpenses": 43398000,
        "sellingGeneralAndAdministrativeExpenses": 69898000,
        "otherExpenses": -19298000,
        "operatingExpenses": 50600000,
        "costAndExpenses": 67200000,
        "interestIncome": 0,
        "interestExpense": 0,
        "depreciationAndAmortization": 5351000,
        "ebitda": 3251000,
        "ebitdaratio": 0.0467097701,
        "operatingIncome": -1181000,
        "operatingIncomeRatio": -0.0169683908,
        "totalOtherIncomeExpensesNet": 1481000,
        "incomeBeforeTax": 300000,
        "incomeBeforeTaxRatio": 0.0043103448,
        "incomeTaxExpense": 100000,
        "netIncome": -2200000,
        "netIncomeRatio": -0.0316091954,
        "eps": -0.0981,
        "epsdiluted": -0.0977,
        "weightedAverageShsOut": 22423000,
        "weightedAverageShsOutDil": 22516000,
        "link": "https://www.sec.gov/Archives/edgar/data/16099/000001609902000012/0000016099-02-000012-index.html",
        "finalLink": "https://www.sec.gov/Archives/edgar/data/16099/000001609902000012/q2fy02-10q.txt"
    },
    {
        "date": "2001-11-21",
        "symbol": "LUB",
        "reportedCurrency": "USD",
        "cik": "0000016099",
        "fillingDate": "2001-12-06",
        "acceptedDate": "2001-12-06 00:00:00",
        "calendarYear": "2002",
        "period": "Q1",
        "revenue": 95200000,
        "costOfRevenue": 24700000,
        "grossProfit": 70500000,
        "grossProfitRatio": 0.7405462185,
        "researchAndDevelopmentExpenses": 0,
        "generalAndAdministrativeExpenses": 39900000,
        "sellingAndMarketingExpenses": 36425000,
        "sellingGeneralAndAdministrativeExpenses": 76325000,
        "otherExpenses": 74999,
        "operatingExpenses": 76400000,
        "costAndExpenses": 101100000,
        "interestIncome": 0,
        "interestExpense": 0,
        "depreciationAndAmortization": 5301000,
        "ebitda": -2699000,
        "ebitdaratio": -0.0283508403,
        "operatingIncome": -5910000,
        "operatingIncomeRatio": -0.0620798319,
        "totalOtherIncomeExpensesNet": -2090000,
        "incomeBeforeTax": -8000000,
        "incomeBeforeTaxRatio": -0.0840336134,
        "incomeTaxExpense": -2700000,
        "netIncome": -5300000,
        "netIncomeRatio": -0.0556722689,
        "eps": -0.24,
        "epsdiluted": -0.24,
        "weightedAverageShsOut": 22423000,
        "weightedAverageShsOutDil": 22423000,
        "link": "https://www.sec.gov/Archives/edgar/data/16099/000001609901500032/0000016099-01-500032-index.html",
        "finalLink": "https://www.sec.gov/Archives/edgar/data/16099/000001609901500032/r10k801.txt"
    },
    {
        "date": "2001-08-31",
        "symbol": "LUB",
        "reportedCurrency": "USD",
        "cik": "0000016099",
        "fillingDate": "2001-12-06",
        "acceptedDate": "2001-12-06 00:00:00",
        "calendarYear": "2001",
        "period": "Q4",
        "revenue": 119365000,
        "costOfRevenue": 46445000,
        "grossProfit": 72920000,
        "grossProfitRatio": 0.6108993424,
        "researchAndDevelopmentExpenses": 0,
        "generalAndAdministrativeExpenses": 97112000,
        "sellingAndMarketingExpenses": 0,
        "sellingGeneralAndAdministrativeExpenses": 97112000,
        "otherExpenses": 2883000,
        "operatingExpenses": 99995000,
        "costAndExpenses": 146440000,
        "interestIncome": 0,
        "interestExpense": 0,
        "depreciationAndAmortization": 6009000,
        "ebitda": -23542000,
        "ebitdaratio": -0.1972269928,
        "operatingIncome": -27075000,
        "operatingIncomeRatio": -0.2268252838,
        "totalOtherIncomeExpensesNet": -2476000,
        "incomeBeforeTax": -29551000,
        "incomeBeforeTaxRatio": -0.2475683827,
        "incomeTaxExpense": -10168000,
        "netIncome": -19383000,
        "netIncomeRatio": -0.1623842835,
        "eps": -0.87,
        "epsdiluted": -0.87,
        "weightedAverageShsOut": 22400000,
        "weightedAverageShsOutDil": 22400000,
        "link": "https://www.sec.gov/Archives/edgar/data/16099/000001609901500032/0000016099-01-500032-index.htm",
        "finalLink": "https://www.sec.gov/Archives/edgar/data/16099/000001609901500032/r10k801.txt"
    },
    {
        "date": "2001-05-31",
        "symbol": "LUB",
        "reportedCurrency": "USD",
        "cik": "0000016099",
        "fillingDate": "2001-07-16",
        "acceptedDate": "2001-07-16 00:00:00",
        "calendarYear": "2001",
        "period": "Q3",
        "revenue": 121677000,
        "costOfRevenue": 24566000,
        "grossProfit": 97111000,
        "grossProfitRatio": 0.7981048185,
        "researchAndDevelopmentExpenses": 0,
        "generalAndAdministrativeExpenses": 90181000,
        "sellingAndMarketingExpenses": 0,
        "sellingGeneralAndAdministrativeExpenses": 90181000,
        "otherExpenses": 5739000,
        "operatingExpenses": 95920000,
        "costAndExpenses": 120486000,
        "interestIncome": 0,
        "interestExpense": 0,
        "depreciationAndAmortization": 5739000,
        "ebitda": 4099000,
        "ebitdaratio": 0.0336875498,
        "operatingIncome": 1191000,
        "operatingIncomeRatio": 0.0097882098,
        "totalOtherIncomeExpensesNet": -2831000,
        "incomeBeforeTax": -1640000,
        "incomeBeforeTaxRatio": -0.0134783073,
        "incomeTaxExpense": -574000,
        "netIncome": -1066000,
        "netIncomeRatio": -0.0087608998,
        "eps": -0.0475,
        "epsdiluted": -0.0471,
        "weightedAverageShsOut": 22423000,
        "weightedAverageShsOutDil": 22632000,
        "link": "https://www.sec.gov/Archives/edgar/data/16099/000001609901500018/0000016099-01-500018-index.html",
        "finalLink": "https://www.sec.gov/Archives/edgar/data/16099/000001609901500018/f10-q501.txt"
    },
    {
        "date": "2001-02-28",
        "symbol": "LUB",
        "reportedCurrency": "USD",
        "cik": "0000016099",
        "fillingDate": "2001-04-16",
        "acceptedDate": "2001-04-16 00:00:00",
        "calendarYear": "2001",
        "period": "Q2",
        "revenue": 112219000,
        "costOfRevenue": 23125000,
        "grossProfit": 89094000,
        "grossProfitRatio": 0.7939297267,
        "researchAndDevelopmentExpenses": 0,
        "generalAndAdministrativeExpenses": 95326000,
        "sellingAndMarketingExpenses": 0,
        "sellingGeneralAndAdministrativeExpenses": 95326000,
        "otherExpenses": 5859000,
        "operatingExpenses": 101185000,
        "costAndExpenses": 124310000,
        "interestIncome": 0,
        "interestExpense": 0,
        "depreciationAndAmortization": 5859000,
        "ebitda": -8639000,
        "ebitdaratio": -0.0769833985,
        "operatingIncome": -12091000,
        "operatingIncomeRatio": -0.1077446778,
        "totalOtherIncomeExpensesNet": -2407000,
        "incomeBeforeTax": -14498000,
        "incomeBeforeTaxRatio": -0.1291938085,
        "incomeTaxExpense": -5074000,
        "netIncome": -9424000,
        "netIncomeRatio": -0.0839786489,
        "eps": -0.42,
        "epsdiluted": -0.42,
        "weightedAverageShsOut": 22422000,
        "weightedAverageShsOutDil": 22435000,
        "link": "https://www.sec.gov/Archives/edgar/data/16099/000001609901500013/0000016099-01-500013-index.html",
        "finalLink": "https://www.sec.gov/Archives/edgar/data/16099/000001609901500013/d22801q.txt"
    },
    {
        "date": "2000-11-30",
        "symbol": "LUB",
        "reportedCurrency": "USD",
        "cik": "0000016099",
        "fillingDate": "2001-01-16",
        "acceptedDate": "2001-01-16 00:00:00",
        "calendarYear": "2001",
        "period": "Q1",
        "revenue": 113900000,
        "costOfRevenue": 23638000,
        "grossProfit": 90262000,
        "grossProfitRatio": 0.7924670764,
        "researchAndDevelopmentExpenses": 0,
        "generalAndAdministrativeExpenses": 85871000,
        "sellingAndMarketingExpenses": 0,
        "sellingGeneralAndAdministrativeExpenses": 85871000,
        "otherExpenses": 5722000,
        "operatingExpenses": 91593000,
        "costAndExpenses": 115231000,
        "interestIncome": 0,
        "interestExpense": 0,
        "depreciationAndAmortization": 5722000,
        "ebitda": 2633000,
        "ebitdaratio": 0.0231167691,
        "operatingIncome": -1331000,
        "operatingIncomeRatio": -0.0116856892,
        "totalOtherIncomeExpensesNet": -1758000,
        "incomeBeforeTax": -3089000,
        "incomeBeforeTaxRatio": -0.0271202809,
        "incomeTaxExpense": -1081000,
        "netIncome": -2008000,
        "netIncomeRatio": -0.0176294996,
        "eps": -0.0896,
        "epsdiluted": -0.0896,
        "weightedAverageShsOut": 22420000,
        "weightedAverageShsOutDil": 22420000,
        "link": "https://www.sec.gov/Archives/edgar/data/16099/000001609901000003/0000016099-01-000003-index.html",
        "finalLink": "https://www.sec.gov/Archives/edgar/data/16099/000001609901000003/0000016099-01-000003-0001.txt"
    },
    {
        "date": "2000-08-31",
        "symbol": "LUB",
        "reportedCurrency": "USD",
        "cik": "0000016099",
        "fillingDate": "2000-11-29",
        "acceptedDate": "2000-11-29 00:00:00",
        "calendarYear": "2000",
        "period": "Q4",
        "revenue": 122035000,
        "costOfRevenue": 26053000,
        "grossProfit": 95982000,
        "grossProfitRatio": 0.7865120662,
        "researchAndDevelopmentExpenses": 0,
        "generalAndAdministrativeExpenses": 86925000,
        "sellingAndMarketingExpenses": 0,
        "sellingGeneralAndAdministrativeExpenses": 86925000,
        "otherExpenses": 5937000,
        "operatingExpenses": 92862000,
        "costAndExpenses": 118915000,
        "interestIncome": 0,
        "interestExpense": 0,
        "depreciationAndAmortization": 5937000,
        "ebitda": -7096000,
        "ebitdaratio": -0.0581472528,
        "operatingIncome": 3120000,
        "operatingIncomeRatio": 0.0255664359,
        "totalOtherIncomeExpensesNet": -16153000,
        "incomeBeforeTax": -13033000,
        "incomeBeforeTaxRatio": -0.1067972303,
        "incomeTaxExpense": -4535000,
        "netIncome": -8498000,
        "netIncomeRatio": -0.0696357602,
        "eps": -0.38,
        "epsdiluted": -0.38,
        "weightedAverageShsOut": 22420000,
        "weightedAverageShsOutDil": 22420000,
        "link": "https://www.sec.gov/Archives/edgar/data/16099/000001609900000019/0000016099-00-000019-index.htm",
        "finalLink": "https://www.sec.gov/Archives/edgar/data/16099/000001609900000019/0000016099-00-000019-0001.txt"
    },
    {
        "date": "2000-05-31",
        "symbol": "LUB",
        "reportedCurrency": "USD",
        "cik": "0000016099",
        "fillingDate": "2000-07-10",
        "acceptedDate": "2000-07-10 00:00:00",
        "calendarYear": "2000",
        "period": "Q3",
        "revenue": 126281000,
        "costOfRevenue": 27122000,
        "grossProfit": 99159000,
        "grossProfitRatio": 0.7852250141,
        "researchAndDevelopmentExpenses": 0,
        "generalAndAdministrativeExpenses": 83879000,
        "sellingAndMarketingExpenses": 0,
        "sellingGeneralAndAdministrativeExpenses": 83879000,
        "otherExpenses": 5833000,
        "operatingExpenses": 89712000,
        "costAndExpenses": 116834000,
        "interestIncome": 0,
        "interestExpense": 0,
        "depreciationAndAmortization": 5833000,
        "ebitda": 14208000,
        "ebitdaratio": 0.1125109874,
        "operatingIncome": 9447000,
        "operatingIncomeRatio": 0.0748093537,
        "totalOtherIncomeExpensesNet": -1072000,
        "incomeBeforeTax": 8375000,
        "incomeBeforeTaxRatio": 0.0663203491,
        "incomeTaxExpense": 2540000,
        "netIncome": 5835000,
        "netIncomeRatio": 0.046206476,
        "eps": 0.26,
        "epsdiluted": 0.26,
        "weightedAverageShsOut": 22420000,
        "weightedAverageShsOutDil": 22420000,
        "link": "https://www.sec.gov/Archives/edgar/data/16099/000001609900000010/0000016099-00-000010-index.html",
        "finalLink": "https://www.sec.gov/Archives/edgar/data/16099/000001609900000010/0000016099-00-000010-0001.txt"
    },
    {
        "date": "2000-02-29",
        "symbol": "LUB",
        "reportedCurrency": "USD",
        "cik": "0000016099",
        "fillingDate": "2000-04-07",
        "acceptedDate": "2000-04-07 00:00:00",
        "calendarYear": "2000",
        "period": "Q2",
        "revenue": 121924000,
        "costOfRevenue": 24209000,
        "grossProfit": 97715000,
        "grossProfitRatio": 0.8014418818,
        "researchAndDevelopmentExpenses": 0,
        "generalAndAdministrativeExpenses": 82623000,
        "sellingAndMarketingExpenses": 0,
        "sellingGeneralAndAdministrativeExpenses": 82623000,
        "otherExpenses": 5614000,
        "operatingExpenses": 88237000,
        "costAndExpenses": 112446000,
        "interestIncome": 0,
        "interestExpense": 0,
        "depreciationAndAmortization": 5614000,
        "ebitda": 14228000,
        "ebitdaratio": 0.1166956465,
        "operatingIncome": 9478000,
        "operatingIncomeRatio": 0.0777369509,
        "totalOtherIncomeExpensesNet": -864000,
        "incomeBeforeTax": 8614000,
        "incomeBeforeTaxRatio": 0.0706505692,
        "incomeTaxExpense": 2997000,
        "netIncome": 5617000,
        "netIncomeRatio": 0.0460696828,
        "eps": 0.25,
        "epsdiluted": 0.25,
        "weightedAverageShsOut": 22420000,
        "weightedAverageShsOutDil": 22420000,
        "link": "https://www.sec.gov/Archives/edgar/data/16099/000001609900000006/0000016099-00-000006-index.html",
        "finalLink": "https://www.sec.gov/Archives/edgar/data/16099/0000016099-00-000006.txt"
    },
    {
        "date": "1999-11-30",
        "symbol": "LUB",
        "reportedCurrency": "USD",
        "cik": "0000016099",
        "fillingDate": "1999-11-30",
        "acceptedDate": "1999-11-29 19:00:00",
        "calendarYear": "2000",
        "period": "Q1",
        "revenue": 123100000,
        "costOfRevenue": 25000000,
        "grossProfit": 98100000,
        "grossProfitRatio": 0.7969130788,
        "researchAndDevelopmentExpenses": 0,
        "generalAndAdministrativeExpenses": 83100000,
        "sellingAndMarketingExpenses": 0,
        "sellingGeneralAndAdministrativeExpenses": 83100000,
        "otherExpenses": 5400000,
        "operatingExpenses": 88500000,
        "costAndExpenses": 113500000,
        "interestIncome": 0,
        "interestExpense": 0,
        "depreciationAndAmortization": 5400000,
        "ebitda": 14900000,
        "ebitdaratio": 0.121039805,
        "operatingIncome": 9600000,
        "operatingIncomeRatio": 0.0779853777,
        "totalOtherIncomeExpensesNet": -100000,
        "incomeBeforeTax": 9500000,
        "incomeBeforeTaxRatio": 0.0771730301,
        "incomeTaxExpense": 3300000,
        "netIncome": 6200000,
        "netIncomeRatio": 0.0503655565,
        "eps": 0.28,
        "epsdiluted": 0.28,
        "weightedAverageShsOut": 22420000,
        "weightedAverageShsOutDil": 22420000,
        "link": "",
        "finalLink": ""
    },
    {
        "date": "1999-08-31",
        "symbol": "LUB",
        "reportedCurrency": "USD",
        "cik": "0000016099",
        "fillingDate": "1999-11-24",
        "acceptedDate": "1999-11-24 00:00:00",
        "calendarYear": "1999",
        "period": "Q4",
        "revenue": 124900000,
        "costOfRevenue": 25600000,
        "grossProfit": 99300000,
        "grossProfitRatio": 0.7950360288,
        "researchAndDevelopmentExpenses": 0,
        "generalAndAdministrativeExpenses": 83100000,
        "sellingAndMarketingExpenses": 0,
        "sellingGeneralAndAdministrativeExpenses": 83100000,
        "otherExpenses": 5100000,
        "operatingExpenses": 88200000,
        "costAndExpenses": 113800000,
        "interestIncome": 0,
        "interestExpense": 0,
        "depreciationAndAmortization": 5100000,
        "ebitda": 15600000,
        "ebitdaratio": 0.1248999199,
        "operatingIncome": 11100000,
        "operatingIncomeRatio": 0.0888710969,
        "totalOtherIncomeExpensesNet": -600000,
        "incomeBeforeTax": 10500000,
        "incomeBeforeTaxRatio": 0.0840672538,
        "incomeTaxExpense": 3600000,
        "netIncome": 6900000,
        "netIncomeRatio": 0.0552441954,
        "eps": 0.31,
        "epsdiluted": 0.31,
        "weightedAverageShsOut": 22420000,
        "weightedAverageShsOutDil": 22420000,
        "link": "https://www.sec.gov/Archives/edgar/data/16099/000001609999000017/0000016099-99-000017-index.html",
        "finalLink": "https://www.sec.gov/Archives/edgar/data/16099/0000016099-99-000017.txt"
    },
    {
        "date": "1999-05-31",
        "symbol": "LUB",
        "reportedCurrency": "USD",
        "cik": "0000016099",
        "fillingDate": "1999-07-14",
        "acceptedDate": "1999-07-14 00:00:00",
        "calendarYear": "1999",
        "period": "Q3",
        "revenue": 127100000,
        "costOfRevenue": 24600000,
        "grossProfit": 102500000,
        "grossProfitRatio": 0.8064516129,
        "researchAndDevelopmentExpenses": 0,
        "generalAndAdministrativeExpenses": 83300000,
        "sellingAndMarketingExpenses": 0,
        "sellingGeneralAndAdministrativeExpenses": 83300000,
        "otherExpenses": 5100000,
        "operatingExpenses": 88400000,
        "costAndExpenses": 113000000,
        "interestIncome": 0,
        "interestExpense": 0,
        "depreciationAndAmortization": 5100000,
        "ebitda": 18300000,
        "ebitdaratio": 0.1439811172,
        "operatingIncome": 14100000,
        "operatingIncomeRatio": 0.1109362707,
        "totalOtherIncomeExpensesNet": -900000,
        "incomeBeforeTax": 13200000,
        "incomeBeforeTaxRatio": 0.1038552321,
        "incomeTaxExpense": 4400000,
        "netIncome": 8800000,
        "netIncomeRatio": 0.0692368214,
        "eps": 0.39,
        "epsdiluted": 0.39,
        "weightedAverageShsOut": 22564103,
        "weightedAverageShsOutDil": 22564103,
        "link": "https://www.sec.gov/Archives/edgar/data/16099/000001609999000013/0000016099-99-000013-index.html",
        "finalLink": "https://www.sec.gov/Archives/edgar/data/16099/0000016099-99-000013.txt"
    },
    {
        "date": "1999-02-28",
        "symbol": "LUB",
        "reportedCurrency": "USD",
        "cik": "0000016099",
        "fillingDate": "1999-04-13",
        "acceptedDate": "1999-04-13 00:00:00",
        "calendarYear": "1999",
        "period": "Q2",
        "revenue": 123800000,
        "costOfRevenue": 24200000,
        "grossProfit": 99600000,
        "grossProfitRatio": 0.8045234249,
        "researchAndDevelopmentExpenses": 0,
        "generalAndAdministrativeExpenses": 82800000,
        "sellingAndMarketingExpenses": 0,
        "sellingGeneralAndAdministrativeExpenses": 82800000,
        "otherExpenses": 5000000,
        "operatingExpenses": 87800000,
        "costAndExpenses": 112000000,
        "interestIncome": 0,
        "interestExpense": 0,
        "depreciationAndAmortization": 5000000,
        "ebitda": 16100000,
        "ebitdaratio": 0.1300484653,
        "operatingIncome": 11800000,
        "operatingIncomeRatio": 0.0953150242,
        "totalOtherIncomeExpensesNet": -700000,
        "incomeBeforeTax": 11100000,
        "incomeBeforeTaxRatio": 0.0896607431,
        "incomeTaxExpense": 3900000,
        "netIncome": 7200000,
        "netIncomeRatio": 0.0581583199,
        "eps": 0.32,
        "epsdiluted": 0.32,
        "weightedAverageShsOut": 22500000,
        "weightedAverageShsOutDil": 22500000,
        "link": "https://www.sec.gov/Archives/edgar/data/16099/000001609999000008/0000016099-99-000008-index.html",
        "finalLink": "https://www.sec.gov/Archives/edgar/data/16099/0000016099-99-000008.txt"
    },
    {
        "date": "1998-11-30",
        "symbol": "LUB",
        "reportedCurrency": "USD",
        "cik": "0000016099",
        "fillingDate": "1999-01-07",
        "acceptedDate": "1999-01-07 00:00:00",
        "calendarYear": "1999",
        "period": "Q1",
        "revenue": 125700000,
        "costOfRevenue": 28000000,
        "grossProfit": 97700000,
        "grossProfitRatio": 0.7772474145,
        "researchAndDevelopmentExpenses": 0,
        "generalAndAdministrativeExpenses": 83300000,
        "sellingAndMarketingExpenses": 0,
        "sellingGeneralAndAdministrativeExpenses": 83300000,
        "otherExpenses": 4800000,
        "operatingExpenses": 88100000,
        "costAndExpenses": 116100000,
        "interestIncome": 0,
        "interestExpense": 0,
        "depreciationAndAmortization": 4800000,
        "ebitda": 13600000,
        "ebitdaratio": 0.108194113,
        "operatingIncome": 9600000,
        "operatingIncomeRatio": 0.076372315,
        "totalOtherIncomeExpensesNet": -800000,
        "incomeBeforeTax": 8800000,
        "incomeBeforeTaxRatio": 0.0700079554,
        "incomeTaxExpense": 3100000,
        "netIncome": 5700000,
        "netIncomeRatio": 0.0453460621,
        "eps": 0.25,
        "epsdiluted": 0.25,
        "weightedAverageShsOut": 22800000,
        "weightedAverageShsOutDil": 22800000,
        "link": "https://www.sec.gov/Archives/edgar/data/16099/000001609999000004/0000016099-99-000004-index.html",
        "finalLink": "https://www.sec.gov/Archives/edgar/data/16099/0000016099-99-000004.txt"
    },
    {
        "date": "1998-08-31",
        "symbol": "LUB",
        "reportedCurrency": "USD",
        "cik": "0000016099",
        "fillingDate": "1998-11-25",
        "acceptedDate": "1998-11-25 00:00:00",
        "calendarYear": "1998",
        "period": "Q4",
        "revenue": 129800000,
        "costOfRevenue": 27900000,
        "grossProfit": 101900000,
        "grossProfitRatio": 0.7850539291,
        "researchAndDevelopmentExpenses": 0,
        "generalAndAdministrativeExpenses": 84200000,
        "sellingAndMarketingExpenses": 0,
        "sellingGeneralAndAdministrativeExpenses": 84200000,
        "otherExpenses": 5300000,
        "operatingExpenses": 89500000,
        "costAndExpenses": 117400000,
        "interestIncome": 0,
        "interestExpense": 0,
        "depreciationAndAmortization": 5300000,
        "ebitda": -19900000,
        "ebitdaratio": -0.1533127889,
        "operatingIncome": 12400000,
        "operatingIncomeRatio": 0.0955315871,
        "totalOtherIncomeExpensesNet": -37600000,
        "incomeBeforeTax": -25200000,
        "incomeBeforeTaxRatio": -0.1941448382,
        "incomeTaxExpense": -9000000,
        "netIncome": -16200000,
        "netIncomeRatio": -0.124807396,
        "eps": -0.71,
        "epsdiluted": -0.71,
        "weightedAverageShsOut": 22800000,
        "weightedAverageShsOutDil": 22800000,
        "link": "https://www.sec.gov/Archives/edgar/data/16099/000001609998000012/0000016099-98-000012-index.html",
        "finalLink": "https://www.sec.gov/Archives/edgar/data/16099/0000016099-98-000012.txt"
    },
    {
        "date": "1998-05-31",
        "symbol": "LUB",
        "reportedCurrency": "USD",
        "cik": "0000016099",
        "fillingDate": "1998-07-06",
        "acceptedDate": "1998-07-06 00:00:00",
        "calendarYear": "1998",
        "period": "Q3",
        "revenue": 131200000,
        "costOfRevenue": 27800000,
        "grossProfit": 103400000,
        "grossProfitRatio": 0.7881097561,
        "researchAndDevelopmentExpenses": 0,
        "generalAndAdministrativeExpenses": 84500000,
        "sellingAndMarketingExpenses": 0,
        "sellingGeneralAndAdministrativeExpenses": 84500000,
        "otherExpenses": 5400000,
        "operatingExpenses": 89900000,
        "costAndExpenses": 117700000,
        "interestIncome": 0,
        "interestExpense": 0,
        "depreciationAndAmortization": 5400000,
        "ebitda": 18000000,
        "ebitdaratio": 0.137195122,
        "operatingIncome": 13500000,
        "operatingIncomeRatio": 0.1028963415,
        "totalOtherIncomeExpensesNet": -900000,
        "incomeBeforeTax": 12600000,
        "incomeBeforeTaxRatio": 0.0960365854,
        "incomeTaxExpense": 4500000,
        "netIncome": 8100000,
        "netIncomeRatio": 0.0617378049,
        "eps": 0.35,
        "epsdiluted": 0.35,
        "weightedAverageShsOut": 23142857,
        "weightedAverageShsOutDil": 23142857,
        "link": "https://www.sec.gov/Archives/edgar/data/16099/000001609998000008/0000016099-98-000008-index.html",
        "finalLink": "https://www.sec.gov/Archives/edgar/data/16099/0000016099-98-000008.txt"
    },
    {
        "date": "1998-02-28",
        "symbol": "LUB",
        "reportedCurrency": "USD",
        "cik": "0000016099",
        "fillingDate": "1998-04-13",
        "acceptedDate": "1998-04-13 00:00:00",
        "calendarYear": "1998",
        "period": "Q2",
        "revenue": 123200000,
        "costOfRevenue": 25600000,
        "grossProfit": 97600000,
        "grossProfitRatio": 0.7922077922,
        "researchAndDevelopmentExpenses": 0,
        "generalAndAdministrativeExpenses": 80500000,
        "sellingAndMarketingExpenses": 0,
        "sellingGeneralAndAdministrativeExpenses": 80500000,
        "otherExpenses": 5300000,
        "operatingExpenses": 85800000,
        "costAndExpenses": 111400000,
        "interestIncome": 0,
        "interestExpense": 0,
        "depreciationAndAmortization": 5300000,
        "ebitda": 16000000,
        "ebitdaratio": 0.1298701299,
        "operatingIncome": 11800000,
        "operatingIncomeRatio": 0.0957792208,
        "totalOtherIncomeExpensesNet": -1100000,
        "incomeBeforeTax": 10700000,
        "incomeBeforeTaxRatio": 0.0868506494,
        "incomeTaxExpense": 3800000,
        "netIncome": 6900000,
        "netIncomeRatio": 0.0560064935,
        "eps": 0.3,
        "epsdiluted": 0.3,
        "weightedAverageShsOut": 23000000,
        "weightedAverageShsOutDil": 23000000,
        "link": "https://www.sec.gov/Archives/edgar/data/16099/000001609998000004/0000016099-98-000004-index.html",
        "finalLink": "https://www.sec.gov/Archives/edgar/data/16099/0000016099-98-000004.txt"
    },
    {
        "date": "1997-11-30",
        "symbol": "LUB",
        "reportedCurrency": "USD",
        "cik": "0000016099",
        "fillingDate": "1998-01-07",
        "acceptedDate": "1998-01-07 00:00:00",
        "calendarYear": "1998",
        "period": "Q1",
        "revenue": 124700000,
        "costOfRevenue": 26800000,
        "grossProfit": 97900000,
        "grossProfitRatio": 0.7850842021,
        "researchAndDevelopmentExpenses": 0,
        "generalAndAdministrativeExpenses": 82600000,
        "sellingAndMarketingExpenses": 0,
        "sellingGeneralAndAdministrativeExpenses": 82600000,
        "otherExpenses": 5100000,
        "operatingExpenses": 87700000,
        "costAndExpenses": 114500000,
        "interestIncome": 0,
        "interestExpense": 0,
        "depreciationAndAmortization": 5100000,
        "ebitda": 14700000,
        "ebitdaratio": 0.117882919,
        "operatingIncome": 10200000,
        "operatingIncomeRatio": 0.0817963111,
        "totalOtherIncomeExpensesNet": -600000,
        "incomeBeforeTax": 9600000,
        "incomeBeforeTaxRatio": 0.0769847634,
        "incomeTaxExpense": 3400000,
        "netIncome": 6200000,
        "netIncomeRatio": 0.0497193264,
        "eps": 0.27,
        "epsdiluted": 0.27,
        "weightedAverageShsOut": 22962963,
        "weightedAverageShsOutDil": 22962963,
        "link": "https://www.sec.gov/Archives/edgar/data/16099/000001609998000002/0000016099-98-000002-index.html",
        "finalLink": "https://www.sec.gov/Archives/edgar/data/16099/0000016099-98-000002.txt"
    },
    {
        "date": "1997-08-31",
        "symbol": "LUB",
        "reportedCurrency": "USD",
        "cik": "0000016099",
        "fillingDate": "1997-11-25",
        "acceptedDate": "1997-11-25 00:00:00",
        "calendarYear": "1997",
        "period": "Q4",
        "revenue": 126700000,
        "costOfRevenue": 26000000,
        "grossProfit": 100700000,
        "grossProfitRatio": 0.7947908445,
        "researchAndDevelopmentExpenses": 0,
        "generalAndAdministrativeExpenses": 79500000,
        "sellingAndMarketingExpenses": 0,
        "sellingGeneralAndAdministrativeExpenses": 79500000,
        "otherExpenses": 5300000,
        "operatingExpenses": 84800000,
        "costAndExpenses": 110800000,
        "interestIncome": 0,
        "interestExpense": 0,
        "depreciationAndAmortization": 5300000,
        "ebitda": 7700000,
        "ebitdaratio": 0.0607734807,
        "operatingIncome": 15900000,
        "operatingIncomeRatio": 0.1254932912,
        "totalOtherIncomeExpensesNet": -13500000,
        "incomeBeforeTax": 2400000,
        "incomeBeforeTaxRatio": 0.0189423836,
        "incomeTaxExpense": 200000,
        "netIncome": 2200000,
        "netIncomeRatio": 0.0173638516,
        "eps": 0.0958,
        "epsdiluted": 0.0958,
        "weightedAverageShsOut": 22962963,
        "weightedAverageShsOutDil": 22962963,
        "link": "https://www.sec.gov/Archives/edgar/data/16099/000001609997000012/0000016099-97-000012-index.html",
        "finalLink": "https://www.sec.gov/Archives/edgar/data/16099/0000016099-97-000012.txt"
    },
    {
        "date": "1997-05-31",
        "symbol": "LUB",
        "reportedCurrency": "USD",
        "cik": "0000016099",
        "fillingDate": "1997-07-01",
        "acceptedDate": "1997-07-01 00:00:00",
        "calendarYear": "1997",
        "period": "Q3",
        "revenue": 127600000,
        "costOfRevenue": 25900000,
        "grossProfit": 101700000,
        "grossProfitRatio": 0.7970219436,
        "researchAndDevelopmentExpenses": 0,
        "generalAndAdministrativeExpenses": 81900000,
        "sellingAndMarketingExpenses": 0,
        "sellingGeneralAndAdministrativeExpenses": 81900000,
        "otherExpenses": 5100000,
        "operatingExpenses": 87000000,
        "costAndExpenses": 112900000,
        "interestIncome": 0,
        "interestExpense": 0,
        "depreciationAndAmortization": 5100000,
        "ebitda": 19700000,
        "ebitdaratio": 0.1543887147,
        "operatingIncome": 14700000,
        "operatingIncomeRatio": 0.1152037618,
        "totalOtherIncomeExpensesNet": -100000,
        "incomeBeforeTax": 14600000,
        "incomeBeforeTaxRatio": 0.1144200627,
        "incomeTaxExpense": 5000000,
        "netIncome": 9600000,
        "netIncomeRatio": 0.0752351097,
        "eps": 0.41,
        "epsdiluted": 0.41,
        "weightedAverageShsOut": 23414634,
        "weightedAverageShsOutDil": 23414634,
        "link": "https://www.sec.gov/Archives/edgar/data/16099/000001609997000008/0000016099-97-000008-index.html",
        "finalLink": "https://www.sec.gov/Archives/edgar/data/16099/0000016099-97-000008.txt"
    },
    {
        "date": "1997-02-28",
        "symbol": "LUB",
        "reportedCurrency": "USD",
        "cik": "0000016099",
        "fillingDate": "1997-04-11",
        "acceptedDate": "1997-04-11 00:00:00",
        "calendarYear": "1997",
        "period": "Q2",
        "revenue": 118800000,
        "costOfRevenue": 23700000,
        "grossProfit": 95100000,
        "grossProfitRatio": 0.8005050505,
        "researchAndDevelopmentExpenses": 0,
        "generalAndAdministrativeExpenses": 77200000,
        "sellingAndMarketingExpenses": 0,
        "sellingGeneralAndAdministrativeExpenses": 77200000,
        "otherExpenses": 5000000,
        "operatingExpenses": 82200000,
        "costAndExpenses": 105900000,
        "interestIncome": 0,
        "interestExpense": 0,
        "depreciationAndAmortization": 5000000,
        "ebitda": 17500000,
        "ebitdaratio": 0.1473063973,
        "operatingIncome": 12900000,
        "operatingIncomeRatio": 0.1085858586,
        "totalOtherIncomeExpensesNet": -400000,
        "incomeBeforeTax": 12500000,
        "incomeBeforeTaxRatio": 0.1052188552,
        "incomeTaxExpense": 4100000,
        "netIncome": 8400000,
        "netIncomeRatio": 0.0707070707,
        "eps": 0.36,
        "epsdiluted": 0.36,
        "weightedAverageShsOut": 23333333,
        "weightedAverageShsOutDil": 23333333,
        "link": "https://www.sec.gov/Archives/edgar/data/16099/000001609997000006/0000016099-97-000006-index.html",
        "finalLink": "https://www.sec.gov/Archives/edgar/data/16099/0000016099-97-000006.txt"
    },
    {
        "date": "1996-11-30",
        "symbol": "LUB",
        "reportedCurrency": "USD",
        "cik": "0000016099",
        "fillingDate": "1997-01-10",
        "acceptedDate": "1997-01-10 00:00:00",
        "calendarYear": "1997",
        "period": "Q1",
        "revenue": 122300000,
        "costOfRevenue": 25600000,
        "grossProfit": 96700000,
        "grossProfitRatio": 0.790678659,
        "researchAndDevelopmentExpenses": 0,
        "generalAndAdministrativeExpenses": 78500000,
        "sellingAndMarketingExpenses": 0,
        "sellingGeneralAndAdministrativeExpenses": 78500000,
        "otherExpenses": 4800000,
        "operatingExpenses": 83300000,
        "costAndExpenses": 108900000,
        "interestIncome": 0,
        "interestExpense": 0,
        "depreciationAndAmortization": 4800000,
        "ebitda": 17900000,
        "ebitdaratio": 0.1463614064,
        "operatingIncome": 13400000,
        "operatingIncomeRatio": 0.1095666394,
        "totalOtherIncomeExpensesNet": -300000,
        "incomeBeforeTax": 13100000,
        "incomeBeforeTaxRatio": 0.1071136549,
        "incomeTaxExpense": 4900000,
        "netIncome": 8200000,
        "netIncomeRatio": 0.067048242,
        "eps": 0.35,
        "epsdiluted": 0.35,
        "weightedAverageShsOut": 23428571,
        "weightedAverageShsOutDil": 23428571,
        "link": "https://www.sec.gov/Archives/edgar/data/16099/000001609997000004/0000016099-97-000004-index.html",
        "finalLink": "https://www.sec.gov/Archives/edgar/data/16099/0000016099-97-000004.txt"
    },
    {
        "date": "1996-08-31",
        "symbol": "LUB",
        "reportedCurrency": "USD",
        "cik": "0000016099",
        "fillingDate": "1996-11-26",
        "acceptedDate": "1996-11-26 00:00:00",
        "calendarYear": "1996",
        "period": "Q4",
        "revenue": 115800000,
        "costOfRevenue": 24200000,
        "grossProfit": 91600000,
        "grossProfitRatio": 0.7910189983,
        "researchAndDevelopmentExpenses": 0,
        "generalAndAdministrativeExpenses": 70700000,
        "sellingAndMarketingExpenses": 0,
        "sellingGeneralAndAdministrativeExpenses": 70700000,
        "otherExpenses": 4500000,
        "operatingExpenses": 75200000,
        "costAndExpenses": 99400000,
        "interestIncome": 0,
        "interestExpense": 0,
        "depreciationAndAmortization": 4500000,
        "ebitda": 20900000,
        "ebitdaratio": 0.1804835924,
        "operatingIncome": 16400000,
        "operatingIncomeRatio": 0.1416234888,
        "totalOtherIncomeExpensesNet": 0,
        "incomeBeforeTax": 16400000,
        "incomeBeforeTaxRatio": 0.1416234888,
        "incomeTaxExpense": 6100000,
        "netIncome": 10300000,
        "netIncomeRatio": 0.0889464594,
        "eps": 0.44,
        "epsdiluted": 0.44,
        "weightedAverageShsOut": 23428571,
        "weightedAverageShsOutDil": 23428571,
        "link": "https://www.sec.gov/Archives/edgar/data/16099/000001609996000016/0000016099-96-000016-index.html",
        "finalLink": "https://www.sec.gov/Archives/edgar/data/16099/0000016099-96-000016.txt"
    },
    {
        "date": "1996-05-31",
        "symbol": "LUB",
        "reportedCurrency": "USD",
        "cik": "0000016099",
        "fillingDate": "1996-06-27",
        "acceptedDate": "1996-06-27 00:00:00",
        "calendarYear": "1996",
        "period": "Q3",
        "revenue": 117100000,
        "costOfRevenue": 23600000,
        "grossProfit": 93500000,
        "grossProfitRatio": 0.7984628523,
        "researchAndDevelopmentExpenses": 0,
        "generalAndAdministrativeExpenses": 71500000,
        "sellingAndMarketingExpenses": 0,
        "sellingGeneralAndAdministrativeExpenses": 71500000,
        "otherExpenses": 4500000,
        "operatingExpenses": 76000000,
        "costAndExpenses": 99600000,
        "interestIncome": 0,
        "interestExpense": 0,
        "depreciationAndAmortization": 4500000,
        "ebitda": 22100000,
        "ebitdaratio": 0.1887275833,
        "operatingIncome": 17500000,
        "operatingIncomeRatio": 0.1494449189,
        "totalOtherIncomeExpensesNet": 100000,
        "incomeBeforeTax": 17600000,
        "incomeBeforeTaxRatio": 0.1502988898,
        "incomeTaxExpense": 6600000,
        "netIncome": 11000000,
        "netIncomeRatio": 0.0939368061,
        "eps": 0.46,
        "epsdiluted": 0.46,
        "weightedAverageShsOut": 23913043,
        "weightedAverageShsOutDil": 23913043,
        "link": "https://www.sec.gov/Archives/edgar/data/16099/000001609996000008/0000016099-96-000008-index.html",
        "finalLink": "https://www.sec.gov/Archives/edgar/data/16099/0000016099-96-000008.txt"
    },
    {
        "date": "1996-02-29",
        "symbol": "LUB",
        "reportedCurrency": "USD",
        "cik": "0000016099",
        "fillingDate": "1996-04-12",
        "acceptedDate": "1996-04-12 00:00:00",
        "calendarYear": "1996",
        "period": "Q2",
        "revenue": 108800000,
        "costOfRevenue": 21800000,
        "grossProfit": 87000000,
        "grossProfitRatio": 0.7996323529,
        "researchAndDevelopmentExpenses": 0,
        "generalAndAdministrativeExpenses": 67400000,
        "sellingAndMarketingExpenses": 0,
        "sellingGeneralAndAdministrativeExpenses": 67400000,
        "otherExpenses": 4400000,
        "operatingExpenses": 71800000,
        "costAndExpenses": 93600000,
        "interestIncome": 0,
        "interestExpense": 0,
        "depreciationAndAmortization": 4400000,
        "ebitda": 19300000,
        "ebitdaratio": 0.1773897059,
        "operatingIncome": 15200000,
        "operatingIncomeRatio": 0.1397058824,
        "totalOtherIncomeExpensesNet": -300000,
        "incomeBeforeTax": 14900000,
        "incomeBeforeTaxRatio": 0.1369485294,
        "incomeTaxExpense": 5600000,
        "netIncome": 9300000,
        "netIncomeRatio": 0.0854779412,
        "eps": 0.4,
        "epsdiluted": 0.4,
        "weightedAverageShsOut": 23250000,
        "weightedAverageShsOutDil": 23250000,
        "link": "https://www.sec.gov/Archives/edgar/data/16099/000001609996000004/0000016099-96-000004-index.html",
        "finalLink": "https://www.sec.gov/Archives/edgar/data/16099/0000016099-96-000004.txt"
    },
    {
        "date": "1995-11-30",
        "symbol": "LUB",
        "reportedCurrency": "USD",
        "cik": "0000016099",
        "fillingDate": "1996-01-11",
        "acceptedDate": "1996-01-11 00:00:00",
        "calendarYear": "1996",
        "period": "Q1",
        "revenue": 108300000,
        "costOfRevenue": 22700000,
        "grossProfit": 85600000,
        "grossProfitRatio": 0.7903970452,
        "researchAndDevelopmentExpenses": 0,
        "generalAndAdministrativeExpenses": 67400000,
        "sellingAndMarketingExpenses": 0,
        "sellingGeneralAndAdministrativeExpenses": 67400000,
        "otherExpenses": 4300000,
        "operatingExpenses": 71700000,
        "costAndExpenses": 94400000,
        "interestIncome": 0,
        "interestExpense": 0,
        "depreciationAndAmortization": 4300000,
        "ebitda": 18000000,
        "ebitdaratio": 0.1662049861,
        "operatingIncome": 13900000,
        "operatingIncomeRatio": 0.1283471837,
        "totalOtherIncomeExpensesNet": -200000,
        "incomeBeforeTax": 13700000,
        "incomeBeforeTaxRatio": 0.1265004617,
        "incomeTaxExpense": 5100000,
        "netIncome": 8600000,
        "netIncomeRatio": 0.0794090489,
        "eps": 0.37,
        "epsdiluted": 0.37,
        "weightedAverageShsOut": 23243243,
        "weightedAverageShsOutDil": 23243243,
        "link": "https://www.sec.gov/Archives/edgar/data/16099/000001609996000002/0000016099-96-000002-index.html",
        "finalLink": "https://www.sec.gov/Archives/edgar/data/16099/0000016099-96-000002.txt"
    },
    {
        "date": "1995-08-31",
        "symbol": "LUB",
        "reportedCurrency": "USD",
        "cik": "0000016099",
        "fillingDate": "1995-11-21",
        "acceptedDate": "1995-11-21 00:00:00",
        "calendarYear": "1995",
        "period": "Q4",
        "revenue": 110100000,
        "costOfRevenue": 22900000,
        "grossProfit": 87200000,
        "grossProfitRatio": 0.7920072661,
        "researchAndDevelopmentExpenses": 0,
        "generalAndAdministrativeExpenses": 67300000,
        "sellingAndMarketingExpenses": 0,
        "sellingGeneralAndAdministrativeExpenses": 67300000,
        "otherExpenses": 4100000,
        "operatingExpenses": 71400000,
        "costAndExpenses": 94300000,
        "interestIncome": 0,
        "interestExpense": 0,
        "depreciationAndAmortization": 4100000,
        "ebitda": 19600000,
        "ebitdaratio": 0.1780199818,
        "operatingIncome": 15800000,
        "operatingIncomeRatio": 0.1435059037,
        "totalOtherIncomeExpensesNet": -300000,
        "incomeBeforeTax": 15500000,
        "incomeBeforeTaxRatio": 0.1407811081,
        "incomeTaxExpense": 5700000,
        "netIncome": 9800000,
        "netIncomeRatio": 0.0890099909,
        "eps": 0.42,
        "epsdiluted": 0.42,
        "weightedAverageShsOut": 23243243,
        "weightedAverageShsOutDil": 23243243,
        "link": "https://www.sec.gov/Archives/edgar/data/16099/000001609995000011/0000016099-95-000011-index.html",
        "finalLink": "https://www.sec.gov/Archives/edgar/data/16099/0000016099-95-000011.txt"
    },
    {
        "date": "1995-05-31",
        "symbol": "LUB",
        "reportedCurrency": "USD",
        "cik": "0000016099",
        "fillingDate": "1995-07-10",
        "acceptedDate": "1995-07-10 00:00:00",
        "calendarYear": "1995",
        "period": "Q3",
        "revenue": 106900000,
        "costOfRevenue": 22500000,
        "grossProfit": 84400000,
        "grossProfitRatio": 0.7895229186,
        "researchAndDevelopmentExpenses": 0,
        "generalAndAdministrativeExpenses": 64500000,
        "sellingAndMarketingExpenses": 0,
        "sellingGeneralAndAdministrativeExpenses": 64500000,
        "otherExpenses": 4200000,
        "operatingExpenses": 68700000,
        "costAndExpenses": 91200000,
        "interestIncome": 0,
        "interestExpense": 0,
        "depreciationAndAmortization": 4200000,
        "ebitda": 19900000,
        "ebitdaratio": 0.1861552853,
        "operatingIncome": 15700000,
        "operatingIncomeRatio": 0.1468662301,
        "totalOtherIncomeExpensesNet": 0,
        "incomeBeforeTax": 15700000,
        "incomeBeforeTaxRatio": 0.1468662301,
        "incomeTaxExpense": 5800000,
        "netIncome": 9900000,
        "netIncomeRatio": 0.0926099158,
        "eps": 0.42,
        "epsdiluted": 0.42,
        "weightedAverageShsOut": 23571429,
        "weightedAverageShsOutDil": 23571429,
        "link": "https://www.sec.gov/Archives/edgar/data/16099/000001609995000007/0000016099-95-000007-index.html",
        "finalLink": "https://www.sec.gov/Archives/edgar/data/16099/0000016099-95-000007.txt"
    },
    {
        "date": "1995-02-28",
        "symbol": "LUB",
        "reportedCurrency": "USD",
        "cik": "0000016099",
        "fillingDate": "1995-04-10",
        "acceptedDate": "1995-04-10 00:00:00",
        "calendarYear": "1995",
        "period": "Q2",
        "revenue": 100600000,
        "costOfRevenue": 20600000,
        "grossProfit": 80000000,
        "grossProfitRatio": 0.7952286282,
        "researchAndDevelopmentExpenses": 0,
        "generalAndAdministrativeExpenses": 62200000,
        "sellingAndMarketingExpenses": 0,
        "sellingGeneralAndAdministrativeExpenses": 62200000,
        "otherExpenses": 4100000,
        "operatingExpenses": 66300000,
        "costAndExpenses": 86900000,
        "interestIncome": 0,
        "interestExpense": 0,
        "depreciationAndAmortization": 4100000,
        "ebitda": 17800000,
        "ebitdaratio": 0.1769383698,
        "operatingIncome": 13700000,
        "operatingIncomeRatio": 0.1361829026,
        "totalOtherIncomeExpensesNet": 0,
        "incomeBeforeTax": 13700000,
        "incomeBeforeTaxRatio": 0.1361829026,
        "incomeTaxExpense": 5100000,
        "netIncome": 8600000,
        "netIncomeRatio": 0.0854870775,
        "eps": 0.36,
        "epsdiluted": 0.36,
        "weightedAverageShsOut": 23888889,
        "weightedAverageShsOutDil": 23888889,
        "link": "https://www.sec.gov/Archives/edgar/data/16099/000001609995000005/0000016099-95-000005-index.html",
        "finalLink": "https://www.sec.gov/Archives/edgar/data/16099/0000016099-95-000005.txt"
    },
    {
        "date": "1994-11-30",
        "symbol": "LUB",
        "reportedCurrency": "USD",
        "cik": "0000016099",
        "fillingDate": "1995-01-11",
        "acceptedDate": "1995-01-11 00:00:00",
        "calendarYear": "1995",
        "period": "Q1",
        "revenue": 101400000,
        "costOfRevenue": 21300000,
        "grossProfit": 80100000,
        "grossProfitRatio": 0.7899408284,
        "researchAndDevelopmentExpenses": 0,
        "generalAndAdministrativeExpenses": 62500000,
        "sellingAndMarketingExpenses": 0,
        "sellingGeneralAndAdministrativeExpenses": 62500000,
        "otherExpenses": 4000000,
        "operatingExpenses": 66500000,
        "costAndExpenses": 87800000,
        "interestIncome": 0,
        "interestExpense": 0,
        "depreciationAndAmortization": 4000000,
        "ebitda": 17900000,
        "ebitdaratio": 0.1765285996,
        "operatingIncome": 13600000,
        "operatingIncomeRatio": 0.134122288,
        "totalOtherIncomeExpensesNet": 300000,
        "incomeBeforeTax": 13900000,
        "incomeBeforeTaxRatio": 0.1370808679,
        "incomeTaxExpense": 5200000,
        "netIncome": 8700000,
        "netIncomeRatio": 0.0857988166,
        "eps": 0.35,
        "epsdiluted": 0.35,
        "weightedAverageShsOut": 24857143,
        "weightedAverageShsOutDil": 24857143,
        "link": "https://www.sec.gov/Archives/edgar/data/16099/000001609995000002/0000016099-95-000002-index.html",
        "finalLink": "https://www.sec.gov/Archives/edgar/data/16099/0000016099-95-000002.txt"
    },
    {
        "date": "1994-08-31",
        "symbol": "LUB",
        "reportedCurrency": "USD",
        "cik": "0000016099",
        "fillingDate": "1994-11-29",
        "acceptedDate": "1994-11-29 00:00:00",
        "calendarYear": "1994",
        "period": "Q4",
        "revenue": 101800000,
        "costOfRevenue": 21300000,
        "grossProfit": 80500000,
        "grossProfitRatio": 0.7907662083,
        "researchAndDevelopmentExpenses": 0,
        "generalAndAdministrativeExpenses": 60600000,
        "sellingAndMarketingExpenses": 0,
        "sellingGeneralAndAdministrativeExpenses": 60600000,
        "otherExpenses": 4000000,
        "operatingExpenses": 64600000,
        "costAndExpenses": 85900000,
        "interestIncome": 0,
        "interestExpense": 0,
        "depreciationAndAmortization": 4000000,
        "ebitda": 20300000,
        "ebitdaratio": 0.199410609,
        "operatingIncome": 15900000,
        "operatingIncomeRatio": 0.1561886051,
        "totalOtherIncomeExpensesNet": 400000,
        "incomeBeforeTax": 16300000,
        "incomeBeforeTaxRatio": 0.1601178782,
        "incomeTaxExpense": 6100000,
        "netIncome": 10200000,
        "netIncomeRatio": 0.1001964637,
        "eps": 0.41,
        "epsdiluted": 0.41,
        "weightedAverageShsOut": 24857143,
        "weightedAverageShsOutDil": 24857143,
        "link": "https://www.sec.gov/Archives/edgar/data/16099/000001609994000018/0000016099-94-000018-index.html",
        "finalLink": "https://www.sec.gov/Archives/edgar/data/16099/0000016099-94-000018.txt"
    },
    {
        "date": "1994-05-31",
        "symbol": "LUB",
        "reportedCurrency": "USD",
        "cik": "0000016099",
        "fillingDate": "1994-07-12",
        "acceptedDate": "1994-07-12 00:00:00",
        "calendarYear": "1994",
        "period": "Q3",
        "revenue": 101100000,
        "costOfRevenue": 21500000,
        "grossProfit": 79600000,
        "grossProfitRatio": 0.7873392681,
        "researchAndDevelopmentExpenses": 0,
        "generalAndAdministrativeExpenses": 59300000,
        "sellingAndMarketingExpenses": 0,
        "sellingGeneralAndAdministrativeExpenses": 59300000,
        "otherExpenses": 3900000,
        "operatingExpenses": 63200000,
        "costAndExpenses": 84700000,
        "interestIncome": 0,
        "interestExpense": 0,
        "depreciationAndAmortization": 3900000,
        "ebitda": 20500000,
        "ebitdaratio": 0.2027695351,
        "operatingIncome": 16400000,
        "operatingIncomeRatio": 0.1622156281,
        "totalOtherIncomeExpensesNet": 200000,
        "incomeBeforeTax": 16600000,
        "incomeBeforeTaxRatio": 0.1641938675,
        "incomeTaxExpense": 6200000,
        "netIncome": 10400000,
        "netIncomeRatio": 0.1028684471,
        "eps": 0.4,
        "epsdiluted": 0.4,
        "weightedAverageShsOut": 26000000,
        "weightedAverageShsOutDil": 26000000,
        "link": "https://www.sec.gov/Archives/edgar/data/16099/000001609994000013/0000016099-94-000013-index.html",
        "finalLink": "https://www.sec.gov/Archives/edgar/data/16099/0000016099-94-000013.txt"
    },
    {
        "date": "1994-02-28",
        "symbol": "LUB",
        "reportedCurrency": "USD",
        "cik": "0000016099",
        "fillingDate": "1994-04-11",
        "acceptedDate": "1994-04-11 00:00:00",
        "calendarYear": "1994",
        "period": "Q2",
        "revenue": 93700000,
        "costOfRevenue": 19700000,
        "grossProfit": 74000000,
        "grossProfitRatio": 0.7897545358,
        "researchAndDevelopmentExpenses": 0,
        "generalAndAdministrativeExpenses": 56600000,
        "sellingAndMarketingExpenses": 0,
        "sellingGeneralAndAdministrativeExpenses": 56600000,
        "otherExpenses": 3900000,
        "operatingExpenses": 60500000,
        "costAndExpenses": 80200000,
        "interestIncome": 0,
        "interestExpense": 0,
        "depreciationAndAmortization": 3900000,
        "ebitda": 17700000,
        "ebitdaratio": 0.1889007471,
        "operatingIncome": 13500000,
        "operatingIncomeRatio": 0.144076841,
        "totalOtherIncomeExpensesNet": 300000,
        "incomeBeforeTax": 13800000,
        "incomeBeforeTaxRatio": 0.1472785486,
        "incomeTaxExpense": 5200000,
        "netIncome": 8600000,
        "netIncomeRatio": 0.0917822839,
        "eps": 0.33,
        "epsdiluted": 0.33,
        "weightedAverageShsOut": 26060606,
        "weightedAverageShsOutDil": 26060606,
        "link": "https://www.sec.gov/Archives/edgar/data/16099/000001609994000011/0000016099-94-000011-index.html",
        "finalLink": "https://www.sec.gov/Archives/edgar/data/16099/0000016099-94-000011.txt"
    },
    {
        "date": "1993-11-30",
        "symbol": "LUB",
        "reportedCurrency": "USD",
        "cik": "0000016099",
        "fillingDate": "1993-11-30",
        "acceptedDate": "1993-11-29 19:00:00",
        "calendarYear": "1994",
        "period": "Q1",
        "revenue": 94200000,
        "costOfRevenue": 20100000,
        "grossProfit": 74100000,
        "grossProfitRatio": 0.7866242038,
        "researchAndDevelopmentExpenses": 0,
        "generalAndAdministrativeExpenses": 0,
        "sellingAndMarketingExpenses": 0,
        "sellingGeneralAndAdministrativeExpenses": 56900000,
        "otherExpenses": 3900000,
        "operatingExpenses": 60800000,
        "costAndExpenses": 80900000,
        "interestIncome": 0,
        "interestExpense": 0,
        "depreciationAndAmortization": 3900000,
        "ebitda": 19300000,
        "ebitdaratio": 0.2048832272,
        "operatingIncome": 13300000,
        "operatingIncomeRatio": 0.1411889597,
        "totalOtherIncomeExpensesNet": 500000,
        "incomeBeforeTax": 13800000,
        "incomeBeforeTaxRatio": 0.1464968153,
        "incomeTaxExpense": 5200000,
        "netIncome": 10200000,
        "netIncomeRatio": 0.1082802548,
        "eps": 0.38,
        "epsdiluted": 0.38,
        "weightedAverageShsOut": 26842105,
        "weightedAverageShsOutDil": 26842105,
        "link": "",
        "finalLink": ""
    },
    {
        "date": "1993-08-31",
        "symbol": "LUB",
        "reportedCurrency": "USD",
        "cik": "0000016099",
        "fillingDate": "1993-08-31",
        "acceptedDate": "1993-08-30 20:00:00",
        "calendarYear": "1993",
        "period": "Q4",
        "revenue": 96100000,
        "costOfRevenue": 45700000,
        "grossProfit": 50400000,
        "grossProfitRatio": 0.5244536941,
        "researchAndDevelopmentExpenses": 0,
        "generalAndAdministrativeExpenses": 0,
        "sellingAndMarketingExpenses": 0,
        "sellingGeneralAndAdministrativeExpenses": 31400000,
        "otherExpenses": 3900000,
        "operatingExpenses": 35300000,
        "costAndExpenses": 81000000,
        "interestIncome": 0,
        "interestExpense": 0,
        "depreciationAndAmortization": 3900000,
        "ebitda": 19500000,
        "ebitdaratio": 0.2029136316,
        "operatingIncome": 15100000,
        "operatingIncomeRatio": 0.1571279917,
        "totalOtherIncomeExpensesNet": 500000,
        "incomeBeforeTax": 15600000,
        "incomeBeforeTaxRatio": 0.1623309053,
        "incomeTaxExpense": 5700000,
        "netIncome": 9900000,
        "netIncomeRatio": 0.1030176899,
        "eps": 0.37,
        "epsdiluted": 0.37,
        "weightedAverageShsOut": 26944444,
        "weightedAverageShsOutDil": 26944444,
        "link": "",
        "finalLink": ""
    },
    {
        "date": "1993-05-31",
        "symbol": "LUB",
        "reportedCurrency": "USD",
        "cik": "0000016099",
        "fillingDate": "1993-05-31",
        "acceptedDate": "1993-05-30 20:00:00",
        "calendarYear": "1993",
        "period": "Q3",
        "revenue": 94800000,
        "costOfRevenue": 45400000,
        "grossProfit": 49400000,
        "grossProfitRatio": 0.5210970464,
        "researchAndDevelopmentExpenses": 0,
        "generalAndAdministrativeExpenses": 0,
        "sellingAndMarketingExpenses": 0,
        "sellingGeneralAndAdministrativeExpenses": 30400000,
        "otherExpenses": 4000000,
        "operatingExpenses": 34400000,
        "costAndExpenses": 79800000,
        "interestIncome": 0,
        "interestExpense": 0,
        "depreciationAndAmortization": 3900000,
        "ebitda": 19300000,
        "ebitdaratio": 0.2035864979,
        "operatingIncome": 15000000,
        "operatingIncomeRatio": 0.1582278481,
        "totalOtherIncomeExpensesNet": 400000,
        "incomeBeforeTax": 15400000,
        "incomeBeforeTaxRatio": 0.1624472574,
        "incomeTaxExpense": 5700000,
        "netIncome": 9700000,
        "netIncomeRatio": 0.1023206751,
        "eps": 0.36,
        "epsdiluted": 0.36,
        "weightedAverageShsOut": 26944444,
        "weightedAverageShsOutDil": 26944444,
        "link": "",
        "finalLink": ""
    },
    {
        "date": "1993-02-28",
        "symbol": "LUB",
        "reportedCurrency": "USD",
        "cik": "0000016099",
        "fillingDate": "1993-02-28",
        "acceptedDate": "1993-02-27 19:00:00",
        "calendarYear": "1993",
        "period": "Q2",
        "revenue": 88300000,
        "costOfRevenue": 42500000,
        "grossProfit": 45800000,
        "grossProfitRatio": 0.5186862967,
        "researchAndDevelopmentExpenses": 0,
        "generalAndAdministrativeExpenses": 0,
        "sellingAndMarketingExpenses": 0,
        "sellingGeneralAndAdministrativeExpenses": 29700000,
        "otherExpenses": 3800000,
        "operatingExpenses": 33500000,
        "costAndExpenses": 76000000,
        "interestIncome": 0,
        "interestExpense": 0,
        "depreciationAndAmortization": 3900000,
        "ebitda": 16600000,
        "ebitdaratio": 0.18799547,
        "operatingIncome": 12300000,
        "operatingIncomeRatio": 0.1392978482,
        "totalOtherIncomeExpensesNet": 400000,
        "incomeBeforeTax": 12700000,
        "incomeBeforeTaxRatio": 0.1438278596,
        "incomeTaxExpense": 4700000,
        "netIncome": 8000000,
        "netIncomeRatio": 0.0906002265,
        "eps": 0.29,
        "epsdiluted": 0.29,
        "weightedAverageShsOut": 27586207,
        "weightedAverageShsOutDil": 27586207,
        "link": "",
        "finalLink": ""
    },
    {
        "date": "1992-11-30",
        "symbol": "LUB",
        "reportedCurrency": "USD",
        "cik": "0000016099",
        "fillingDate": "1992-11-30",
        "acceptedDate": "1992-11-29 19:00:00",
        "calendarYear": "1993",
        "period": "Q1",
        "revenue": 88600000,
        "costOfRevenue": 43200000,
        "grossProfit": 45400000,
        "grossProfitRatio": 0.5124153499,
        "researchAndDevelopmentExpenses": 0,
        "generalAndAdministrativeExpenses": 0,
        "sellingAndMarketingExpenses": 0,
        "sellingGeneralAndAdministrativeExpenses": 29500000,
        "otherExpenses": 3700000,
        "operatingExpenses": 33200000,
        "costAndExpenses": 76400000,
        "interestIncome": 0,
        "interestExpense": 0,
        "depreciationAndAmortization": 3700000,
        "ebitda": 16200000,
        "ebitdaratio": 0.1828442438,
        "operatingIncome": 12200000,
        "operatingIncomeRatio": 0.1376975169,
        "totalOtherIncomeExpensesNet": 300000,
        "incomeBeforeTax": 12500000,
        "incomeBeforeTaxRatio": 0.1410835214,
        "incomeTaxExpense": 4600000,
        "netIncome": 7900000,
        "netIncomeRatio": 0.0891647856,
        "eps": 0.29,
        "epsdiluted": 0.29,
        "weightedAverageShsOut": 27241379,
        "weightedAverageShsOutDil": 27241379,
        "link": "",
        "finalLink": ""
    },
    {
        "date": "1992-08-31",
        "symbol": "LUB",
        "reportedCurrency": "USD",
        "cik": "0000016099",
        "fillingDate": "1992-08-31",
        "acceptedDate": "1992-08-30 20:00:00",
        "calendarYear": "1992",
        "period": "Q4",
        "revenue": 91000000,
        "costOfRevenue": 43400000,
        "grossProfit": 47600000,
        "grossProfitRatio": 0.5230769231,
        "researchAndDevelopmentExpenses": 0,
        "generalAndAdministrativeExpenses": 0,
        "sellingAndMarketingExpenses": 0,
        "sellingGeneralAndAdministrativeExpenses": 29000000,
        "otherExpenses": 3800000,
        "operatingExpenses": 32800000,
        "costAndExpenses": 76200000,
        "interestIncome": 0,
        "interestExpense": 0,
        "depreciationAndAmortization": 3800000,
        "ebitda": 18800000,
        "ebitdaratio": 0.2065934066,
        "operatingIncome": 14800000,
        "operatingIncomeRatio": 0.1626373626,
        "totalOtherIncomeExpensesNet": 200000,
        "incomeBeforeTax": 15000000,
        "incomeBeforeTaxRatio": 0.1648351648,
        "incomeTaxExpense": 5300000,
        "netIncome": 9700000,
        "netIncomeRatio": 0.1065934066,
        "eps": 0.35,
        "epsdiluted": 0.35,
        "weightedAverageShsOut": 27575758,
        "weightedAverageShsOutDil": 27575758,
        "link": "",
        "finalLink": ""
    },
    {
        "date": "1992-05-31",
        "symbol": "LUB",
        "reportedCurrency": "USD",
        "cik": "0000016099",
        "fillingDate": "1992-05-31",
        "acceptedDate": "1992-05-30 20:00:00",
        "calendarYear": "1992",
        "period": "Q3",
        "revenue": 91600000,
        "costOfRevenue": 43800000,
        "grossProfit": 47800000,
        "grossProfitRatio": 0.5218340611,
        "researchAndDevelopmentExpenses": 0,
        "generalAndAdministrativeExpenses": 0,
        "sellingAndMarketingExpenses": 0,
        "sellingGeneralAndAdministrativeExpenses": 30600000,
        "otherExpenses": 3500000,
        "operatingExpenses": 34100000,
        "costAndExpenses": 77900000,
        "interestIncome": 0,
        "interestExpense": 0,
        "depreciationAndAmortization": 3700000,
        "ebitda": 17800000,
        "ebitdaratio": 0.1943231441,
        "operatingIncome": 13700000,
        "operatingIncomeRatio": 0.1495633188,
        "totalOtherIncomeExpensesNet": 400000,
        "incomeBeforeTax": 14100000,
        "incomeBeforeTaxRatio": 0.153930131,
        "incomeTaxExpense": 5000000,
        "netIncome": 9100000,
        "netIncomeRatio": 0.0993449782,
        "eps": 0.33,
        "epsdiluted": 0.33,
        "weightedAverageShsOut": 27575758,
        "weightedAverageShsOutDil": 27575758,
        "link": "",
        "finalLink": ""
    },
    {
        "date": "1992-02-29",
        "symbol": "LUB",
        "reportedCurrency": "USD",
        "cik": "0000016099",
        "fillingDate": "1992-02-29",
        "acceptedDate": "1992-02-28 19:00:00",
        "calendarYear": "1992",
        "period": "Q2",
        "revenue": 82700000,
        "costOfRevenue": 40200000,
        "grossProfit": 42500000,
        "grossProfitRatio": 0.5139056832,
        "researchAndDevelopmentExpenses": 0,
        "generalAndAdministrativeExpenses": 0,
        "sellingAndMarketingExpenses": 0,
        "sellingGeneralAndAdministrativeExpenses": 28100000,
        "otherExpenses": 3500000,
        "operatingExpenses": 31600000,
        "costAndExpenses": 71800000,
        "interestIncome": 0,
        "interestExpense": 0,
        "depreciationAndAmortization": 3500000,
        "ebitda": 14700000,
        "ebitdaratio": 0.1777509069,
        "operatingIncome": 10900000,
        "operatingIncomeRatio": 0.1318016929,
        "totalOtherIncomeExpensesNet": 300000,
        "incomeBeforeTax": 11200000,
        "incomeBeforeTaxRatio": 0.1354292624,
        "incomeTaxExpense": 4000000,
        "netIncome": 7200000,
        "netIncomeRatio": 0.0870616687,
        "eps": 0.26,
        "epsdiluted": 0.26,
        "weightedAverageShsOut": 27692308,
        "weightedAverageShsOutDil": 27692308,
        "link": "",
        "finalLink": ""
    },
    {
        "date": "1991-11-30",
        "symbol": "LUB",
        "reportedCurrency": "USD",
        "cik": "0000016099",
        "fillingDate": "1991-11-30",
        "acceptedDate": "1991-11-29 19:00:00",
        "calendarYear": "1992",
        "period": "Q1",
        "revenue": 81100000,
        "costOfRevenue": 40800000,
        "grossProfit": 40300000,
        "grossProfitRatio": 0.4969173859,
        "researchAndDevelopmentExpenses": 0,
        "generalAndAdministrativeExpenses": 0,
        "sellingAndMarketingExpenses": 0,
        "sellingGeneralAndAdministrativeExpenses": 27000000,
        "otherExpenses": 3500000,
        "operatingExpenses": 30500000,
        "costAndExpenses": 71300000,
        "interestIncome": 0,
        "interestExpense": 0,
        "depreciationAndAmortization": 3500000,
        "ebitda": 13700000,
        "ebitdaratio": 0.1689272503,
        "operatingIncome": 9800000,
        "operatingIncomeRatio": 0.120838471,
        "totalOtherIncomeExpensesNet": 400000,
        "incomeBeforeTax": 10200000,
        "incomeBeforeTaxRatio": 0.1257706535,
        "incomeTaxExpense": 3600000,
        "netIncome": 6600000,
        "netIncomeRatio": 0.0813810111,
        "eps": 0.24,
        "epsdiluted": 0.24,
        "weightedAverageShsOut": 27500000,
        "weightedAverageShsOutDil": 27500000,
        "link": "",
        "finalLink": ""
    },
    {
        "date": "1991-08-31",
        "symbol": "LUB",
        "reportedCurrency": "USD",
        "cik": "0000016099",
        "fillingDate": "1991-08-31",
        "acceptedDate": "1991-08-30 20:00:00",
        "calendarYear": "1991",
        "period": "Q4",
        "revenue": 85400000,
        "costOfRevenue": 42100000,
        "grossProfit": 43300000,
        "grossProfitRatio": 0.5070257611,
        "researchAndDevelopmentExpenses": 0,
        "generalAndAdministrativeExpenses": 0,
        "sellingAndMarketingExpenses": 0,
        "sellingGeneralAndAdministrativeExpenses": 27800000,
        "otherExpenses": 3400000,
        "operatingExpenses": 31200000,
        "costAndExpenses": 73300000,
        "interestIncome": 0,
        "interestExpense": 0,
        "depreciationAndAmortization": 3400000,
        "ebitda": 15900000,
        "ebitdaratio": 0.1861826698,
        "operatingIncome": 12100000,
        "operatingIncomeRatio": 0.1416861827,
        "totalOtherIncomeExpensesNet": 400000,
        "incomeBeforeTax": 12500000,
        "incomeBeforeTaxRatio": 0.1463700234,
        "incomeTaxExpense": 4200000,
        "netIncome": 8300000,
        "netIncomeRatio": 0.0971896956,
        "eps": 0.3,
        "epsdiluted": 0.3,
        "weightedAverageShsOut": 27272727,
        "weightedAverageShsOutDil": 27272727,
        "link": "",
        "finalLink": ""
    },
    {
        "date": "1991-05-31",
        "symbol": "LUB",
        "reportedCurrency": "USD",
        "cik": "0000016099",
        "fillingDate": "1991-05-31",
        "acceptedDate": "1991-05-30 20:00:00",
        "calendarYear": "1991",
        "period": "Q3",
        "revenue": 84800000,
        "costOfRevenue": 40900000,
        "grossProfit": 43900000,
        "grossProfitRatio": 0.5176886792,
        "researchAndDevelopmentExpenses": 0,
        "generalAndAdministrativeExpenses": 0,
        "sellingAndMarketingExpenses": 0,
        "sellingGeneralAndAdministrativeExpenses": 27300000,
        "otherExpenses": 3200000,
        "operatingExpenses": 30500000,
        "costAndExpenses": 71400000,
        "interestIncome": 0,
        "interestExpense": 0,
        "depreciationAndAmortization": 3200000,
        "ebitda": 16900000,
        "ebitdaratio": 0.1992924528,
        "operatingIncome": 13400000,
        "operatingIncomeRatio": 0.1580188679,
        "totalOtherIncomeExpensesNet": 300000,
        "incomeBeforeTax": 13700000,
        "incomeBeforeTaxRatio": 0.1615566038,
        "incomeTaxExpense": 4700000,
        "netIncome": 9000000,
        "netIncomeRatio": 0.1061320755,
        "eps": 0.33,
        "epsdiluted": 0.33,
        "weightedAverageShsOut": 27272727,
        "weightedAverageShsOutDil": 27272727,
        "link": "",
        "finalLink": ""
    },
    {
        "date": "1991-02-28",
        "symbol": "LUB",
        "reportedCurrency": "USD",
        "cik": "0000016099",
        "fillingDate": "1991-02-28",
        "acceptedDate": "1991-02-27 19:00:00",
        "calendarYear": "1991",
        "period": "Q2",
        "revenue": 78200000,
        "costOfRevenue": 38100000,
        "grossProfit": 40100000,
        "grossProfitRatio": 0.5127877238,
        "researchAndDevelopmentExpenses": 0,
        "generalAndAdministrativeExpenses": 0,
        "sellingAndMarketingExpenses": 0,
        "sellingGeneralAndAdministrativeExpenses": 26400000,
        "otherExpenses": 3200000,
        "operatingExpenses": 29600000,
        "costAndExpenses": 67700000,
        "interestIncome": 0,
        "interestExpense": 0,
        "depreciationAndAmortization": 3300000,
        "ebitda": 14200000,
        "ebitdaratio": 0.1815856777,
        "operatingIncome": 10500000,
        "operatingIncomeRatio": 0.1342710997,
        "totalOtherIncomeExpensesNet": 400000,
        "incomeBeforeTax": 10900000,
        "incomeBeforeTaxRatio": 0.1393861893,
        "incomeTaxExpense": 3700000,
        "netIncome": 7200000,
        "netIncomeRatio": 0.0920716113,
        "eps": 0.26,
        "epsdiluted": 0.26,
        "weightedAverageShsOut": 27692308,
        "weightedAverageShsOutDil": 27692308,
        "link": "",
        "finalLink": ""
    },
    {
        "date": "1990-11-30",
        "symbol": "LUB",
        "reportedCurrency": "USD",
        "cik": "0000016099",
        "fillingDate": "1990-11-30",
        "acceptedDate": "1990-11-29 19:00:00",
        "calendarYear": "1991",
        "period": "Q1",
        "revenue": 79800000,
        "costOfRevenue": 39900000,
        "grossProfit": 39900000,
        "grossProfitRatio": 0.5,
        "researchAndDevelopmentExpenses": 0,
        "generalAndAdministrativeExpenses": 0,
        "sellingAndMarketingExpenses": 0,
        "sellingGeneralAndAdministrativeExpenses": 25500000,
        "otherExpenses": 3100000,
        "operatingExpenses": 28600000,
        "costAndExpenses": 68500000,
        "interestIncome": 0,
        "interestExpense": 0,
        "depreciationAndAmortization": 3100000,
        "ebitda": 14800000,
        "ebitdaratio": 0.1854636591,
        "operatingIncome": 11300000,
        "operatingIncomeRatio": 0.14160401,
        "totalOtherIncomeExpensesNet": 400000,
        "incomeBeforeTax": 11700000,
        "incomeBeforeTaxRatio": 0.1466165414,
        "incomeTaxExpense": 4000000,
        "netIncome": 7700000,
        "netIncomeRatio": 0.0964912281,
        "eps": 0.28,
        "epsdiluted": 0.28,
        "weightedAverageShsOut": 27500000,
        "weightedAverageShsOutDil": 27500000,
        "link": "",
        "finalLink": ""
    },
    {
        "date": "1990-08-31",
        "symbol": "LUB",
        "reportedCurrency": "USD",
        "cik": "0000016099",
        "fillingDate": "1990-08-31",
        "acceptedDate": "1990-08-30 20:00:00",
        "calendarYear": "1990",
        "period": "Q4",
        "revenue": 83400000,
        "costOfRevenue": 40900000,
        "grossProfit": 42500000,
        "grossProfitRatio": 0.5095923261,
        "researchAndDevelopmentExpenses": 0,
        "generalAndAdministrativeExpenses": 0,
        "sellingAndMarketingExpenses": 0,
        "sellingGeneralAndAdministrativeExpenses": 26300000,
        "otherExpenses": 3000000,
        "operatingExpenses": 29300000,
        "costAndExpenses": 70200000,
        "interestIncome": 0,
        "interestExpense": 0,
        "depreciationAndAmortization": 3000000,
        "ebitda": 16500000,
        "ebitdaratio": 0.1978417266,
        "operatingIncome": 13200000,
        "operatingIncomeRatio": 0.1582733813,
        "totalOtherIncomeExpensesNet": 300000,
        "incomeBeforeTax": 13500000,
        "incomeBeforeTaxRatio": 0.1618705036,
        "incomeTaxExpense": 4600000,
        "netIncome": 8900000,
        "netIncomeRatio": 0.1067146283,
        "eps": 0.33,
        "epsdiluted": 0.33,
        "weightedAverageShsOut": 27354000,
        "weightedAverageShsOutDil": 27354000,
        "link": "",
        "finalLink": ""
    },
    {
        "date": "1990-05-31",
        "symbol": "LUB",
        "reportedCurrency": "USD",
        "cik": "0000016099",
        "fillingDate": "1990-05-31",
        "acceptedDate": "1990-05-30 20:00:00",
        "calendarYear": "1990",
        "period": "Q3",
        "revenue": 81500000,
        "costOfRevenue": 39500000,
        "grossProfit": 42000000,
        "grossProfitRatio": 0.5153374233,
        "researchAndDevelopmentExpenses": 0,
        "generalAndAdministrativeExpenses": 0,
        "sellingAndMarketingExpenses": 0,
        "sellingGeneralAndAdministrativeExpenses": 25900000,
        "otherExpenses": 2800000,
        "operatingExpenses": 28700000,
        "costAndExpenses": 68200000,
        "interestIncome": 0,
        "interestExpense": 0,
        "depreciationAndAmortization": 2900000,
        "ebitda": 16500000,
        "ebitdaratio": 0.2024539877,
        "operatingIncome": 13300000,
        "operatingIncomeRatio": 0.163190184,
        "totalOtherIncomeExpensesNet": 300000,
        "incomeBeforeTax": 13600000,
        "incomeBeforeTaxRatio": 0.1668711656,
        "incomeTaxExpense": 4600000,
        "netIncome": 9000000,
        "netIncomeRatio": 0.1104294479,
        "eps": 0.33,
        "epsdiluted": 0.33,
        "weightedAverageShsOut": 27354000,
        "weightedAverageShsOutDil": 27354000,
        "link": "",
        "finalLink": ""
    },
    {
        "date": "1990-02-28",
        "symbol": "LUB",
        "reportedCurrency": "USD",
        "cik": "0000016099",
        "fillingDate": "1990-02-28",
        "acceptedDate": "1990-02-27 19:00:00",
        "calendarYear": "1990",
        "period": "Q2",
        "revenue": 73000000,
        "costOfRevenue": 36400000,
        "grossProfit": 36600000,
        "grossProfitRatio": 0.501369863,
        "researchAndDevelopmentExpenses": 0,
        "generalAndAdministrativeExpenses": 0,
        "sellingAndMarketingExpenses": 0,
        "sellingGeneralAndAdministrativeExpenses": 23800000,
        "otherExpenses": 2700000,
        "operatingExpenses": 26500000,
        "costAndExpenses": 62900000,
        "interestIncome": 0,
        "interestExpense": 0,
        "depreciationAndAmortization": 2800000,
        "ebitda": 13200000,
        "ebitdaratio": 0.1808219178,
        "operatingIncome": 10100000,
        "operatingIncomeRatio": 0.1383561644,
        "totalOtherIncomeExpensesNet": 300000,
        "incomeBeforeTax": 10400000,
        "incomeBeforeTaxRatio": 0.1424657534,
        "incomeTaxExpense": 3500000,
        "netIncome": 6900000,
        "netIncomeRatio": 0.0945205479,
        "eps": 0.25,
        "epsdiluted": 0.25,
        "weightedAverageShsOut": 27354000,
        "weightedAverageShsOutDil": 27354000,
        "link": "",
        "finalLink": ""
    },
    {
        "date": "1989-11-30",
        "symbol": "LUB",
        "reportedCurrency": "USD",
        "cik": "0000016099",
        "fillingDate": "1989-11-30",
        "acceptedDate": "1989-11-29 19:00:00",
        "calendarYear": "1990",
        "period": "Q1",
        "revenue": 73400000,
        "costOfRevenue": 36800000,
        "grossProfit": 36600000,
        "grossProfitRatio": 0.4986376022,
        "researchAndDevelopmentExpenses": 0,
        "generalAndAdministrativeExpenses": 0,
        "sellingAndMarketingExpenses": 0,
        "sellingGeneralAndAdministrativeExpenses": 23400000,
        "otherExpenses": 2700000,
        "operatingExpenses": 26100000,
        "costAndExpenses": 62900000,
        "interestIncome": 0,
        "interestExpense": 0,
        "depreciationAndAmortization": 2700000,
        "ebitda": 13700000,
        "ebitdaratio": 0.1866485014,
        "operatingIncome": 10500000,
        "operatingIncomeRatio": 0.1430517711,
        "totalOtherIncomeExpensesNet": 500000,
        "incomeBeforeTax": 11000000,
        "incomeBeforeTaxRatio": 0.1498637602,
        "incomeTaxExpense": 3700000,
        "netIncome": 7300000,
        "netIncomeRatio": 0.0994550409,
        "eps": 0.27,
        "epsdiluted": 0.27,
        "weightedAverageShsOut": 27348000,
        "weightedAverageShsOutDil": 27348000,
        "link": "",
        "finalLink": ""
    },
    {
        "date": "1989-08-31",
        "symbol": "LUB",
        "reportedCurrency": "USD",
        "cik": "0000016099",
        "fillingDate": "1989-08-31",
        "acceptedDate": "1989-08-30 20:00:00",
        "calendarYear": "1989",
        "period": "Q4",
        "revenue": 75300000,
        "costOfRevenue": 0,
        "grossProfit": 75300000,
        "grossProfitRatio": 1,
        "researchAndDevelopmentExpenses": 0,
        "generalAndAdministrativeExpenses": 0,
        "sellingAndMarketingExpenses": 0,
        "sellingGeneralAndAdministrativeExpenses": 0,
        "otherExpenses": -240900000,
        "operatingExpenses": -240900000,
        "costAndExpenses": -240900000,
        "interestIncome": 0,
        "interestExpense": 0,
        "depreciationAndAmortization": 0,
        "ebitda": -165600000,
        "ebitdaratio": -2.1992031873,
        "operatingIncome": -165600000,
        "operatingIncomeRatio": -2.1992031873,
        "totalOtherIncomeExpensesNet": 0,
        "incomeBeforeTax": 0,
        "incomeBeforeTaxRatio": 0,
        "incomeTaxExpense": 0,
        "netIncome": 0,
        "netIncomeRatio": 0,
        "eps": 0,
        "epsdiluted": 0,
        "weightedAverageShsOut": 27336000,
        "weightedAverageShsOutDil": 27336000,
        "link": "",
        "finalLink": ""
    },
    {
        "date": "1989-05-31",
        "symbol": "LUB",
        "reportedCurrency": "USD",
        "cik": "0000016099",
        "fillingDate": "1989-05-31",
        "acceptedDate": "1989-05-30 20:00:00",
        "calendarYear": "1989",
        "period": "Q3",
        "revenue": 75000000,
        "costOfRevenue": 0,
        "grossProfit": 75000000,
        "grossProfitRatio": 1,
        "researchAndDevelopmentExpenses": 0,
        "generalAndAdministrativeExpenses": 0,
        "sellingAndMarketingExpenses": 0,
        "sellingGeneralAndAdministrativeExpenses": 0,
        "otherExpenses": 0,
        "operatingExpenses": 0,
        "costAndExpenses": 0,
        "interestIncome": 0,
        "interestExpense": 0,
        "depreciationAndAmortization": 0,
        "ebitda": 75000000,
        "ebitdaratio": 1,
        "operatingIncome": 75000000,
        "operatingIncomeRatio": 1,
        "totalOtherIncomeExpensesNet": 0,
        "incomeBeforeTax": 0,
        "incomeBeforeTaxRatio": 0,
        "incomeTaxExpense": 0,
        "netIncome": 0,
        "netIncomeRatio": 0,
        "eps": 0,
        "epsdiluted": 0,
        "weightedAverageShsOut": 27336000,
        "weightedAverageShsOutDil": 27336000,
        "link": "",
        "finalLink": ""
    },
    {
        "date": "1989-02-28",
        "symbol": "LUB",
        "reportedCurrency": "USD",
        "cik": "0000016099",
        "fillingDate": "1989-02-28",
        "acceptedDate": "1989-02-27 19:00:00",
        "calendarYear": "1989",
        "period": "Q2",
        "revenue": 66100000,
        "costOfRevenue": 0,
        "grossProfit": 66100000,
        "grossProfitRatio": 1,
        "researchAndDevelopmentExpenses": 0,
        "generalAndAdministrativeExpenses": 0,
        "sellingAndMarketingExpenses": 0,
        "sellingGeneralAndAdministrativeExpenses": 0,
        "otherExpenses": 0,
        "operatingExpenses": 0,
        "costAndExpenses": 0,
        "interestIncome": 0,
        "interestExpense": 0,
        "depreciationAndAmortization": 0,
        "ebitda": 66100000,
        "ebitdaratio": 1,
        "operatingIncome": 66100000,
        "operatingIncomeRatio": 1,
        "totalOtherIncomeExpensesNet": 0,
        "incomeBeforeTax": 0,
        "incomeBeforeTaxRatio": 0,
        "incomeTaxExpense": 0,
        "netIncome": 0,
        "netIncomeRatio": 0,
        "eps": 0,
        "epsdiluted": 0,
        "weightedAverageShsOut": 27336000,
        "weightedAverageShsOutDil": 27336000,
        "link": "",
        "finalLink": ""
    },
    {
        "date": "1988-11-30",
        "symbol": "LUB",
        "reportedCurrency": "USD",
        "cik": "0000016099",
        "fillingDate": "1988-11-30",
        "acceptedDate": "1988-11-29 19:00:00",
        "calendarYear": "1989",
        "period": "Q1",
        "revenue": 66900000,
        "costOfRevenue": 0,
        "grossProfit": 66900000,
        "grossProfitRatio": 1,
        "researchAndDevelopmentExpenses": 0,
        "generalAndAdministrativeExpenses": 0,
        "sellingAndMarketingExpenses": 0,
        "sellingGeneralAndAdministrativeExpenses": 0,
        "otherExpenses": 0,
        "operatingExpenses": 0,
        "costAndExpenses": 0,
        "interestIncome": 0,
        "interestExpense": 0,
        "depreciationAndAmortization": 0,
        "ebitda": 66900000,
        "ebitdaratio": 1,
        "operatingIncome": 66900000,
        "operatingIncomeRatio": 1,
        "totalOtherIncomeExpensesNet": 0,
        "incomeBeforeTax": 0,
        "incomeBeforeTaxRatio": 0,
        "incomeTaxExpense": 0,
        "netIncome": 0,
        "netIncomeRatio": 0,
        "eps": 0,
        "epsdiluted": 0,
        "weightedAverageShsOut": 27336000,
        "weightedAverageShsOutDil": 27336000,
        "link": "",
        "finalLink": ""
    },
    {
        "date": "1988-08-31",
        "symbol": "LUB",
        "reportedCurrency": "USD",
        "cik": "0000016099",
        "fillingDate": "1988-08-31",
        "acceptedDate": "1988-08-30 20:00:00",
        "calendarYear": "1988",
        "period": "Q4",
        "revenue": 68900000,
        "costOfRevenue": 0,
        "grossProfit": 68900000,
        "grossProfitRatio": 1,
        "researchAndDevelopmentExpenses": 0,
        "generalAndAdministrativeExpenses": 0,
        "sellingAndMarketingExpenses": 0,
        "sellingGeneralAndAdministrativeExpenses": 0,
        "otherExpenses": -215200000,
        "operatingExpenses": -215200000,
        "costAndExpenses": -215200000,
        "interestIncome": 0,
        "interestExpense": 0,
        "depreciationAndAmortization": 0,
        "ebitda": -146300000,
        "ebitdaratio": -2.1233671988,
        "operatingIncome": -146300000,
        "operatingIncomeRatio": -2.1233671988,
        "totalOtherIncomeExpensesNet": 0,
        "incomeBeforeTax": 0,
        "incomeBeforeTaxRatio": 0,
        "incomeTaxExpense": 0,
        "netIncome": 0,
        "netIncomeRatio": 0,
        "eps": 0,
        "epsdiluted": 0,
        "weightedAverageShsOut": 27336000,
        "weightedAverageShsOutDil": 27336000,
        "link": "",
        "finalLink": ""
    },
    {
        "date": "1988-05-31",
        "symbol": "LUB",
        "reportedCurrency": "USD",
        "cik": "0000016099",
        "fillingDate": "1988-05-31",
        "acceptedDate": "1988-05-30 20:00:00",
        "calendarYear": "1988",
        "period": "Q3",
        "revenue": 65800000,
        "costOfRevenue": 0,
        "grossProfit": 65800000,
        "grossProfitRatio": 1,
        "researchAndDevelopmentExpenses": 0,
        "generalAndAdministrativeExpenses": 0,
        "sellingAndMarketingExpenses": 0,
        "sellingGeneralAndAdministrativeExpenses": 0,
        "otherExpenses": 0,
        "operatingExpenses": 0,
        "costAndExpenses": 0,
        "interestIncome": 0,
        "interestExpense": 0,
        "depreciationAndAmortization": 0,
        "ebitda": 65800000,
        "ebitdaratio": 1,
        "operatingIncome": 65800000,
        "operatingIncomeRatio": 1,
        "totalOtherIncomeExpensesNet": 0,
        "incomeBeforeTax": 0,
        "incomeBeforeTaxRatio": 0,
        "incomeTaxExpense": 0,
        "netIncome": 0,
        "netIncomeRatio": 0,
        "eps": 0,
        "epsdiluted": 0,
        "weightedAverageShsOut": 27336000,
        "weightedAverageShsOutDil": 27336000,
        "link": "",
        "finalLink": ""
    },
    {
        "date": "1988-02-29",
        "symbol": "LUB",
        "reportedCurrency": "USD",
        "cik": "0000016099",
        "fillingDate": "1988-02-29",
        "acceptedDate": "1988-02-28 19:00:00",
        "calendarYear": "1988",
        "period": "Q2",
        "revenue": 59600000,
        "costOfRevenue": 0,
        "grossProfit": 59600000,
        "grossProfitRatio": 1,
        "researchAndDevelopmentExpenses": 0,
        "generalAndAdministrativeExpenses": 0,
        "sellingAndMarketingExpenses": 0,
        "sellingGeneralAndAdministrativeExpenses": 0,
        "otherExpenses": 0,
        "operatingExpenses": 0,
        "costAndExpenses": 0,
        "interestIncome": 0,
        "interestExpense": 0,
        "depreciationAndAmortization": 0,
        "ebitda": 59600000,
        "ebitdaratio": 1,
        "operatingIncome": 59600000,
        "operatingIncomeRatio": 1,
        "totalOtherIncomeExpensesNet": 0,
        "incomeBeforeTax": 0,
        "incomeBeforeTaxRatio": 0,
        "incomeTaxExpense": 0,
        "netIncome": 0,
        "netIncomeRatio": 0,
        "eps": 0,
        "epsdiluted": 0,
        "weightedAverageShsOut": 27336000,
        "weightedAverageShsOutDil": 27336000,
        "link": "",
        "finalLink": ""
    },
    {
        "date": "1987-11-30",
        "symbol": "LUB",
        "reportedCurrency": "USD",
        "cik": "0000016099",
        "fillingDate": "1987-11-30",
        "acceptedDate": "1987-11-29 19:00:00",
        "calendarYear": "1988",
        "period": "Q1",
        "revenue": 60000000,
        "costOfRevenue": 0,
        "grossProfit": 60000000,
        "grossProfitRatio": 1,
        "researchAndDevelopmentExpenses": 0,
        "generalAndAdministrativeExpenses": 0,
        "sellingAndMarketingExpenses": 0,
        "sellingGeneralAndAdministrativeExpenses": 0,
        "otherExpenses": 0,
        "operatingExpenses": 0,
        "costAndExpenses": 0,
        "interestIncome": 0,
        "interestExpense": 0,
        "depreciationAndAmortization": 0,
        "ebitda": 60000000,
        "ebitdaratio": 1,
        "operatingIncome": 60000000,
        "operatingIncomeRatio": 1,
        "totalOtherIncomeExpensesNet": 0,
        "incomeBeforeTax": 0,
        "incomeBeforeTaxRatio": 0,
        "incomeTaxExpense": 0,
        "netIncome": 0,
        "netIncomeRatio": 0,
        "eps": 0,
        "epsdiluted": 0,
        "weightedAverageShsOut": 27336000,
        "weightedAverageShsOutDil": 27336000,
        "link": "",
        "finalLink": ""
    },
    {
        "date": "1987-08-31",
        "symbol": "LUB",
        "reportedCurrency": "USD",
        "cik": "0000016099",
        "fillingDate": "1987-08-31",
        "acceptedDate": "1987-08-30 20:00:00",
        "calendarYear": "1987",
        "period": "Q4",
        "revenue": 62000000,
        "costOfRevenue": 0,
        "grossProfit": 62000000,
        "grossProfitRatio": 1,
        "researchAndDevelopmentExpenses": 0,
        "generalAndAdministrativeExpenses": 0,
        "sellingAndMarketingExpenses": 0,
        "sellingGeneralAndAdministrativeExpenses": 0,
        "otherExpenses": -194300000,
        "operatingExpenses": -194300000,
        "costAndExpenses": -194300000,
        "interestIncome": 0,
        "interestExpense": 0,
        "depreciationAndAmortization": 0,
        "ebitda": -132300000,
        "ebitdaratio": -2.1338709677,
        "operatingIncome": -132300000,
        "operatingIncomeRatio": -2.1338709677,
        "totalOtherIncomeExpensesNet": 0,
        "incomeBeforeTax": 0,
        "incomeBeforeTaxRatio": 0,
        "incomeTaxExpense": 0,
        "netIncome": 0,
        "netIncomeRatio": 0,
        "eps": 0,
        "epsdiluted": 0,
        "weightedAverageShsOut": 27321000,
        "weightedAverageShsOutDil": 27321000,
        "link": "",
        "finalLink": ""
    },
    {
        "date": "1987-05-31",
        "symbol": "LUB",
        "reportedCurrency": "USD",
        "cik": "0000016099",
        "fillingDate": "1987-05-31",
        "acceptedDate": "1987-05-30 20:00:00",
        "calendarYear": "1987",
        "period": "Q3",
        "revenue": 60500000,
        "costOfRevenue": 0,
        "grossProfit": 60500000,
        "grossProfitRatio": 1,
        "researchAndDevelopmentExpenses": 0,
        "generalAndAdministrativeExpenses": 0,
        "sellingAndMarketingExpenses": 0,
        "sellingGeneralAndAdministrativeExpenses": 0,
        "otherExpenses": 0,
        "operatingExpenses": 0,
        "costAndExpenses": 0,
        "interestIncome": 0,
        "interestExpense": 0,
        "depreciationAndAmortization": 0,
        "ebitda": 60500000,
        "ebitdaratio": 1,
        "operatingIncome": 60500000,
        "operatingIncomeRatio": 1,
        "totalOtherIncomeExpensesNet": 0,
        "incomeBeforeTax": 0,
        "incomeBeforeTaxRatio": 0,
        "incomeTaxExpense": 0,
        "netIncome": 0,
        "netIncomeRatio": 0,
        "eps": 0,
        "epsdiluted": 0,
        "weightedAverageShsOut": 27321000,
        "weightedAverageShsOutDil": 27321000,
        "link": "",
        "finalLink": ""
    },
    {
        "date": "1987-02-28",
        "symbol": "LUB",
        "reportedCurrency": "USD",
        "cik": "0000016099",
        "fillingDate": "1987-02-28",
        "acceptedDate": "1987-02-27 19:00:00",
        "calendarYear": "1987",
        "period": "Q2",
        "revenue": 55200000,
        "costOfRevenue": 0,
        "grossProfit": 55200000,
        "grossProfitRatio": 1,
        "researchAndDevelopmentExpenses": 0,
        "generalAndAdministrativeExpenses": 0,
        "sellingAndMarketingExpenses": 0,
        "sellingGeneralAndAdministrativeExpenses": 0,
        "otherExpenses": 0,
        "operatingExpenses": 0,
        "costAndExpenses": 0,
        "interestIncome": 0,
        "interestExpense": 0,
        "depreciationAndAmortization": 0,
        "ebitda": 55200000,
        "ebitdaratio": 1,
        "operatingIncome": 55200000,
        "operatingIncomeRatio": 1,
        "totalOtherIncomeExpensesNet": 0,
        "incomeBeforeTax": 0,
        "incomeBeforeTaxRatio": 0,
        "incomeTaxExpense": 0,
        "netIncome": 0,
        "netIncomeRatio": 0,
        "eps": 0,
        "epsdiluted": 0,
        "weightedAverageShsOut": 27321000,
        "weightedAverageShsOutDil": 27321000,
        "link": "",
        "finalLink": ""
    },
    {
        "date": "1986-11-30",
        "symbol": "LUB",
        "reportedCurrency": "USD",
        "cik": "0000016099",
        "fillingDate": "1986-11-30",
        "acceptedDate": "1986-11-29 19:00:00",
        "calendarYear": "1987",
        "period": "Q1",
        "revenue": 55200000,
        "costOfRevenue": 0,
        "grossProfit": 55200000,
        "grossProfitRatio": 1,
        "researchAndDevelopmentExpenses": 0,
        "generalAndAdministrativeExpenses": 0,
        "sellingAndMarketingExpenses": 0,
        "sellingGeneralAndAdministrativeExpenses": 0,
        "otherExpenses": 0,
        "operatingExpenses": 0,
        "costAndExpenses": 0,
        "interestIncome": 0,
        "interestExpense": 0,
        "depreciationAndAmortization": 0,
        "ebitda": 55200000,
        "ebitdaratio": 1,
        "operatingIncome": 55200000,
        "operatingIncomeRatio": 1,
        "totalOtherIncomeExpensesNet": 0,
        "incomeBeforeTax": 0,
        "incomeBeforeTaxRatio": 0,
        "incomeTaxExpense": 0,
        "netIncome": 0,
        "netIncomeRatio": 0,
        "eps": 0,
        "epsdiluted": 0,
        "weightedAverageShsOut": 27321000,
        "weightedAverageShsOutDil": 27321000,
        "link": "",
        "finalLink": ""
    },
    {
        "date": "1986-08-31",
        "symbol": "LUB",
        "reportedCurrency": "USD",
        "cik": "0000016099",
        "fillingDate": "1986-08-31",
        "acceptedDate": "1986-08-30 20:00:00",
        "calendarYear": "1986",
        "period": "Q4",
        "revenue": 57300000,
        "costOfRevenue": 0,
        "grossProfit": 57300000,
        "grossProfitRatio": 1,
        "researchAndDevelopmentExpenses": 0,
        "generalAndAdministrativeExpenses": 0,
        "sellingAndMarketingExpenses": 0,
        "sellingGeneralAndAdministrativeExpenses": 0,
        "otherExpenses": -179500000,
        "operatingExpenses": -179500000,
        "costAndExpenses": -179500000,
        "interestIncome": 0,
        "interestExpense": 0,
        "depreciationAndAmortization": 0,
        "ebitda": -122200000,
        "ebitdaratio": -2.1326352531,
        "operatingIncome": -122200000,
        "operatingIncomeRatio": -2.1326352531,
        "totalOtherIncomeExpensesNet": 0,
        "incomeBeforeTax": 0,
        "incomeBeforeTaxRatio": 0,
        "incomeTaxExpense": 0,
        "netIncome": 0,
        "netIncomeRatio": 0,
        "eps": 0,
        "epsdiluted": 0,
        "weightedAverageShsOut": 27306000,
        "weightedAverageShsOutDil": 27306000,
        "link": "",
        "finalLink": ""
    },
    {
        "date": "1986-05-31",
        "symbol": "LUB",
        "reportedCurrency": "USD",
        "cik": "0000016099",
        "fillingDate": "1986-05-31",
        "acceptedDate": "1986-05-30 20:00:00",
        "calendarYear": "1986",
        "period": "Q3",
        "revenue": 55600000,
        "costOfRevenue": 0,
        "grossProfit": 55600000,
        "grossProfitRatio": 1,
        "researchAndDevelopmentExpenses": 0,
        "generalAndAdministrativeExpenses": 0,
        "sellingAndMarketingExpenses": 0,
        "sellingGeneralAndAdministrativeExpenses": 0,
        "otherExpenses": 0,
        "operatingExpenses": 0,
        "costAndExpenses": 0,
        "interestIncome": 0,
        "interestExpense": 0,
        "depreciationAndAmortization": 0,
        "ebitda": 55600000,
        "ebitdaratio": 1,
        "operatingIncome": 55600000,
        "operatingIncomeRatio": 1,
        "totalOtherIncomeExpensesNet": 0,
        "incomeBeforeTax": 0,
        "incomeBeforeTaxRatio": 0,
        "incomeTaxExpense": 0,
        "netIncome": 0,
        "netIncomeRatio": 0,
        "eps": 0,
        "epsdiluted": 0,
        "weightedAverageShsOut": 27306000,
        "weightedAverageShsOutDil": 27306000,
        "link": "",
        "finalLink": ""
    },
    {
        "date": "1986-02-28",
        "symbol": "LUB",
        "reportedCurrency": "USD",
        "cik": "0000016099",
        "fillingDate": "1986-02-28",
        "acceptedDate": "1986-02-27 19:00:00",
        "calendarYear": "1986",
        "period": "Q2",
        "revenue": 50600000,
        "costOfRevenue": 0,
        "grossProfit": 50600000,
        "grossProfitRatio": 1,
        "researchAndDevelopmentExpenses": 0,
        "generalAndAdministrativeExpenses": 0,
        "sellingAndMarketingExpenses": 0,
        "sellingGeneralAndAdministrativeExpenses": 0,
        "otherExpenses": 0,
        "operatingExpenses": 0,
        "costAndExpenses": 0,
        "interestIncome": 0,
        "interestExpense": 0,
        "depreciationAndAmortization": 0,
        "ebitda": 50600000,
        "ebitdaratio": 1,
        "operatingIncome": 50600000,
        "operatingIncomeRatio": 1,
        "totalOtherIncomeExpensesNet": 0,
        "incomeBeforeTax": 0,
        "incomeBeforeTaxRatio": 0,
        "incomeTaxExpense": 0,
        "netIncome": 0,
        "netIncomeRatio": 0,
        "eps": 0,
        "epsdiluted": 0,
        "weightedAverageShsOut": 27306000,
        "weightedAverageShsOutDil": 27306000,
        "link": "",
        "finalLink": ""
    },
    {
        "date": "1985-11-30",
        "symbol": "LUB",
        "reportedCurrency": "USD",
        "cik": "0000016099",
        "fillingDate": "1985-11-30",
        "acceptedDate": "1985-11-29 19:00:00",
        "calendarYear": "1986",
        "period": "Q1",
        "revenue": 51500000,
        "costOfRevenue": 0,
        "grossProfit": 51500000,
        "grossProfitRatio": 1,
        "researchAndDevelopmentExpenses": 0,
        "generalAndAdministrativeExpenses": 0,
        "sellingAndMarketingExpenses": 0,
        "sellingGeneralAndAdministrativeExpenses": 0,
        "otherExpenses": 0,
        "operatingExpenses": 0,
        "costAndExpenses": 0,
        "interestIncome": 0,
        "interestExpense": 0,
        "depreciationAndAmortization": 0,
        "ebitda": 51500000,
        "ebitdaratio": 1,
        "operatingIncome": 51500000,
        "operatingIncomeRatio": 1,
        "totalOtherIncomeExpensesNet": 0,
        "incomeBeforeTax": 0,
        "incomeBeforeTaxRatio": 0,
        "incomeTaxExpense": 0,
        "netIncome": 0,
        "netIncomeRatio": 0,
        "eps": 0,
        "epsdiluted": 0,
        "weightedAverageShsOut": 27306000,
        "weightedAverageShsOutDil": 27306000,
        "link": "",
        "finalLink": ""
    },
    {
        "date": "1985-08-31",
        "symbol": "LUB",
        "reportedCurrency": "USD",
        "cik": "0000016099",
        "fillingDate": "1985-08-31",
        "acceptedDate": "1985-08-30 20:00:00",
        "calendarYear": "1985",
        "period": "Q4",
        "revenue": 51500000,
        "costOfRevenue": 0,
        "grossProfit": 51500000,
        "grossProfitRatio": 1,
        "researchAndDevelopmentExpenses": 0,
        "generalAndAdministrativeExpenses": 0,
        "sellingAndMarketingExpenses": 0,
        "sellingGeneralAndAdministrativeExpenses": 0,
        "otherExpenses": -164400000,
        "operatingExpenses": -164400000,
        "costAndExpenses": -164400000,
        "interestIncome": 0,
        "interestExpense": 0,
        "depreciationAndAmortization": 0,
        "ebitda": -112900000,
        "ebitdaratio": -2.1922330097,
        "operatingIncome": -112900000,
        "operatingIncomeRatio": -2.1922330097,
        "totalOtherIncomeExpensesNet": 0,
        "incomeBeforeTax": 0,
        "incomeBeforeTaxRatio": 0,
        "incomeTaxExpense": 0,
        "netIncome": 0,
        "netIncomeRatio": 0,
        "eps": 0,
        "epsdiluted": 0,
        "weightedAverageShsOut": 27306000,
        "weightedAverageShsOutDil": 27306000,
        "link": "",
        "finalLink": ""
    }
]