[
    {
        "date": "2025-09-30",
        "symbol": "LVLT",
        "reportedCurrency": "USD",
        "cik": "0000794323",
        "fillingDate": "2025-10-30",
        "acceptedDate": "2025-10-30 16:23:49",
        "calendarYear": "2025",
        "period": "Q3",
        "revenue": 1641000000,
        "costOfRevenue": 0,
        "grossProfit": 0,
        "grossProfitRatio": 0,
        "researchAndDevelopmentExpenses": 0,
        "generalAndAdministrativeExpenses": 0,
        "sellingAndMarketingExpenses": 0,
        "sellingGeneralAndAdministrativeExpenses": 311000000,
        "otherExpenses": 0,
        "operatingExpenses": 311000000,
        "costAndExpenses": 0,
        "interestIncome": 0,
        "interestExpense": -182000000,
        "depreciationAndAmortization": 348000000,
        "ebitda": -289000000,
        "ebitdaratio": -0.1761121268,
        "operatingIncome": 40000000,
        "operatingIncomeRatio": 0.0243753809,
        "totalOtherIncomeExpensesNet": -495000000,
        "incomeBeforeTax": -455000000,
        "incomeBeforeTaxRatio": -0.2772699573,
        "incomeTaxExpense": -119000000,
        "netIncome": -336000000,
        "netIncomeRatio": -0.2047531993,
        "eps": 0,
        "epsdiluted": 0,
        "weightedAverageShsOut": 0,
        "weightedAverageShsOutDil": 0,
        "link": "https://www.sec.gov/Archives/edgar/data/794323/000079432325000025/0000794323-25-000025-index.htm",
        "finalLink": "https://www.sec.gov/Archives/edgar/data/794323/000079432325000025/lumn-20250930.htm"
    },
    {
        "date": "2025-06-30",
        "symbol": "LVLT",
        "reportedCurrency": "USD",
        "cik": "0000794323",
        "fillingDate": "2025-07-31",
        "acceptedDate": "2025-07-31 16:20:04",
        "calendarYear": "2025",
        "period": "Q2",
        "revenue": 1626000000,
        "costOfRevenue": 0,
        "grossProfit": 0,
        "grossProfitRatio": 0,
        "researchAndDevelopmentExpenses": 0,
        "generalAndAdministrativeExpenses": 0,
        "sellingAndMarketingExpenses": 0,
        "sellingGeneralAndAdministrativeExpenses": 297000000,
        "otherExpenses": 0,
        "operatingExpenses": 297000000,
        "costAndExpenses": 0,
        "interestIncome": 0,
        "interestExpense": 203000000,
        "depreciationAndAmortization": 342000000,
        "ebitda": 238000000,
        "ebitdaratio": 0.1463714637,
        "operatingIncome": 36000000,
        "operatingIncomeRatio": 0.0221402214,
        "totalOtherIncomeExpensesNet": -343000000,
        "incomeBeforeTax": -307000000,
        "incomeBeforeTaxRatio": -0.1888068881,
        "incomeTaxExpense": -81000000,
        "netIncome": -226000000,
        "netIncomeRatio": -0.1389913899,
        "eps": 0,
        "epsdiluted": 0,
        "weightedAverageShsOut": 0,
        "weightedAverageShsOutDil": 0,
        "link": "https://www.sec.gov/Archives/edgar/data/794323/000079432325000021/0000794323-25-000021-index.htm",
        "finalLink": "https://www.sec.gov/Archives/edgar/data/794323/000079432325000021/lumn-20250630.htm"
    },
    {
        "date": "2025-03-31",
        "symbol": "LVLT",
        "reportedCurrency": "USD",
        "cik": "0000794323",
        "fillingDate": "2025-05-01",
        "acceptedDate": "2025-05-01 16:22:38",
        "calendarYear": "2025",
        "period": "Q1",
        "revenue": 1647000000,
        "costOfRevenue": 0,
        "grossProfit": 0,
        "grossProfitRatio": 0,
        "researchAndDevelopmentExpenses": 0,
        "generalAndAdministrativeExpenses": 0,
        "sellingAndMarketingExpenses": 0,
        "sellingGeneralAndAdministrativeExpenses": 251000000,
        "otherExpenses": 5000000,
        "operatingExpenses": 256000000,
        "costAndExpenses": 0,
        "interestIncome": 0,
        "interestExpense": 215000000,
        "depreciationAndAmortization": 338000000,
        "ebitda": 472000000,
        "ebitdaratio": 0.2865816636,
        "operatingIncome": 81000000,
        "operatingIncomeRatio": 0.0491803279,
        "totalOtherIncomeExpensesNet": -162000000,
        "incomeBeforeTax": -81000000,
        "incomeBeforeTaxRatio": -0.0491803279,
        "incomeTaxExpense": -21000000,
        "netIncome": -60000000,
        "netIncomeRatio": -0.0364298725,
        "eps": 0,
        "epsdiluted": 0,
        "weightedAverageShsOut": 0,
        "weightedAverageShsOutDil": 0,
        "link": "https://www.sec.gov/Archives/edgar/data/794323/000079432325000015/0000794323-25-000015-index.htm",
        "finalLink": "https://www.sec.gov/Archives/edgar/data/794323/000079432325000015/lumn-20250331.htm"
    },
    {
        "date": "2024-12-31",
        "symbol": "LVLT",
        "reportedCurrency": "USD",
        "cik": "0000794323",
        "fillingDate": "2025-02-20",
        "acceptedDate": "2025-02-20 16:18:38",
        "calendarYear": "2024",
        "period": "Q4",
        "revenue": 391000000,
        "costOfRevenue": 2789000000,
        "grossProfit": -3316000000,
        "grossProfitRatio": -8.4808184143,
        "researchAndDevelopmentExpenses": 0,
        "generalAndAdministrativeExpenses": 893000000,
        "sellingAndMarketingExpenses": -1599000000,
        "sellingGeneralAndAdministrativeExpenses": 1265000000,
        "otherExpenses": 0,
        "operatingExpenses": 1265000000,
        "costAndExpenses": 4054000000,
        "interestIncome": 0,
        "interestExpense": 1166000000,
        "depreciationAndAmortization": 155000000,
        "ebitda": -739000000,
        "ebitdaratio": -1.8900255754,
        "operatingIncome": -818000000,
        "operatingIncomeRatio": -2.0920716113,
        "totalOtherIncomeExpensesNet": -40000000,
        "incomeBeforeTax": -858000000,
        "incomeBeforeTaxRatio": -2.1943734015,
        "incomeTaxExpense": -195000000,
        "netIncome": -663000000,
        "netIncomeRatio": -1.6956521739,
        "eps": -1.06,
        "epsdiluted": -1.06,
        "weightedAverageShsOut": 0,
        "weightedAverageShsOutDil": 0,
        "link": "https://www.sec.gov/Archives/edgar/data/794323/000079432325000006/0000794323-25-000006-index.htm",
        "finalLink": "https://www.sec.gov/Archives/edgar/data/794323/000079432325000006/lumn-20241231.htm"
    },
    {
        "date": "2020-03-31",
        "symbol": "LVLT",
        "reportedCurrency": "USD",
        "cik": "0000794323",
        "fillingDate": "2020-05-08",
        "acceptedDate": "2020-05-08 17:15:34",
        "calendarYear": "2020",
        "period": "Q1",
        "revenue": 1980000000,
        "costOfRevenue": 876000000,
        "grossProfit": 1104000000,
        "grossProfitRatio": 0.5575757576,
        "researchAndDevelopmentExpenses": 0,
        "generalAndAdministrativeExpenses": 310000000,
        "sellingAndMarketingExpenses": 1385000000,
        "sellingGeneralAndAdministrativeExpenses": 1695000000,
        "otherExpenses": 0,
        "operatingExpenses": 1695000000,
        "costAndExpenses": 2571000000,
        "interestIncome": 0,
        "interestExpense": 106000000,
        "depreciationAndAmortization": 416000000,
        "ebitda": 680000000,
        "ebitdaratio": 0.3434343434,
        "operatingIncome": 285000000,
        "operatingIncomeRatio": 0.1439393939,
        "totalOtherIncomeExpensesNet": -127000000,
        "incomeBeforeTax": 158000000,
        "incomeBeforeTaxRatio": 0.0797979798,
        "incomeTaxExpense": 45000000,
        "netIncome": 113000000,
        "netIncomeRatio": 0.0570707071,
        "eps": 0.31,
        "epsdiluted": 0.31,
        "weightedAverageShsOut": 362413000,
        "weightedAverageShsOutDil": 362413000,
        "link": "https://www.sec.gov/Archives/edgar/data/794323/000079432320000006/0000794323-20-000006-index.html",
        "finalLink": "https://www.sec.gov/Archives/edgar/data/794323/000079432320000006/lvlt-0331202010q.htm"
    },
    {
        "date": "2019-12-31",
        "symbol": "LVLT",
        "reportedCurrency": "USD",
        "cik": "0000794323",
        "fillingDate": "2020-03-05",
        "acceptedDate": "2020-03-05 16:27:08",
        "calendarYear": "2019",
        "period": "Q4",
        "revenue": 2061000000,
        "costOfRevenue": 953000000,
        "grossProfit": 1108000000,
        "grossProfitRatio": 0.5376031053,
        "researchAndDevelopmentExpenses": 0,
        "generalAndAdministrativeExpenses": 294000000,
        "sellingAndMarketingExpenses": 335000000,
        "sellingGeneralAndAdministrativeExpenses": 629000000,
        "otherExpenses": 0,
        "operatingExpenses": 629000000,
        "costAndExpenses": 1776000000,
        "interestIncome": 0,
        "interestExpense": 118000000,
        "depreciationAndAmortization": 404000000,
        "ebitda": 723000000,
        "ebitdaratio": 0.3508005822,
        "operatingIncome": 285000000,
        "operatingIncomeRatio": 0.1382823872,
        "totalOtherIncomeExpensesNet": -84000000,
        "incomeBeforeTax": 201000000,
        "incomeBeforeTaxRatio": 0.0975254731,
        "incomeTaxExpense": 41000000,
        "netIncome": 160000000,
        "netIncomeRatio": 0.0776322174,
        "eps": 0.44,
        "epsdiluted": 0.44,
        "weightedAverageShsOut": 362413000,
        "weightedAverageShsOutDil": 362413000,
        "link": "https://www.sec.gov/Archives/edgar/data/794323/000079432320000003/0000794323-20-000003-index.html",
        "finalLink": "https://www.sec.gov/Archives/edgar/data/794323/000079432320000003/lvlt-12311910k.htm"
    },
    {
        "date": "2019-09-30",
        "symbol": "LVLT",
        "reportedCurrency": "USD",
        "cik": "0000794323",
        "fillingDate": "2019-11-08",
        "acceptedDate": "2019-11-08 16:25:00",
        "calendarYear": "2019",
        "period": "Q3",
        "revenue": 2064000000,
        "costOfRevenue": 960000000,
        "grossProfit": 1104000000,
        "grossProfitRatio": 0.5348837209,
        "researchAndDevelopmentExpenses": 0,
        "generalAndAdministrativeExpenses": 289000000,
        "sellingAndMarketingExpenses": -121000000,
        "sellingGeneralAndAdministrativeExpenses": 168000000,
        "otherExpenses": 0,
        "operatingExpenses": 168000000,
        "costAndExpenses": 1755000000,
        "interestIncome": 0,
        "interestExpense": 123000000,
        "depreciationAndAmortization": 430000000,
        "ebitda": 741000000,
        "ebitdaratio": 0.3590116279,
        "operatingIncome": 309000000,
        "operatingIncomeRatio": 0.1497093023,
        "totalOtherIncomeExpensesNet": -121000000,
        "incomeBeforeTax": 188000000,
        "incomeBeforeTaxRatio": 0.0910852713,
        "incomeTaxExpense": 74000000,
        "netIncome": 114000000,
        "netIncomeRatio": 0.0552325581,
        "eps": 0.31,
        "epsdiluted": 0.31,
        "weightedAverageShsOut": 362413000,
        "weightedAverageShsOutDil": 362413000,
        "link": "https://www.sec.gov/Archives/edgar/data/794323/000079432319000012/0000794323-19-000012-index.html",
        "finalLink": "https://www.sec.gov/Archives/edgar/data/794323/000079432319000012/lvlt-09301910q.htm"
    },
    {
        "date": "2019-06-30",
        "symbol": "LVLT",
        "reportedCurrency": "USD",
        "cik": "0000794323",
        "fillingDate": "2019-08-09",
        "acceptedDate": "2019-08-09 16:23:51",
        "calendarYear": "2019",
        "period": "Q2",
        "revenue": 2014000000,
        "costOfRevenue": 919000000,
        "grossProfit": 1095000000,
        "grossProfitRatio": 0.543694141,
        "researchAndDevelopmentExpenses": 0,
        "generalAndAdministrativeExpenses": 347000000,
        "sellingAndMarketingExpenses": -111000000,
        "sellingGeneralAndAdministrativeExpenses": 236000000,
        "otherExpenses": 0,
        "operatingExpenses": 236000000,
        "costAndExpenses": 1742000000,
        "interestIncome": 0,
        "interestExpense": 130000000,
        "depreciationAndAmortization": 389000000,
        "ebitda": 680000000,
        "ebitdaratio": 0.3376365442,
        "operatingIncome": 272000000,
        "operatingIncomeRatio": 0.1350546177,
        "totalOtherIncomeExpensesNet": -111000000,
        "incomeBeforeTax": 161000000,
        "incomeBeforeTaxRatio": 0.0799404171,
        "incomeTaxExpense": 51000000,
        "netIncome": 110000000,
        "netIncomeRatio": 0.0546176763,
        "eps": 0.3,
        "epsdiluted": 0.3,
        "weightedAverageShsOut": 362413000,
        "weightedAverageShsOutDil": 362413000,
        "link": "https://www.sec.gov/Archives/edgar/data/794323/000079432319000009/0000794323-19-000009-index.htm",
        "finalLink": "https://www.sec.gov/Archives/edgar/data/794323/000079432319000009/lvlt-06301910q.htm"
    },
    {
        "date": "2019-03-31",
        "symbol": "LVLT",
        "reportedCurrency": "USD",
        "cik": "0000794323",
        "fillingDate": "2019-05-13",
        "acceptedDate": "2019-05-13 17:17:51",
        "calendarYear": "2019",
        "period": "Q1",
        "revenue": 2046000000,
        "costOfRevenue": 967000000,
        "grossProfit": 1079000000,
        "grossProfitRatio": 0.527370479,
        "researchAndDevelopmentExpenses": 0,
        "generalAndAdministrativeExpenses": 328000000,
        "sellingAndMarketingExpenses": -103000000,
        "sellingGeneralAndAdministrativeExpenses": 225000000,
        "otherExpenses": 0,
        "operatingExpenses": 225000000,
        "costAndExpenses": 5439000000,
        "interestIncome": 0,
        "interestExpense": 131000000,
        "depreciationAndAmortization": 390000000,
        "ebitda": 672000000,
        "ebitdaratio": 0.3284457478,
        "operatingIncome": 48000000,
        "operatingIncomeRatio": 0.0234604106,
        "totalOtherIncomeExpensesNet": 0,
        "incomeBeforeTax": 48000000,
        "incomeBeforeTaxRatio": 0.0234604106,
        "incomeTaxExpense": 89000000,
        "netIncome": 62000000,
        "netIncomeRatio": 0.0303030303,
        "eps": 0.17,
        "epsdiluted": 0.17,
        "weightedAverageShsOut": 362413000,
        "weightedAverageShsOutDil": 362413000,
        "link": "https://www.sec.gov/Archives/edgar/data/794323/000079432319000007/0000794323-19-000007-index.html",
        "finalLink": "https://www.sec.gov/Archives/edgar/data/794323/000079432319000007/lvlt-033119_10q.htm"
    },
    {
        "date": "2018-12-31",
        "symbol": "LVLT",
        "reportedCurrency": "USD",
        "cik": "0000794323",
        "fillingDate": "2019-03-19",
        "acceptedDate": "2019-03-18 20:21:48",
        "calendarYear": "2018",
        "period": "Q4",
        "revenue": 2071000000,
        "costOfRevenue": 983000000,
        "grossProfit": 1088000000,
        "grossProfitRatio": 0.5253500724,
        "researchAndDevelopmentExpenses": 0,
        "generalAndAdministrativeExpenses": 311000000,
        "sellingAndMarketingExpenses": 310000000,
        "sellingGeneralAndAdministrativeExpenses": 621000000,
        "otherExpenses": 0,
        "operatingExpenses": 621000000,
        "costAndExpenses": 1787000000,
        "interestIncome": 0,
        "interestExpense": 128000000,
        "depreciationAndAmortization": 402000000,
        "ebitda": 693000000,
        "ebitdaratio": 0.3346209561,
        "operatingIncome": 284000000,
        "operatingIncomeRatio": 0.1371318204,
        "totalOtherIncomeExpensesNet": -121000000,
        "incomeBeforeTax": 163000000,
        "incomeBeforeTaxRatio": 0.0787059392,
        "incomeTaxExpense": 12000000,
        "netIncome": 151000000,
        "netIncomeRatio": 0.0729116369,
        "eps": 0.42,
        "epsdiluted": 0.42,
        "weightedAverageShsOut": 362413000,
        "weightedAverageShsOutDil": 362413000,
        "link": "https://www.sec.gov/Archives/edgar/data/794323/000079432319000004/0000794323-19-000004-index.html",
        "finalLink": "https://www.sec.gov/Archives/edgar/data/794323/000079432319000004/lvlt-123118_10k.htm"
    },
    {
        "date": "2018-09-30",
        "symbol": "LVLT",
        "reportedCurrency": "USD",
        "cik": "0000794323",
        "fillingDate": "2018-11-09",
        "acceptedDate": "2018-11-09 16:57:20",
        "calendarYear": "2018",
        "period": "Q3",
        "revenue": 2010000000,
        "costOfRevenue": 976000000,
        "grossProfit": 1034000000,
        "grossProfitRatio": 0.5144278607,
        "researchAndDevelopmentExpenses": 0,
        "generalAndAdministrativeExpenses": 311000000,
        "sellingAndMarketingExpenses": -101000000,
        "sellingGeneralAndAdministrativeExpenses": 210000000,
        "otherExpenses": 0,
        "operatingExpenses": 210000000,
        "costAndExpenses": 1783000000,
        "interestIncome": 0,
        "interestExpense": 137000000,
        "depreciationAndAmortization": 430000000,
        "ebitda": 693000000,
        "ebitdaratio": 0.3447761194,
        "operatingIncome": 227000000,
        "operatingIncomeRatio": 0.1129353234,
        "totalOtherIncomeExpensesNet": -101000000,
        "incomeBeforeTax": 126000000,
        "incomeBeforeTaxRatio": 0.0626865672,
        "incomeTaxExpense": 38000000,
        "netIncome": 88000000,
        "netIncomeRatio": 0.0437810945,
        "eps": 0.24,
        "epsdiluted": 0.24,
        "weightedAverageShsOut": 362413000,
        "weightedAverageShsOutDil": 362413000,
        "link": "https://www.sec.gov/Archives/edgar/data/794323/000079432318000016/0000794323-18-000016-index.html",
        "finalLink": "https://www.sec.gov/Archives/edgar/data/794323/000079432318000016/lvlt-093018_10q.htm"
    },
    {
        "date": "2018-06-30",
        "symbol": "LVLT",
        "reportedCurrency": "USD",
        "cik": "0000794323",
        "fillingDate": "2018-08-09",
        "acceptedDate": "2018-08-09 16:30:21",
        "calendarYear": "2018",
        "period": "Q2",
        "revenue": 2052000000,
        "costOfRevenue": 980000000,
        "grossProfit": 1072000000,
        "grossProfitRatio": 0.522417154,
        "researchAndDevelopmentExpenses": 0,
        "generalAndAdministrativeExpenses": 388000000,
        "sellingAndMarketingExpenses": -112000000,
        "sellingGeneralAndAdministrativeExpenses": 276000000,
        "otherExpenses": 0,
        "operatingExpenses": 276000000,
        "costAndExpenses": 1856000000,
        "interestIncome": 0,
        "interestExpense": 124000000,
        "depreciationAndAmortization": 420000000,
        "ebitda": 628000000,
        "ebitdaratio": 0.306042885,
        "operatingIncome": 196000000,
        "operatingIncomeRatio": 0.0955165692,
        "totalOtherIncomeExpensesNet": -112000000,
        "incomeBeforeTax": 84000000,
        "incomeBeforeTaxRatio": 0.0409356725,
        "incomeTaxExpense": 44000000,
        "netIncome": 40000000,
        "netIncomeRatio": 0.0194931774,
        "eps": 0.11,
        "epsdiluted": 0.11,
        "weightedAverageShsOut": 362413000,
        "weightedAverageShsOutDil": 362413000,
        "link": "https://www.sec.gov/Archives/edgar/data/794323/000079432318000011/0000794323-18-000011-index.html",
        "finalLink": "https://www.sec.gov/Archives/edgar/data/794323/000079432318000011/lvlt-063018_10q.htm"
    },
    {
        "date": "2018-03-31",
        "symbol": "LVLT",
        "reportedCurrency": "USD",
        "cik": "0000794323",
        "fillingDate": "2018-05-10",
        "acceptedDate": "2018-05-10 17:21:01",
        "calendarYear": "2018",
        "period": "Q1",
        "revenue": 2087000000,
        "costOfRevenue": 998000000,
        "grossProfit": 1089000000,
        "grossProfitRatio": 0.5218016291,
        "researchAndDevelopmentExpenses": 0,
        "generalAndAdministrativeExpenses": 344000000,
        "sellingAndMarketingExpenses": -97000000,
        "sellingGeneralAndAdministrativeExpenses": 247000000,
        "otherExpenses": 0,
        "operatingExpenses": 247000000,
        "costAndExpenses": 1826000000,
        "interestIncome": 0,
        "interestExpense": 120000000,
        "depreciationAndAmortization": 422000000,
        "ebitda": 706000000,
        "ebitdaratio": 0.3382846191,
        "operatingIncome": 261000000,
        "operatingIncomeRatio": 0.1250598946,
        "totalOtherIncomeExpensesNet": -97000000,
        "incomeBeforeTax": 164000000,
        "incomeBeforeTaxRatio": 0.0785816962,
        "incomeTaxExpense": 102000000,
        "netIncome": 62000000,
        "netIncomeRatio": 0.0297077144,
        "eps": 0.17,
        "epsdiluted": 0.17,
        "weightedAverageShsOut": 362413000,
        "weightedAverageShsOutDil": 362413000,
        "link": "https://www.sec.gov/Archives/edgar/data/794323/000079432318000008/0000794323-18-000008-index.html",
        "finalLink": "https://www.sec.gov/Archives/edgar/data/794323/000079432318000008/lvlt-033118_10q.htm"
    },
    {
        "date": "2017-12-31",
        "symbol": "LVLT",
        "reportedCurrency": "USD",
        "cik": "0000794323",
        "fillingDate": "2018-03-01",
        "acceptedDate": "2018-03-01 17:04:54",
        "calendarYear": "2017",
        "period": "Q4",
        "revenue": 2109000000,
        "costOfRevenue": 690000000,
        "grossProfit": 1419000000,
        "grossProfitRatio": 0.6728307255,
        "researchAndDevelopmentExpenses": 0,
        "generalAndAdministrativeExpenses": 253000000,
        "sellingAndMarketingExpenses": 996000000,
        "sellingGeneralAndAdministrativeExpenses": 1249000000,
        "otherExpenses": 0,
        "operatingExpenses": 1249000000,
        "costAndExpenses": 1939000000,
        "interestIncome": 0,
        "interestExpense": -400000000,
        "depreciationAndAmortization": -996000000,
        "ebitda": -1303000000,
        "ebitdaratio": -0.6178283547,
        "operatingIncome": 264000000,
        "operatingIncomeRatio": 0.1251778094,
        "totalOtherIncomeExpensesNet": -171000000,
        "incomeBeforeTax": 93000000,
        "incomeBeforeTaxRatio": 0.0440967283,
        "incomeTaxExpense": -234000000,
        "netIncome": 327000000,
        "netIncomeRatio": 0.1550497866,
        "eps": 0.9,
        "epsdiluted": 0.9,
        "weightedAverageShsOut": 362413000,
        "weightedAverageShsOutDil": 362413000,
        "link": "https://www.sec.gov/Archives/edgar/data/794323/000079432318000004/0000794323-18-000004-index.html",
        "finalLink": "https://www.sec.gov/Archives/edgar/data/794323/000079432318000004/lvlt-123117_10k.htm"
    },
    {
        "date": "2017-09-30",
        "symbol": "LVLT",
        "reportedCurrency": "USD",
        "cik": "0000794323",
        "fillingDate": "2017-11-09",
        "acceptedDate": "2017-11-09 10:45:06",
        "calendarYear": "2017",
        "period": "Q3",
        "revenue": 2059000000,
        "costOfRevenue": 0,
        "grossProfit": 2059000000,
        "grossProfitRatio": 1,
        "researchAndDevelopmentExpenses": 0,
        "generalAndAdministrativeExpenses": 348000000,
        "sellingAndMarketingExpenses": 223000000,
        "sellingGeneralAndAdministrativeExpenses": 571000000,
        "otherExpenses": 0,
        "operatingExpenses": 571000000,
        "costAndExpenses": 1704000000,
        "interestIncome": 0,
        "interestExpense": 134000000,
        "depreciationAndAmortization": 337000000,
        "ebitda": 704000000,
        "ebitdaratio": 0.3419135503,
        "operatingIncome": 355000000,
        "operatingIncomeRatio": 0.1724137931,
        "totalOtherIncomeExpensesNet": -122000000,
        "incomeBeforeTax": 233000000,
        "incomeBeforeTaxRatio": 0.113161729,
        "incomeTaxExpense": 76000000,
        "netIncome": 157000000,
        "netIncomeRatio": 0.0762506071,
        "eps": 0.43,
        "epsdiluted": 0.43,
        "weightedAverageShsOut": 362413000,
        "weightedAverageShsOutDil": 364710000,
        "link": "https://www.sec.gov/Archives/edgar/data/794323/000079432317000016/0000794323-17-000016-index.html",
        "finalLink": "https://www.sec.gov/Archives/edgar/data/794323/000079432317000016/lvlt-093017_10q.htm"
    },
    {
        "date": "2017-06-30",
        "symbol": "LVLT",
        "reportedCurrency": "USD",
        "cik": "0000794323",
        "fillingDate": "2017-08-04",
        "acceptedDate": "2017-08-04 16:18:50",
        "calendarYear": "2017",
        "period": "Q2",
        "revenue": 2061000000,
        "costOfRevenue": 0,
        "grossProfit": 2061000000,
        "grossProfitRatio": 1,
        "researchAndDevelopmentExpenses": 0,
        "generalAndAdministrativeExpenses": 366000000,
        "sellingAndMarketingExpenses": 207000000,
        "sellingGeneralAndAdministrativeExpenses": 573000000,
        "otherExpenses": 0,
        "operatingExpenses": 573000000,
        "costAndExpenses": 1708000000,
        "interestIncome": 0,
        "interestExpense": 132000000,
        "depreciationAndAmortization": 334000000,
        "ebitda": 689000000,
        "ebitdaratio": 0.3343037361,
        "operatingIncome": 353000000,
        "operatingIncomeRatio": 0.1712760796,
        "totalOtherIncomeExpensesNet": -130000000,
        "incomeBeforeTax": 223000000,
        "incomeBeforeTaxRatio": 0.108199903,
        "incomeTaxExpense": 69000000,
        "netIncome": 154000000,
        "netIncomeRatio": 0.0747210092,
        "eps": 0.43,
        "epsdiluted": 0.42,
        "weightedAverageShsOut": 361942000,
        "weightedAverageShsOutDil": 364569000,
        "link": "https://www.sec.gov/Archives/edgar/data/794323/000079432317000011/0000794323-17-000011-index.html",
        "finalLink": "https://www.sec.gov/Archives/edgar/data/794323/000079432317000011/lvlt-063017_10q.htm"
    },
    {
        "date": "2017-03-31",
        "symbol": "LVLT",
        "reportedCurrency": "USD",
        "cik": "0000794323",
        "fillingDate": "2017-05-05",
        "acceptedDate": "2017-05-05 16:17:01",
        "calendarYear": "2017",
        "period": "Q1",
        "revenue": 2048000000,
        "costOfRevenue": 0,
        "grossProfit": 2048000000,
        "grossProfitRatio": 1,
        "researchAndDevelopmentExpenses": 0,
        "generalAndAdministrativeExpenses": 364000000,
        "sellingAndMarketingExpenses": 164000000,
        "sellingGeneralAndAdministrativeExpenses": 528000000,
        "otherExpenses": 0,
        "operatingExpenses": 528000000,
        "costAndExpenses": 1711000000,
        "interestIncome": 0,
        "interestExpense": 134000000,
        "depreciationAndAmortization": 325000000,
        "ebitda": 624000000,
        "ebitdaratio": 0.3046875,
        "operatingIncome": 337000000,
        "operatingIncomeRatio": 0.1645507813,
        "totalOtherIncomeExpensesNet": -172000000,
        "incomeBeforeTax": 165000000,
        "incomeBeforeTaxRatio": 0.0805664063,
        "incomeTaxExpense": 70000000,
        "netIncome": 95000000,
        "netIncomeRatio": 0.0463867188,
        "eps": 0.26,
        "epsdiluted": 0.26,
        "weightedAverageShsOut": 361461000,
        "weightedAverageShsOutDil": 364121000,
        "link": "https://www.sec.gov/Archives/edgar/data/794323/000079432317000006/0000794323-17-000006-index.html",
        "finalLink": "https://www.sec.gov/Archives/edgar/data/794323/000079432317000006/lvlt-033117_10q.htm"
    },
    {
        "date": "2016-12-31",
        "symbol": "LVLT",
        "reportedCurrency": "USD",
        "cik": "0000794323",
        "fillingDate": "2017-02-24",
        "acceptedDate": "2017-02-24 16:32:06",
        "calendarYear": "2016",
        "period": "Q4",
        "revenue": 2032000000,
        "costOfRevenue": 0,
        "grossProfit": 2032000000,
        "grossProfitRatio": 1,
        "researchAndDevelopmentExpenses": 0,
        "generalAndAdministrativeExpenses": 346000000,
        "sellingAndMarketingExpenses": 195000000,
        "sellingGeneralAndAdministrativeExpenses": 541000000,
        "otherExpenses": 0,
        "operatingExpenses": 541000000,
        "costAndExpenses": 1678000000,
        "interestIncome": 0,
        "interestExpense": 132000000,
        "depreciationAndAmortization": 326000000,
        "ebitda": 741000000,
        "ebitdaratio": 0.3646653543,
        "operatingIncome": 354000000,
        "operatingIncomeRatio": 0.1742125984,
        "totalOtherIncomeExpensesNet": -137000000,
        "incomeBeforeTax": 217000000,
        "incomeBeforeTaxRatio": 0.1067913386,
        "incomeTaxExpense": 33000000,
        "netIncome": 250000000,
        "netIncomeRatio": 0.1230314961,
        "eps": 0.7,
        "epsdiluted": 0.69,
        "weightedAverageShsOut": 358559000,
        "weightedAverageShsOutDil": 361472000,
        "link": "https://www.sec.gov/Archives/edgar/data/794323/000079432317000002/0000794323-17-000002-index.html",
        "finalLink": "https://www.sec.gov/Archives/edgar/data/794323/000079432317000002/lvlt-123116_10k.htm"
    },
    {
        "date": "2016-09-30",
        "symbol": "LVLT",
        "reportedCurrency": "USD",
        "cik": "0000794323",
        "fillingDate": "2016-11-07",
        "acceptedDate": "2016-11-07 16:33:03",
        "calendarYear": "2016",
        "period": "Q3",
        "revenue": 2033000000,
        "costOfRevenue": 0,
        "grossProfit": 2033000000,
        "grossProfitRatio": 1,
        "researchAndDevelopmentExpenses": 0,
        "generalAndAdministrativeExpenses": 348000000,
        "sellingAndMarketingExpenses": 200000000,
        "sellingGeneralAndAdministrativeExpenses": 548000000,
        "otherExpenses": 0,
        "operatingExpenses": 548000000,
        "costAndExpenses": 1679000000,
        "interestIncome": 0,
        "interestExpense": 139000000,
        "depreciationAndAmortization": 324000000,
        "ebitda": 680000000,
        "ebitdaratio": 0.3344810625,
        "operatingIncome": 354000000,
        "operatingIncomeRatio": 0.1741269061,
        "totalOtherIncomeExpensesNet": -137000000,
        "incomeBeforeTax": 217000000,
        "incomeBeforeTaxRatio": 0.1067388096,
        "incomeTaxExpense": 63000000,
        "netIncome": 154000000,
        "netIncomeRatio": 0.075750123,
        "eps": 0.43,
        "epsdiluted": 0.43,
        "weightedAverageShsOut": 358097000,
        "weightedAverageShsOutDil": 361072000,
        "link": "https://www.sec.gov/Archives/edgar/data/794323/000079432316000039/0000794323-16-000039-index.html",
        "finalLink": "https://www.sec.gov/Archives/edgar/data/794323/000079432316000039/lvlt-093016_10q.htm"
    },
    {
        "date": "2016-06-30",
        "symbol": "LVLT",
        "reportedCurrency": "USD",
        "cik": "0000794323",
        "fillingDate": "2016-08-05",
        "acceptedDate": "2016-08-05 16:16:45",
        "calendarYear": "2016",
        "period": "Q2",
        "revenue": 2056000000,
        "costOfRevenue": 0,
        "grossProfit": 2056000000,
        "grossProfitRatio": 1,
        "researchAndDevelopmentExpenses": 0,
        "generalAndAdministrativeExpenses": 357000000,
        "sellingAndMarketingExpenses": 155000000,
        "sellingGeneralAndAdministrativeExpenses": 512000000,
        "otherExpenses": 0,
        "operatingExpenses": 512000000,
        "costAndExpenses": 1682000000,
        "interestIncome": 0,
        "interestExpense": 140000000,
        "depreciationAndAmortization": 315000000,
        "ebitda": 645000000,
        "ebitdaratio": 0.3137159533,
        "operatingIncome": 374000000,
        "operatingIncomeRatio": 0.1819066148,
        "totalOtherIncomeExpensesNet": -184000000,
        "incomeBeforeTax": 190000000,
        "incomeBeforeTaxRatio": 0.0924124514,
        "incomeTaxExpense": 41000000,
        "netIncome": 149000000,
        "netIncomeRatio": 0.0724708171,
        "eps": 0.42,
        "epsdiluted": 0.41,
        "weightedAverageShsOut": 357355000,
        "weightedAverageShsOutDil": 360415000,
        "link": "https://www.sec.gov/Archives/edgar/data/794323/000079432316000037/0000794323-16-000037-index.htm",
        "finalLink": "https://www.sec.gov/Archives/edgar/data/794323/000079432316000037/lvlt-063016_10q.htm"
    },
    {
        "date": "2016-03-31",
        "symbol": "LVLT",
        "reportedCurrency": "USD",
        "cik": "0000794323",
        "fillingDate": "2016-05-06",
        "acceptedDate": "2016-05-06 16:16:38",
        "calendarYear": "2016",
        "period": "Q1",
        "revenue": 2051000000,
        "costOfRevenue": 0,
        "grossProfit": 2051000000,
        "grossProfitRatio": 1,
        "researchAndDevelopmentExpenses": 0,
        "generalAndAdministrativeExpenses": 356000000,
        "sellingAndMarketingExpenses": 194000000,
        "sellingGeneralAndAdministrativeExpenses": 550000000,
        "otherExpenses": 0,
        "operatingExpenses": 550000000,
        "costAndExpenses": 1689000000,
        "interestIncome": 0,
        "interestExpense": 135000000,
        "depreciationAndAmortization": 306000000,
        "ebitda": 659000000,
        "ebitdaratio": 0.3213066797,
        "operatingIncome": 362000000,
        "operatingIncomeRatio": 0.1764992686,
        "totalOtherIncomeExpensesNet": -144000000,
        "incomeBeforeTax": 218000000,
        "incomeBeforeTaxRatio": 0.1062896148,
        "incomeTaxExpense": 94000000,
        "netIncome": 124000000,
        "netIncomeRatio": 0.060458313,
        "eps": 0.35,
        "epsdiluted": 0.34,
        "weightedAverageShsOut": 356785000,
        "weightedAverageShsOutDil": 360339000,
        "link": "https://www.sec.gov/Archives/edgar/data/794323/000079432316000029/0000794323-16-000029-index.html",
        "finalLink": "https://www.sec.gov/Archives/edgar/data/794323/000079432316000029/lvlt-033116_10q.htm"
    },
    {
        "date": "2015-12-31",
        "symbol": "LVLT",
        "reportedCurrency": "USD",
        "cik": "0000794323",
        "fillingDate": "2016-02-26",
        "acceptedDate": "2016-02-26 16:24:52",
        "calendarYear": "2015",
        "period": "Q4",
        "revenue": 2053000000,
        "costOfRevenue": 0,
        "grossProfit": 2053000000,
        "grossProfitRatio": 1,
        "researchAndDevelopmentExpenses": 0,
        "generalAndAdministrativeExpenses": 369000000,
        "sellingAndMarketingExpenses": 140000000,
        "sellingGeneralAndAdministrativeExpenses": 509000000,
        "otherExpenses": 0,
        "operatingExpenses": 509000000,
        "costAndExpenses": 1715000000,
        "interestIncome": 0,
        "interestExpense": 152000000,
        "depreciationAndAmortization": 300000000,
        "ebitda": 6964000000,
        "ebitdaratio": 3.3921091086,
        "operatingIncome": 338000000,
        "operatingIncomeRatio": 0.1646371164,
        "totalOtherIncomeExpensesNet": -204000000,
        "incomeBeforeTax": 134000000,
        "incomeBeforeTaxRatio": 0.0652703361,
        "incomeTaxExpense": 3189000000,
        "netIncome": 3323000000,
        "netIncomeRatio": 1.6186069167,
        "eps": 9.4,
        "epsdiluted": 9.27,
        "weightedAverageShsOut": 353385000,
        "weightedAverageShsOutDil": 358593000,
        "link": "https://www.sec.gov/Archives/edgar/data/794323/000079432316000025/0000794323-16-000025-index.html",
        "finalLink": "https://www.sec.gov/Archives/edgar/data/794323/000079432316000025/lvlt-123115_10k.htm"
    },
    {
        "date": "2015-09-30",
        "symbol": "LVLT",
        "reportedCurrency": "USD",
        "cik": "0000794323",
        "fillingDate": "2015-11-06",
        "acceptedDate": "2015-11-06 16:16:29",
        "calendarYear": "2015",
        "period": "Q3",
        "revenue": 2062000000,
        "costOfRevenue": 0,
        "grossProfit": 2062000000,
        "grossProfitRatio": 1,
        "researchAndDevelopmentExpenses": 0,
        "generalAndAdministrativeExpenses": 364000000,
        "sellingAndMarketingExpenses": 59000000,
        "sellingGeneralAndAdministrativeExpenses": 423000000,
        "otherExpenses": 0,
        "operatingExpenses": 423000000,
        "costAndExpenses": 1735000000,
        "interestIncome": 0,
        "interestExpense": 145000000,
        "depreciationAndAmortization": 301000000,
        "ebitda": 463000000,
        "ebitdaratio": 0.2245392823,
        "operatingIncome": 327000000,
        "operatingIncomeRatio": 0.1585838991,
        "totalOtherIncomeExpensesNet": -310000000,
        "incomeBeforeTax": 17000000,
        "incomeBeforeTaxRatio": 0.0082444229,
        "incomeTaxExpense": 16000000,
        "netIncome": 1000000,
        "netIncomeRatio": 0.0004849661,
        "eps": 0.0028,
        "epsdiluted": 0.0028,
        "weightedAverageShsOut": 352411000,
        "weightedAverageShsOutDil": 355453000,
        "link": "https://www.sec.gov/Archives/edgar/data/794323/000079432315000021/0000794323-15-000021-index.html",
        "finalLink": "https://www.sec.gov/Archives/edgar/data/794323/000079432315000021/lvlt-093015_10q.htm"
    },
    {
        "date": "2015-06-30",
        "symbol": "LVLT",
        "reportedCurrency": "USD",
        "cik": "0000794323",
        "fillingDate": "2015-08-06",
        "acceptedDate": "2015-08-06 16:33:32",
        "calendarYear": "2015",
        "period": "Q2",
        "revenue": 2061000000,
        "costOfRevenue": 0,
        "grossProfit": 2061000000,
        "grossProfitRatio": 1,
        "researchAndDevelopmentExpenses": 0,
        "generalAndAdministrativeExpenses": 364000000,
        "sellingAndMarketingExpenses": 18000000,
        "sellingGeneralAndAdministrativeExpenses": 382000000,
        "otherExpenses": 0,
        "operatingExpenses": 382000000,
        "costAndExpenses": 1711000000,
        "interestIncome": 0,
        "interestExpense": 165000000,
        "depreciationAndAmortization": 294000000,
        "ebitda": 464000000,
        "ebitdaratio": 0.2251334304,
        "operatingIncome": 350000000,
        "operatingIncomeRatio": 0.1698204755,
        "totalOtherIncomeExpensesNet": -345000000,
        "incomeBeforeTax": 5000000,
        "incomeBeforeTaxRatio": 0.0024260068,
        "incomeTaxExpense": 18000000,
        "netIncome": -13000000,
        "netIncomeRatio": -0.0063076177,
        "eps": -0.0371,
        "epsdiluted": -0.0367,
        "weightedAverageShsOut": 350693000,
        "weightedAverageShsOutDil": 354325000,
        "link": "https://www.sec.gov/Archives/edgar/data/794323/000079432315000019/0000794323-15-000019-index.html",
        "finalLink": "https://www.sec.gov/Archives/edgar/data/794323/000079432315000019/lvlt-063015_10q.htm"
    },
    {
        "date": "2015-03-31",
        "symbol": "LVLT",
        "reportedCurrency": "USD",
        "cik": "0000794323",
        "fillingDate": "2015-05-08",
        "acceptedDate": "2015-05-08 16:15:50",
        "calendarYear": "2015",
        "period": "Q1",
        "revenue": 2053000000,
        "costOfRevenue": 0,
        "grossProfit": 2053000000,
        "grossProfitRatio": 1,
        "researchAndDevelopmentExpenses": 0,
        "generalAndAdministrativeExpenses": 370000000,
        "sellingAndMarketingExpenses": 167000000,
        "sellingGeneralAndAdministrativeExpenses": 537000000,
        "otherExpenses": 0,
        "operatingExpenses": 537000000,
        "costAndExpenses": 1737000000,
        "interestIncome": 0,
        "interestExpense": 180000000,
        "depreciationAndAmortization": 295000000,
        "ebitda": 602000000,
        "ebitdaratio": 0.2932294204,
        "operatingIncome": 316000000,
        "operatingIncomeRatio": 0.1539210911,
        "totalOtherIncomeExpensesNet": -189000000,
        "incomeBeforeTax": 127000000,
        "incomeBeforeTaxRatio": 0.0618606917,
        "incomeTaxExpense": 5000000,
        "netIncome": 122000000,
        "netIncomeRatio": 0.0594252314,
        "eps": 0.35,
        "epsdiluted": 0.35,
        "weightedAverageShsOut": 346874000,
        "weightedAverageShsOutDil": 350832000,
        "link": "https://www.sec.gov/Archives/edgar/data/794323/000079432315000013/0000794323-15-000013-index.html",
        "finalLink": "https://www.sec.gov/Archives/edgar/data/794323/000079432315000013/lvlt-033115_10q.htm"
    },
    {
        "date": "2014-12-31",
        "symbol": "LVLT",
        "reportedCurrency": "USD",
        "cik": "0000794323",
        "fillingDate": "2015-02-27",
        "acceptedDate": "2015-02-27 16:24:01",
        "calendarYear": "2014",
        "period": "Q4",
        "revenue": 1914000000,
        "costOfRevenue": 1834000000,
        "grossProfit": 80000000,
        "grossProfitRatio": 0.0417972832,
        "researchAndDevelopmentExpenses": 0,
        "generalAndAdministrativeExpenses": 393000000,
        "sellingAndMarketingExpenses": 77000000,
        "sellingGeneralAndAdministrativeExpenses": 470000000,
        "otherExpenses": 0,
        "operatingExpenses": 470000000,
        "costAndExpenses": 1683000000,
        "interestIncome": 0,
        "interestExpense": 195000000,
        "depreciationAndAmortization": 259000000,
        "ebitda": 623000000,
        "ebitdaratio": 0.3254963427,
        "operatingIncome": 231000000,
        "operatingIncomeRatio": 0.1206896552,
        "totalOtherIncomeExpensesNet": -268000000,
        "incomeBeforeTax": -37000000,
        "incomeBeforeTaxRatio": -0.0193312435,
        "incomeTaxExpense": 103000000,
        "netIncome": 66000000,
        "netIncomeRatio": 0.0344827586,
        "eps": 0.26,
        "epsdiluted": 0.26,
        "weightedAverageShsOut": 254428000,
        "weightedAverageShsOutDil": 258483000,
        "link": "https://www.sec.gov/Archives/edgar/data/794323/000079432315000003/0000794323-15-000003-index.htm",
        "finalLink": "https://www.sec.gov/Archives/edgar/data/794323/000079432315000003/lvlt-123114_10k.htm"
    },
    {
        "date": "2014-09-30",
        "symbol": "LVLT",
        "reportedCurrency": "USD",
        "cik": "0000794323",
        "fillingDate": "2014-11-07",
        "acceptedDate": "2014-11-07 16:16:23",
        "calendarYear": "2014",
        "period": "Q3",
        "revenue": 1629000000,
        "costOfRevenue": 607000000,
        "grossProfit": 1022000000,
        "grossProfitRatio": 0.62737876,
        "researchAndDevelopmentExpenses": 0,
        "generalAndAdministrativeExpenses": -328000000,
        "sellingAndMarketingExpenses": 732000000,
        "sellingGeneralAndAdministrativeExpenses": 404000000,
        "otherExpenses": 0,
        "operatingExpenses": 404000000,
        "costAndExpenses": 1367000000,
        "interestIncome": 0,
        "interestExpense": 159000000,
        "depreciationAndAmortization": 197000000,
        "ebitda": 449000000,
        "ebitdaratio": 0.2756292204,
        "operatingIncome": 262000000,
        "operatingIncomeRatio": 0.160834868,
        "totalOtherIncomeExpensesNet": -169000000,
        "incomeBeforeTax": 93000000,
        "incomeBeforeTaxRatio": 0.0570902394,
        "incomeTaxExpense": 8000000,
        "netIncome": 85000000,
        "netIncomeRatio": 0.0521792511,
        "eps": 0.36,
        "epsdiluted": 0.35,
        "weightedAverageShsOut": 237102000,
        "weightedAverageShsOutDil": 241458000,
        "link": "https://www.sec.gov/Archives/edgar/data/794323/000079432314000033/0000794323-14-000033-index.html",
        "finalLink": "https://www.sec.gov/Archives/edgar/data/794323/000079432314000033/lvlt-093014_10q.htm"
    },
    {
        "date": "2014-06-30",
        "symbol": "LVLT",
        "reportedCurrency": "USD",
        "cik": "0000794323",
        "fillingDate": "2014-08-08",
        "acceptedDate": "2014-08-08 16:12:31",
        "calendarYear": "2014",
        "period": "Q2",
        "revenue": 1625000000,
        "costOfRevenue": 613000000,
        "grossProfit": 1012000000,
        "grossProfitRatio": 0.6227692308,
        "researchAndDevelopmentExpenses": 0,
        "generalAndAdministrativeExpenses": 569000000,
        "sellingAndMarketingExpenses": -193000000,
        "sellingGeneralAndAdministrativeExpenses": 376000000,
        "otherExpenses": 0,
        "operatingExpenses": 376000000,
        "costAndExpenses": 1369000000,
        "interestIncome": 0,
        "interestExpense": 149000000,
        "depreciationAndAmortization": 195000000,
        "ebitda": 407000000,
        "ebitdaratio": 0.2504615385,
        "operatingIncome": 256000000,
        "operatingIncomeRatio": 0.1575384615,
        "totalOtherIncomeExpensesNet": -193000000,
        "incomeBeforeTax": 63000000,
        "incomeBeforeTaxRatio": 0.0387692308,
        "incomeTaxExpense": 12000000,
        "netIncome": 51000000,
        "netIncomeRatio": 0.0313846154,
        "eps": 0.22,
        "epsdiluted": 0.21,
        "weightedAverageShsOut": 236510000,
        "weightedAverageShsOutDil": 240890000,
        "link": "https://www.sec.gov/Archives/edgar/data/794323/000079432314000015/0000794323-14-000015-index.html",
        "finalLink": "https://www.sec.gov/Archives/edgar/data/794323/000079432314000015/lvlt-063014_10q.htm"
    },
    {
        "date": "2014-03-31",
        "symbol": "LVLT",
        "reportedCurrency": "USD",
        "cik": "0000794323",
        "fillingDate": "2014-05-08",
        "acceptedDate": "2014-05-08 16:17:43",
        "calendarYear": "2014",
        "period": "Q1",
        "revenue": 1609000000,
        "costOfRevenue": 614000000,
        "grossProfit": 995000000,
        "grossProfitRatio": 0.6183965196,
        "researchAndDevelopmentExpenses": 0,
        "generalAndAdministrativeExpenses": 547000000,
        "sellingAndMarketingExpenses": -145000000,
        "sellingGeneralAndAdministrativeExpenses": 402000000,
        "otherExpenses": 0,
        "operatingExpenses": 402000000,
        "costAndExpenses": 1345000000,
        "interestIncome": 0,
        "interestExpense": 151000000,
        "depreciationAndAmortization": 193000000,
        "ebitda": 463000000,
        "ebitdaratio": 0.2877563704,
        "operatingIncome": 264000000,
        "operatingIncomeRatio": 0.1640770665,
        "totalOtherIncomeExpensesNet": -145000000,
        "incomeBeforeTax": 119000000,
        "incomeBeforeTaxRatio": 0.0739589807,
        "incomeTaxExpense": 7000000,
        "netIncome": 112000000,
        "netIncomeRatio": 0.0696084525,
        "eps": 0.48,
        "epsdiluted": 0.47,
        "weightedAverageShsOut": 235635000,
        "weightedAverageShsOutDil": 239294000,
        "link": "https://www.sec.gov/Archives/edgar/data/794323/000079432314000007/0000794323-14-000007-index.html",
        "finalLink": "https://www.sec.gov/Archives/edgar/data/794323/000079432314000007/lvlt-033114_10q.htm"
    },
    {
        "date": "2013-12-31",
        "symbol": "LVLT",
        "reportedCurrency": "USD",
        "cik": "0000794323",
        "fillingDate": "2014-02-27",
        "acceptedDate": "2014-02-27 16:20:48",
        "calendarYear": "2013",
        "period": "Q4",
        "revenue": 1602000000,
        "costOfRevenue": 618000000,
        "grossProfit": 984000000,
        "grossProfitRatio": 0.6142322097,
        "researchAndDevelopmentExpenses": 0,
        "generalAndAdministrativeExpenses": 561000000,
        "sellingAndMarketingExpenses": -206000000,
        "sellingGeneralAndAdministrativeExpenses": 355000000,
        "otherExpenses": 0,
        "operatingExpenses": 355000000,
        "costAndExpenses": 1383000000,
        "interestIncome": 0,
        "interestExpense": 148000000,
        "depreciationAndAmortization": 213000000,
        "ebitda": 376000000,
        "ebitdaratio": 0.2347066167,
        "operatingIncome": 219000000,
        "operatingIncomeRatio": 0.1367041199,
        "totalOtherIncomeExpensesNet": -206000000,
        "incomeBeforeTax": 13000000,
        "incomeBeforeTaxRatio": 0.0081148564,
        "incomeTaxExpense": 1000000,
        "netIncome": 14000000,
        "netIncomeRatio": 0.0087390762,
        "eps": 0.0594,
        "epsdiluted": 0.0594,
        "weightedAverageShsOut": 235635000,
        "weightedAverageShsOutDil": 235635000,
        "link": "https://www.sec.gov/Archives/edgar/data/794323/000079432314000005/0000794323-14-000005-index.htm",
        "finalLink": "https://www.sec.gov/Archives/edgar/data/794323/000079432314000005/lvlt-123113_10k.htm"
    },
    {
        "date": "2013-09-30",
        "symbol": "LVLT",
        "reportedCurrency": "USD",
        "cik": "0000794323",
        "fillingDate": "2013-11-05",
        "acceptedDate": "2013-11-05 16:18:38",
        "calendarYear": "2013",
        "period": "Q3",
        "revenue": 1569000000,
        "costOfRevenue": 608000000,
        "grossProfit": 961000000,
        "grossProfitRatio": 0.6124920331,
        "researchAndDevelopmentExpenses": 0,
        "generalAndAdministrativeExpenses": 606000000,
        "sellingAndMarketingExpenses": -159000000,
        "sellingGeneralAndAdministrativeExpenses": 447000000,
        "otherExpenses": 0,
        "operatingExpenses": 447000000,
        "costAndExpenses": 1417000000,
        "interestIncome": 0,
        "interestExpense": 165000000,
        "depreciationAndAmortization": 212000000,
        "ebitda": 370000000,
        "ebitdaratio": 0.235818993,
        "operatingIncome": 152000000,
        "operatingIncomeRatio": 0.0968769917,
        "totalOtherIncomeExpensesNet": -159000000,
        "incomeBeforeTax": -7000000,
        "incomeBeforeTaxRatio": -0.0044614404,
        "incomeTaxExpense": 14000000,
        "netIncome": -21000000,
        "netIncomeRatio": -0.0133843212,
        "eps": -0.0891,
        "epsdiluted": -0.0891,
        "weightedAverageShsOut": 235635000,
        "weightedAverageShsOutDil": 235635000,
        "link": "https://www.sec.gov/Archives/edgar/data/794323/000079432313000023/0000794323-13-000023-index.html",
        "finalLink": "https://www.sec.gov/Archives/edgar/data/794323/000079432313000023/lvlt-093013_10q.htm"
    },
    {
        "date": "2013-06-30",
        "symbol": "LVLT",
        "reportedCurrency": "USD",
        "cik": "0000794323",
        "fillingDate": "2013-08-06",
        "acceptedDate": "2013-08-06 16:29:04",
        "calendarYear": "2013",
        "period": "Q2",
        "revenue": 1565000000,
        "costOfRevenue": 616000000,
        "grossProfit": 949000000,
        "grossProfitRatio": 0.6063897764,
        "researchAndDevelopmentExpenses": 0,
        "generalAndAdministrativeExpenses": 610000000,
        "sellingAndMarketingExpenses": -153000000,
        "sellingGeneralAndAdministrativeExpenses": 457000000,
        "otherExpenses": 0,
        "operatingExpenses": 457000000,
        "costAndExpenses": 1425000000,
        "interestIncome": 0,
        "interestExpense": 167000000,
        "depreciationAndAmortization": 208000000,
        "ebitda": 362000000,
        "ebitdaratio": 0.2313099042,
        "operatingIncome": 140000000,
        "operatingIncomeRatio": 0.089456869,
        "totalOtherIncomeExpensesNet": -139000000,
        "incomeBeforeTax": 1000000,
        "incomeBeforeTaxRatio": 0.0006389776,
        "incomeTaxExpense": 11000000,
        "netIncome": -24000000,
        "netIncomeRatio": -0.0153354633,
        "eps": -0.1,
        "epsdiluted": -0.1,
        "weightedAverageShsOut": 235635000,
        "weightedAverageShsOutDil": 235635000,
        "link": "https://www.sec.gov/Archives/edgar/data/794323/000079432313000017/0000794323-13-000017-index.html",
        "finalLink": "https://www.sec.gov/Archives/edgar/data/794323/000079432313000017/lvlt-063013_10q.htm"
    },
    {
        "date": "2013-03-31",
        "symbol": "LVLT",
        "reportedCurrency": "USD",
        "cik": "0000794323",
        "fillingDate": "2013-05-07",
        "acceptedDate": "2013-05-07 16:44:52",
        "calendarYear": "2013",
        "period": "Q1",
        "revenue": 1577000000,
        "costOfRevenue": 629000000,
        "grossProfit": 948000000,
        "grossProfitRatio": 0.6011414077,
        "researchAndDevelopmentExpenses": 0,
        "generalAndAdministrativeExpenses": 599000000,
        "sellingAndMarketingExpenses": -219000000,
        "sellingGeneralAndAdministrativeExpenses": 380000000,
        "otherExpenses": 0,
        "operatingExpenses": 380000000,
        "costAndExpenses": 1422000000,
        "interestIncome": 0,
        "interestExpense": 169000000,
        "depreciationAndAmortization": 203000000,
        "ebitda": 308000000,
        "ebitdaratio": 0.195307546,
        "operatingIncome": 155000000,
        "operatingIncomeRatio": 0.0982878884,
        "totalOtherIncomeExpensesNet": -233000000,
        "incomeBeforeTax": -78000000,
        "incomeBeforeTaxRatio": -0.0494610019,
        "incomeTaxExpense": 0,
        "netIncome": -78000000,
        "netIncomeRatio": -0.0494610019,
        "eps": -0.33,
        "epsdiluted": -0.33,
        "weightedAverageShsOut": 235635000,
        "weightedAverageShsOutDil": 235635000,
        "link": "https://www.sec.gov/Archives/edgar/data/794323/000079432313000012/0000794323-13-000012-index.html",
        "finalLink": "https://www.sec.gov/Archives/edgar/data/794323/000079432313000012/lvlt-033113_10q.htm"
    },
    {
        "date": "2012-12-31",
        "symbol": "LVLT",
        "reportedCurrency": "USD",
        "cik": "0000794323",
        "fillingDate": "2013-02-26",
        "acceptedDate": "2013-02-26 16:34:38",
        "calendarYear": "2012",
        "period": "Q4",
        "revenue": 1614000000,
        "costOfRevenue": 655000000,
        "grossProfit": 959000000,
        "grossProfitRatio": 0.5941759603,
        "researchAndDevelopmentExpenses": 0,
        "generalAndAdministrativeExpenses": 565000000,
        "sellingAndMarketingExpenses": 0,
        "sellingGeneralAndAdministrativeExpenses": 565000000,
        "otherExpenses": 0,
        "operatingExpenses": 565000000,
        "costAndExpenses": 1426000000,
        "interestIncome": 0,
        "interestExpense": 175000000,
        "depreciationAndAmortization": 196000000,
        "ebitda": 328000000,
        "ebitdaratio": 0.2032218092,
        "operatingIncome": 188000000,
        "operatingIncomeRatio": 0.1164807931,
        "totalOtherIncomeExpensesNet": -231000000,
        "incomeBeforeTax": -43000000,
        "incomeBeforeTaxRatio": -0.0266418835,
        "incomeTaxExpense": 13000000,
        "netIncome": -56000000,
        "netIncomeRatio": -0.0346964064,
        "eps": -0.24,
        "epsdiluted": -0.24,
        "weightedAverageShsOut": 235635000,
        "weightedAverageShsOutDil": 235635000,
        "link": "https://www.sec.gov/Archives/edgar/data/794323/000079432313000003/0000794323-13-000003-index.html",
        "finalLink": "https://www.sec.gov/Archives/edgar/data/794323/000079432313000003/lvlt-123112_10k.htm"
    },
    {
        "date": "2012-09-30",
        "symbol": "LVLT",
        "reportedCurrency": "USD",
        "cik": "0000794323",
        "fillingDate": "2012-11-08",
        "acceptedDate": "2012-11-08 16:36:59",
        "calendarYear": "2012",
        "period": "Q3",
        "revenue": 1590000000,
        "costOfRevenue": 642000000,
        "grossProfit": 948000000,
        "grossProfitRatio": 0.5962264151,
        "researchAndDevelopmentExpenses": 0,
        "generalAndAdministrativeExpenses": 619000000,
        "sellingAndMarketingExpenses": 0,
        "sellingGeneralAndAdministrativeExpenses": 619000000,
        "otherExpenses": 0,
        "operatingExpenses": 619000000,
        "costAndExpenses": 1452000000,
        "interestIncome": 0,
        "interestExpense": 188000000,
        "depreciationAndAmortization": 197000000,
        "ebitda": 232000000,
        "ebitdaratio": 0.1459119497,
        "operatingIncome": 138000000,
        "operatingIncomeRatio": 0.0867924528,
        "totalOtherIncomeExpensesNet": -291000000,
        "incomeBeforeTax": -153000000,
        "incomeBeforeTaxRatio": -0.0962264151,
        "incomeTaxExpense": 13000000,
        "netIncome": -166000000,
        "netIncomeRatio": -0.1044025157,
        "eps": -0.77,
        "epsdiluted": -0.77,
        "weightedAverageShsOut": 214498000,
        "weightedAverageShsOutDil": 215356000,
        "link": "https://www.sec.gov/Archives/edgar/data/794323/000079432312000019/0000794323-12-000019-index.html",
        "finalLink": "https://www.sec.gov/Archives/edgar/data/794323/000079432312000019/lvlt-93012_10q.htm"
    },
    {
        "date": "2012-06-30",
        "symbol": "LVLT",
        "reportedCurrency": "USD",
        "cik": "0000794323",
        "fillingDate": "2012-08-06",
        "acceptedDate": "2012-08-06 17:00:28",
        "calendarYear": "2012",
        "period": "Q2",
        "revenue": 1586000000,
        "costOfRevenue": 648000000,
        "grossProfit": 938000000,
        "grossProfitRatio": 0.5914249685,
        "researchAndDevelopmentExpenses": 0,
        "generalAndAdministrativeExpenses": 610000000,
        "sellingAndMarketingExpenses": 0,
        "sellingGeneralAndAdministrativeExpenses": 610000000,
        "otherExpenses": 0,
        "operatingExpenses": 610000000,
        "costAndExpenses": 1453000000,
        "interestIncome": 0,
        "interestExpense": 181000000,
        "depreciationAndAmortization": 202000000,
        "ebitda": 329000000,
        "ebitdaratio": 0.2074401009,
        "operatingIncome": 133000000,
        "operatingIncomeRatio": 0.0838587642,
        "totalOtherIncomeExpensesNet": -173000000,
        "incomeBeforeTax": -40000000,
        "incomeBeforeTaxRatio": -0.025220681,
        "incomeTaxExpense": 8000000,
        "netIncome": -62000000,
        "netIncomeRatio": -0.0390920555,
        "eps": -0.29,
        "epsdiluted": -0.29,
        "weightedAverageShsOut": 213081000,
        "weightedAverageShsOutDil": 215356000,
        "link": "https://www.sec.gov/Archives/edgar/data/794323/000079432312000014/0000794323-12-000014-index.html",
        "finalLink": "https://www.sec.gov/Archives/edgar/data/794323/000079432312000014/lvlt-63012_10q.htm"
    },
    {
        "date": "2012-03-31",
        "symbol": "LVLT",
        "reportedCurrency": "USD",
        "cik": "0000794323",
        "fillingDate": "2012-05-08",
        "acceptedDate": "2012-05-08 16:24:44",
        "calendarYear": "2012",
        "period": "Q1",
        "revenue": 1586000000,
        "costOfRevenue": 657000000,
        "grossProfit": 929000000,
        "grossProfitRatio": 0.5857503153,
        "researchAndDevelopmentExpenses": 0,
        "generalAndAdministrativeExpenses": 622000000,
        "sellingAndMarketingExpenses": 0,
        "sellingGeneralAndAdministrativeExpenses": 622000000,
        "otherExpenses": 0,
        "operatingExpenses": 622000000,
        "costAndExpenses": 1470000000,
        "interestIncome": 0,
        "interestExpense": 189000000,
        "depreciationAndAmortization": 197000000,
        "ebitda": 262000000,
        "ebitdaratio": 0.1651954603,
        "operatingIncome": 116000000,
        "operatingIncomeRatio": 0.0731399748,
        "totalOtherIncomeExpensesNet": -254000000,
        "incomeBeforeTax": -138000000,
        "incomeBeforeTaxRatio": -0.0870113493,
        "incomeTaxExpense": 0,
        "netIncome": -138000000,
        "netIncomeRatio": -0.0870113493,
        "eps": -0.66,
        "epsdiluted": -0.66,
        "weightedAverageShsOut": 209759000,
        "weightedAverageShsOutDil": 209759000,
        "link": "https://www.sec.gov/Archives/edgar/data/794323/000079432312000008/0000794323-12-000008-index.htm",
        "finalLink": "https://www.sec.gov/Archives/edgar/data/794323/000079432312000008/lvlt-33112_10q.htm"
    },
    {
        "date": "2011-12-31",
        "symbol": "LVLT",
        "reportedCurrency": "USD",
        "cik": "0000794323",
        "fillingDate": "2012-02-28",
        "acceptedDate": "2012-02-27 19:24:49",
        "calendarYear": "2011",
        "period": "Q4",
        "revenue": 1525000000,
        "costOfRevenue": 608000000,
        "grossProfit": 917000000,
        "grossProfitRatio": 0.6013114754,
        "researchAndDevelopmentExpenses": 0,
        "generalAndAdministrativeExpenses": 670000000,
        "sellingAndMarketingExpenses": -275000000,
        "sellingGeneralAndAdministrativeExpenses": 395000000,
        "otherExpenses": 0,
        "operatingExpenses": 395000000,
        "costAndExpenses": 1479000000,
        "interestIncome": 0,
        "interestExpense": 221000000,
        "depreciationAndAmortization": 201000000,
        "ebitda": 264000000,
        "ebitdaratio": 0.1731147541,
        "operatingIncome": 46000000,
        "operatingIncomeRatio": 0.0301639344,
        "totalOtherIncomeExpensesNet": -275000000,
        "incomeBeforeTax": -229000000,
        "incomeBeforeTaxRatio": -0.1501639344,
        "incomeTaxExpense": 5000000,
        "netIncome": -163000000,
        "netIncomeRatio": -0.1068852459,
        "eps": -0.17,
        "epsdiluted": -0.17,
        "weightedAverageShsOut": 951166500,
        "weightedAverageShsOutDil": 951166500,
        "link": "https://www.sec.gov/Archives/edgar/data/794323/000079432312000003/0000794323-12-000003-index.html",
        "finalLink": "https://www.sec.gov/Archives/edgar/data/794323/000079432312000003/lvlt-123111_10k.htm"
    },
    {
        "date": "2011-09-30",
        "symbol": "LVLT",
        "reportedCurrency": "USD",
        "cik": "0000794323",
        "fillingDate": "2011-11-08",
        "acceptedDate": "2011-11-08 16:13:26",
        "calendarYear": "2011",
        "period": "Q3",
        "revenue": 947000000,
        "costOfRevenue": 360000000,
        "grossProfit": 587000000,
        "grossProfitRatio": 0.6198521647,
        "researchAndDevelopmentExpenses": 0,
        "generalAndAdministrativeExpenses": 375000000,
        "sellingAndMarketingExpenses": 0,
        "sellingGeneralAndAdministrativeExpenses": 375000000,
        "otherExpenses": 0,
        "operatingExpenses": 375000000,
        "costAndExpenses": 939000000,
        "interestIncome": 0,
        "interestExpense": 178000000,
        "depreciationAndAmortization": 222000000,
        "ebitda": 199000000,
        "ebitdaratio": 0.2101372756,
        "operatingIncome": 8000000,
        "operatingIncomeRatio": 0.0084477297,
        "totalOtherIncomeExpensesNet": -209000000,
        "incomeBeforeTax": -201000000,
        "incomeBeforeTaxRatio": -0.212249208,
        "incomeTaxExpense": 6000000,
        "netIncome": -207000000,
        "netIncomeRatio": -0.2185850053,
        "eps": -0.22,
        "epsdiluted": -0.22,
        "weightedAverageShsOut": 951166500,
        "weightedAverageShsOutDil": 951166500,
        "link": "https://www.sec.gov/Archives/edgar/data/794323/000079432311000003/0000794323-11-000003-index.html",
        "finalLink": "https://www.sec.gov/Archives/edgar/data/794323/000079432311000003/lvlt-093011_10q.htm"
    },
    {
        "date": "2011-06-30",
        "symbol": "LVLT",
        "reportedCurrency": "USD",
        "cik": "0000794323",
        "fillingDate": "2011-08-04",
        "acceptedDate": "2011-08-03 18:12:23",
        "calendarYear": "2011",
        "period": "Q2",
        "revenue": 932000000,
        "costOfRevenue": 366000000,
        "grossProfit": 566000000,
        "grossProfitRatio": 0.6072961373,
        "researchAndDevelopmentExpenses": 0,
        "generalAndAdministrativeExpenses": 357000000,
        "sellingAndMarketingExpenses": 0,
        "sellingGeneralAndAdministrativeExpenses": 357000000,
        "otherExpenses": 0,
        "operatingExpenses": 357000000,
        "costAndExpenses": 930000000,
        "interestIncome": 0,
        "interestExpense": 160000000,
        "depreciationAndAmortization": 221000000,
        "ebitda": 203000000,
        "ebitdaratio": 0.2178111588,
        "operatingIncome": 2000000,
        "operatingIncomeRatio": 0.0021459227,
        "totalOtherIncomeExpensesNet": -153000000,
        "incomeBeforeTax": -151000000,
        "incomeBeforeTaxRatio": -0.1620171674,
        "incomeTaxExpense": 3000000,
        "netIncome": -181000000,
        "netIncomeRatio": -0.1942060086,
        "eps": -0.11,
        "epsdiluted": -0.11,
        "weightedAverageShsOut": 1692574000,
        "weightedAverageShsOutDil": 1692574000,
        "link": "https://www.sec.gov/Archives/edgar/data/794323/000110465911043241/0001104659-11-043241-index.html",
        "finalLink": "https://www.sec.gov/Archives/edgar/data/794323/000110465911043241/a11-13954_110q.htm"
    },
    {
        "date": "2011-03-31",
        "symbol": "LVLT",
        "reportedCurrency": "USD",
        "cik": "0000794323",
        "fillingDate": "2011-05-06",
        "acceptedDate": "2011-05-06 16:15:53",
        "calendarYear": "2011",
        "period": "Q1",
        "revenue": 929000000,
        "costOfRevenue": 372000000,
        "grossProfit": 557000000,
        "grossProfitRatio": 0.5995694295,
        "researchAndDevelopmentExpenses": 0,
        "generalAndAdministrativeExpenses": 357000000,
        "sellingAndMarketingExpenses": 0,
        "sellingGeneralAndAdministrativeExpenses": 357000000,
        "otherExpenses": 0,
        "operatingExpenses": 357000000,
        "costAndExpenses": 933000000,
        "interestIncome": 0,
        "interestExpense": 157000000,
        "depreciationAndAmortization": 217000000,
        "ebitda": 196000000,
        "ebitdaratio": 0.2109795479,
        "operatingIncome": -205000000,
        "operatingIncomeRatio": -0.2206673843,
        "totalOtherIncomeExpensesNet": 0,
        "incomeBeforeTax": -205000000,
        "incomeBeforeTaxRatio": -0.2206673843,
        "incomeTaxExpense": 0,
        "netIncome": -205000000,
        "netIncomeRatio": -0.2206673843,
        "eps": -0.12,
        "epsdiluted": -0.12,
        "weightedAverageShsOut": 1681184000,
        "weightedAverageShsOutDil": 1681184000,
        "link": "https://www.sec.gov/Archives/edgar/data/794323/000110465911026849/0001104659-11-026849-index.html",
        "finalLink": "https://www.sec.gov/Archives/edgar/data/794323/000110465911026849/a11-9326_110q.htm"
    },
    {
        "date": "2010-12-31",
        "symbol": "LVLT",
        "reportedCurrency": "USD",
        "cik": "0000794323",
        "fillingDate": "2011-02-25",
        "acceptedDate": "2011-02-25 16:27:59",
        "calendarYear": "2010",
        "period": "Q4",
        "revenue": 921000000,
        "costOfRevenue": 365000000,
        "grossProfit": 556000000,
        "grossProfitRatio": 0.6036916395,
        "researchAndDevelopmentExpenses": 0,
        "generalAndAdministrativeExpenses": 347000000,
        "sellingAndMarketingExpenses": 0,
        "sellingGeneralAndAdministrativeExpenses": 347000000,
        "otherExpenses": 0,
        "operatingExpenses": 347000000,
        "costAndExpenses": 925000000,
        "interestIncome": 0,
        "interestExpense": 148000000,
        "depreciationAndAmortization": 228000000,
        "ebitda": 329000000,
        "ebitdaratio": 0.3572204126,
        "operatingIncome": 503000000,
        "operatingIncomeRatio": 0.546145494,
        "totalOtherIncomeExpensesNet": -552000000,
        "incomeBeforeTax": -49000000,
        "incomeBeforeTaxRatio": -0.0532030402,
        "incomeTaxExpense": 1000000,
        "netIncome": -48000000,
        "netIncomeRatio": -0.0521172638,
        "eps": -0.0289,
        "epsdiluted": -0.0289,
        "weightedAverageShsOut": 1660196000,
        "weightedAverageShsOutDil": 1660196000,
        "link": "https://www.sec.gov/Archives/edgar/data/794323/000104746911001410/0001047469-11-001410-index.htm",
        "finalLink": "https://www.sec.gov/Archives/edgar/data/794323/000104746911001410/a2202016z10-k.htm"
    },
    {
        "date": "2010-09-30",
        "symbol": "LVLT",
        "reportedCurrency": "USD",
        "cik": "0000794323",
        "fillingDate": "2010-11-05",
        "acceptedDate": "2010-11-05 16:59:07",
        "calendarYear": "2010",
        "period": "Q3",
        "revenue": 912000000,
        "costOfRevenue": 368000000,
        "grossProfit": 544000000,
        "grossProfitRatio": 0.5964912281,
        "researchAndDevelopmentExpenses": 0,
        "generalAndAdministrativeExpenses": 345000000,
        "sellingAndMarketingExpenses": 0,
        "sellingGeneralAndAdministrativeExpenses": 345000000,
        "otherExpenses": 0,
        "operatingExpenses": 345000000,
        "costAndExpenses": 929000000,
        "interestIncome": 0,
        "interestExpense": 144000000,
        "depreciationAndAmortization": 229000000,
        "ebitda": 211000000,
        "ebitdaratio": 0.2313596491,
        "operatingIncome": -499000000,
        "operatingIncomeRatio": -0.5471491228,
        "totalOtherIncomeExpensesNet": 337000000,
        "incomeBeforeTax": -162000000,
        "incomeBeforeTaxRatio": -0.1776315789,
        "incomeTaxExpense": 1000000,
        "netIncome": -163000000,
        "netIncomeRatio": -0.1787280702,
        "eps": -0.0984,
        "epsdiluted": -0.0984,
        "weightedAverageShsOut": 1657325000,
        "weightedAverageShsOutDil": 1657325000,
        "link": "https://www.sec.gov/Archives/edgar/data/794323/000110465910056587/0001104659-10-056587-index.html",
        "finalLink": "https://www.sec.gov/Archives/edgar/data/794323/000110465910056587/a10-17353_110q.htm"
    },
    {
        "date": "2010-06-30",
        "symbol": "LVLT",
        "reportedCurrency": "USD",
        "cik": "0000794323",
        "fillingDate": "2010-08-03",
        "acceptedDate": "2010-08-03 16:15:47",
        "calendarYear": "2010",
        "period": "Q2",
        "revenue": 1647802000,
        "costOfRevenue": 710842000,
        "grossProfit": 936960000,
        "grossProfitRatio": 0.5686120056,
        "researchAndDevelopmentExpenses": -49842000,
        "generalAndAdministrativeExpenses": 703384000,
        "sellingAndMarketingExpenses": -78060000,
        "sellingGeneralAndAdministrativeExpenses": 625324000,
        "otherExpenses": -78903000,
        "operatingExpenses": 496579000,
        "costAndExpenses": 1656421000,
        "interestIncome": 0,
        "interestExpense": 294000000,
        "depreciationAndAmortization": -743000000,
        "ebitda": -721631000,
        "ebitdaratio": -0.4379355044,
        "operatingIncome": 63000000,
        "operatingIncomeRatio": 0.0382327488,
        "totalOtherIncomeExpensesNet": -337000000,
        "incomeBeforeTax": -274000000,
        "incomeBeforeTaxRatio": -0.166282114,
        "incomeTaxExpense": 2369000,
        "netIncome": -275000000,
        "netIncomeRatio": -0.166888983,
        "eps": -0.17,
        "epsdiluted": -0.17,
        "weightedAverageShsOut": 1653743000,
        "weightedAverageShsOutDil": 1653743000,
        "link": "https://www.sec.gov/Archives/edgar/data/794323/000110465910041470/0001104659-10-041470-index.html",
        "finalLink": "https://www.sec.gov/Archives/edgar/data/794323/000110465910041470/a10-12703_110q.htm"
    },
    {
        "date": "2010-03-31",
        "symbol": "LVLT",
        "reportedCurrency": "USD",
        "cik": "0000794323",
        "fillingDate": "2010-05-07",
        "acceptedDate": "2010-05-07 16:16:52",
        "calendarYear": "2010",
        "period": "Q1",
        "revenue": 0,
        "costOfRevenue": 0,
        "grossProfit": 0,
        "grossProfitRatio": 0,
        "researchAndDevelopmentExpenses": 0,
        "generalAndAdministrativeExpenses": 0,
        "sellingAndMarketingExpenses": 0,
        "sellingGeneralAndAdministrativeExpenses": 0,
        "otherExpenses": -132000000,
        "operatingExpenses": -132000000,
        "costAndExpenses": -132000000,
        "interestIncome": 0,
        "interestExpense": 55000000,
        "depreciationAndAmortization": 225000000,
        "ebitda": 148000000,
        "ebitdaratio": 0,
        "operatingIncome": -132000000,
        "operatingIncomeRatio": 0,
        "totalOtherIncomeExpensesNet": 0,
        "incomeBeforeTax": -132000000,
        "incomeBeforeTaxRatio": 0,
        "incomeTaxExpense": 0,
        "netIncome": -132000000,
        "netIncomeRatio": 0,
        "eps": -0.0798,
        "epsdiluted": -0.0798,
        "weightedAverageShsOut": 1653743000,
        "weightedAverageShsOutDil": 1653743000,
        "link": "https://www.sec.gov/Archives/edgar/data/794323/000110465910026890/0001104659-10-026890-index.html",
        "finalLink": "https://www.sec.gov/Archives/edgar/data/794323/000110465910026890/a10-5855_110q.htm"
    },
    {
        "date": "2009-12-31",
        "symbol": "LVLT",
        "reportedCurrency": "USD",
        "cik": "0000794323",
        "fillingDate": "2010-02-26",
        "acceptedDate": "2010-02-26 17:09:08",
        "calendarYear": "2009",
        "period": "Q4",
        "revenue": 924000000,
        "costOfRevenue": 376000000,
        "grossProfit": 548000000,
        "grossProfitRatio": 0.5930735931,
        "researchAndDevelopmentExpenses": 0,
        "generalAndAdministrativeExpenses": 354000000,
        "sellingAndMarketingExpenses": 0,
        "sellingGeneralAndAdministrativeExpenses": 354000000,
        "otherExpenses": 0,
        "operatingExpenses": 354000000,
        "costAndExpenses": 967000000,
        "interestIncome": 0,
        "interestExpense": 150000000,
        "depreciationAndAmortization": 236000000,
        "ebitda": 207000000,
        "ebitdaratio": 0.224025974,
        "operatingIncome": -43000000,
        "operatingIncomeRatio": -0.0465367965,
        "totalOtherIncomeExpensesNet": -142000000,
        "incomeBeforeTax": -185000000,
        "incomeBeforeTaxRatio": -0.2002164502,
        "incomeTaxExpense": 3000000,
        "netIncome": -182000000,
        "netIncomeRatio": -0.196969697,
        "eps": -0.11,
        "epsdiluted": -0.11,
        "weightedAverageShsOut": 1630339000,
        "weightedAverageShsOutDil": 1630339000,
        "link": "https://www.sec.gov/Archives/edgar/data/794323/000104746910001553/0001047469-10-001553-index.html",
        "finalLink": "https://www.sec.gov/Archives/edgar/data/794323/000104746910001553/a2196706z10-k.htm"
    },
    {
        "date": "2009-09-30",
        "symbol": "LVLT",
        "reportedCurrency": "USD",
        "cik": "0000794323",
        "fillingDate": "2009-11-06",
        "acceptedDate": "2009-11-06 16:02:29",
        "calendarYear": "2009",
        "period": "Q3",
        "revenue": 916000000,
        "costOfRevenue": 387000000,
        "grossProfit": 529000000,
        "grossProfitRatio": 0.577510917,
        "researchAndDevelopmentExpenses": 0,
        "generalAndAdministrativeExpenses": 325000000,
        "sellingAndMarketingExpenses": 0,
        "sellingGeneralAndAdministrativeExpenses": 325000000,
        "otherExpenses": 0,
        "operatingExpenses": 325000000,
        "costAndExpenses": 942000000,
        "interestIncome": 0,
        "interestExpense": 147000000,
        "depreciationAndAmortization": 229000000,
        "ebitda": 204000000,
        "ebitdaratio": 0.2227074236,
        "operatingIncome": -26000000,
        "operatingIncomeRatio": -0.0283842795,
        "totalOtherIncomeExpensesNet": -142000000,
        "incomeBeforeTax": -168000000,
        "incomeBeforeTaxRatio": -0.1834061135,
        "incomeTaxExpense": -2000000,
        "netIncome": -170000000,
        "netIncomeRatio": -0.1855895197,
        "eps": -0.1,
        "epsdiluted": -0.1,
        "weightedAverageShsOut": 1630339000,
        "weightedAverageShsOutDil": 1630339000,
        "link": "https://www.sec.gov/Archives/edgar/data/794323/000110465909063347/0001104659-09-063347-index.html",
        "finalLink": "https://www.sec.gov/Archives/edgar/data/794323/000110465909063347/a09-30895_110q.htm"
    },
    {
        "date": "2009-06-30",
        "symbol": "LVLT",
        "reportedCurrency": "USD",
        "cik": "0000794323",
        "fillingDate": "2009-08-07",
        "acceptedDate": "2009-08-07 16:56:30",
        "calendarYear": "2009",
        "period": "Q2",
        "revenue": 1922000000,
        "costOfRevenue": 802000000,
        "grossProfit": 1120000000,
        "grossProfitRatio": 0.5827263267,
        "researchAndDevelopmentExpenses": 0,
        "generalAndAdministrativeExpenses": 659000000,
        "sellingAndMarketingExpenses": 0,
        "sellingGeneralAndAdministrativeExpenses": 659000000,
        "otherExpenses": 0,
        "operatingExpenses": 659000000,
        "costAndExpenses": 1918000000,
        "interestIncome": 0,
        "interestExpense": 243000000,
        "depreciationAndAmortization": 228000000,
        "ebitda": 335000000,
        "ebitdaratio": 0.1742976067,
        "operatingIncome": 136000000,
        "operatingIncomeRatio": 0.0707596254,
        "totalOtherIncomeExpensesNet": -268000000,
        "incomeBeforeTax": -132000000,
        "incomeBeforeTaxRatio": -0.0686784599,
        "incomeTaxExpense": -2000000,
        "netIncome": -134000000,
        "netIncomeRatio": -0.0697190427,
        "eps": -0.0806,
        "epsdiluted": -0.0806,
        "weightedAverageShsOut": 1662500000,
        "weightedAverageShsOutDil": 1662500000,
        "link": "https://www.sec.gov/Archives/edgar/data/794323/000110465909048275/0001104659-09-048275-index.html",
        "finalLink": "https://www.sec.gov/Archives/edgar/data/794323/000110465909048275/a09-18534_110q.htm"
    },
    {
        "date": "2009-03-31",
        "symbol": "LVLT",
        "reportedCurrency": "USD",
        "cik": "0000794323",
        "fillingDate": "2009-05-08",
        "acceptedDate": "2009-05-08 16:39:47",
        "calendarYear": "2009",
        "period": "Q1",
        "revenue": 0,
        "costOfRevenue": 0,
        "grossProfit": 0,
        "grossProfitRatio": 0,
        "researchAndDevelopmentExpenses": 0,
        "generalAndAdministrativeExpenses": 0,
        "sellingAndMarketingExpenses": 0,
        "sellingGeneralAndAdministrativeExpenses": 0,
        "otherExpenses": -132000000,
        "operatingExpenses": -132000000,
        "costAndExpenses": -132000000,
        "interestIncome": 0,
        "interestExpense": 55000000,
        "depreciationAndAmortization": 222000000,
        "ebitda": 145000000,
        "ebitdaratio": 0,
        "operatingIncome": -132000000,
        "operatingIncomeRatio": 0,
        "totalOtherIncomeExpensesNet": 0,
        "incomeBeforeTax": -132000000,
        "incomeBeforeTaxRatio": 0,
        "incomeTaxExpense": 0,
        "netIncome": -132000000,
        "netIncomeRatio": 0,
        "eps": -0.0794,
        "epsdiluted": -0.0794,
        "weightedAverageShsOut": 1662500000,
        "weightedAverageShsOutDil": 1662500000,
        "link": "https://www.sec.gov/Archives/edgar/data/794323/000110465909031091/0001104659-09-031091-index.html",
        "finalLink": "https://www.sec.gov/Archives/edgar/data/794323/000110465909031091/a09-11129_110q.htm"
    },
    {
        "date": "2008-12-31",
        "symbol": "LVLT",
        "reportedCurrency": "USD",
        "cik": "0000794323",
        "fillingDate": "2009-02-27",
        "acceptedDate": "2009-02-27 16:58:40",
        "calendarYear": "2008",
        "period": "Q4",
        "revenue": 1049000000,
        "costOfRevenue": 430000000,
        "grossProfit": 619000000,
        "grossProfitRatio": 0.590085796,
        "researchAndDevelopmentExpenses": 0,
        "generalAndAdministrativeExpenses": 301000000,
        "sellingAndMarketingExpenses": 0,
        "sellingGeneralAndAdministrativeExpenses": 301000000,
        "otherExpenses": 0,
        "operatingExpenses": 301000000,
        "costAndExpenses": 967000000,
        "interestIncome": 0,
        "interestExpense": 134000000,
        "depreciationAndAmortization": -707000000,
        "ebitda": -531000000,
        "ebitdaratio": -0.5061963775,
        "operatingIncome": 82000000,
        "operatingIncomeRatio": 0.0781696854,
        "totalOtherIncomeExpensesNet": -36000000,
        "incomeBeforeTax": 46000000,
        "incomeBeforeTaxRatio": 0.0438512869,
        "incomeTaxExpense": -2000000,
        "netIncome": 44000000,
        "netIncomeRatio": 0.0419447092,
        "eps": 0.0284,
        "epsdiluted": 0.0284,
        "weightedAverageShsOut": 1551151000,
        "weightedAverageShsOutDil": 1551151000,
        "link": "https://www.sec.gov/Archives/edgar/data/794323/000104746909002002/0001047469-09-002002-index.html",
        "finalLink": "https://www.sec.gov/Archives/edgar/data/794323/000104746909002002/a2190910z10-k.htm"
    },
    {
        "date": "2008-09-30",
        "symbol": "LVLT",
        "reportedCurrency": "USD",
        "cik": "0000794323",
        "fillingDate": "2008-11-10",
        "acceptedDate": "2008-11-07 18:43:05",
        "calendarYear": "2008",
        "period": "Q3",
        "revenue": 1070000000,
        "costOfRevenue": 444000000,
        "grossProfit": 626000000,
        "grossProfitRatio": 0.585046729,
        "researchAndDevelopmentExpenses": 0,
        "generalAndAdministrativeExpenses": 387000000,
        "sellingAndMarketingExpenses": 0,
        "sellingGeneralAndAdministrativeExpenses": 387000000,
        "otherExpenses": 0,
        "operatingExpenses": 387000000,
        "costAndExpenses": 1066000000,
        "interestIncome": 0,
        "interestExpense": 133000000,
        "depreciationAndAmortization": 233000000,
        "ebitda": 246000000,
        "ebitdaratio": 0.2299065421,
        "operatingIncome": 159000000,
        "operatingIncomeRatio": 0.1485981308,
        "totalOtherIncomeExpensesNet": -279000000,
        "incomeBeforeTax": -120000000,
        "incomeBeforeTaxRatio": -0.1121495327,
        "incomeTaxExpense": 0,
        "netIncome": -120000000,
        "netIncomeRatio": -0.1121495327,
        "eps": -0.0774,
        "epsdiluted": -0.0774,
        "weightedAverageShsOut": 1551151000,
        "weightedAverageShsOutDil": 1551151000,
        "link": "https://www.sec.gov/Archives/edgar/data/794323/000110465908069317/0001104659-08-069317-index.html",
        "finalLink": "https://www.sec.gov/Archives/edgar/data/794323/000110465908069317/a08-25432_110q.htm"
    },
    {
        "date": "2008-06-30",
        "symbol": "LVLT",
        "reportedCurrency": "USD",
        "cik": "0000794323",
        "fillingDate": "2008-08-11",
        "acceptedDate": "2008-08-11 13:22:34",
        "calendarYear": "2008",
        "period": "Q2",
        "revenue": 2182000000,
        "costOfRevenue": 935000000,
        "grossProfit": 1247000000,
        "grossProfitRatio": 0.5714940422,
        "researchAndDevelopmentExpenses": 0,
        "generalAndAdministrativeExpenses": 816000000,
        "sellingAndMarketingExpenses": 0,
        "sellingGeneralAndAdministrativeExpenses": 816000000,
        "otherExpenses": 0,
        "operatingExpenses": 816000000,
        "costAndExpenses": 2236000000,
        "interestIncome": 0,
        "interestExpense": 227000000,
        "depreciationAndAmortization": 234000000,
        "ebitda": 424000000,
        "ebitdaratio": 0.1943171402,
        "operatingIncome": -209000000,
        "operatingIncomeRatio": -0.0957836847,
        "totalOtherIncomeExpensesNet": 180000000,
        "incomeBeforeTax": -29000000,
        "incomeBeforeTaxRatio": -0.0132905591,
        "incomeTaxExpense": -4000000,
        "netIncome": -33000000,
        "netIncomeRatio": -0.0151237397,
        "eps": -0.0213,
        "epsdiluted": -0.0213,
        "weightedAverageShsOut": 1547325000,
        "weightedAverageShsOutDil": 1547325000,
        "link": "https://www.sec.gov/Archives/edgar/data/794323/000110465908051767/0001104659-08-051767-index.html",
        "finalLink": "https://www.sec.gov/Archives/edgar/data/794323/000110465908051767/a08-18739_110q.htm"
    },
    {
        "date": "2008-03-31",
        "symbol": "LVLT",
        "reportedCurrency": "USD",
        "cik": "0000794323",
        "fillingDate": "2008-05-12",
        "acceptedDate": "2008-05-12 14:27:29",
        "calendarYear": "2008",
        "period": "Q1",
        "revenue": 0,
        "costOfRevenue": 0,
        "grossProfit": 0,
        "grossProfitRatio": 0,
        "researchAndDevelopmentExpenses": 0,
        "generalAndAdministrativeExpenses": 1000000,
        "sellingAndMarketingExpenses": 0,
        "sellingGeneralAndAdministrativeExpenses": 1000000,
        "otherExpenses": 0,
        "operatingExpenses": 1000000,
        "costAndExpenses": 1000000,
        "interestIncome": 0,
        "interestExpense": 40000000,
        "depreciationAndAmortization": 240000000,
        "ebitda": 99000000,
        "ebitdaratio": 0,
        "operatingIncome": -1000000,
        "operatingIncomeRatio": 0,
        "totalOtherIncomeExpensesNet": -180000000,
        "incomeBeforeTax": -181000000,
        "incomeBeforeTaxRatio": 0,
        "incomeTaxExpense": 0,
        "netIncome": -181000000,
        "netIncomeRatio": 0,
        "eps": -0.12,
        "epsdiluted": -0.12,
        "weightedAverageShsOut": 1547325000,
        "weightedAverageShsOutDil": 1547325000,
        "link": "https://www.sec.gov/Archives/edgar/data/794323/000110465908032322/0001104659-08-032322-index.html",
        "finalLink": "https://www.sec.gov/Archives/edgar/data/794323/000110465908032322/a08-11355_110q.htm"
    },
    {
        "date": "2007-12-31",
        "symbol": "LVLT",
        "reportedCurrency": "USD",
        "cik": "0000794323",
        "fillingDate": "2008-02-29",
        "acceptedDate": "2008-02-29 16:17:17",
        "calendarYear": "2007",
        "period": "Q4",
        "revenue": 0,
        "costOfRevenue": 0,
        "grossProfit": 0,
        "grossProfitRatio": 0,
        "researchAndDevelopmentExpenses": 0,
        "generalAndAdministrativeExpenses": 3000000,
        "sellingAndMarketingExpenses": 0,
        "sellingGeneralAndAdministrativeExpenses": 3000000,
        "otherExpenses": 0,
        "operatingExpenses": 3000000,
        "costAndExpenses": 3000000,
        "interestIncome": 0,
        "interestExpense": 202000000,
        "depreciationAndAmortization": 225000000,
        "ebitda": -687000000,
        "ebitdaratio": 0,
        "operatingIncome": -3000000,
        "operatingIncomeRatio": 0,
        "totalOtherIncomeExpensesNet": -1111000000,
        "incomeBeforeTax": -1114000000,
        "incomeBeforeTaxRatio": 0,
        "incomeTaxExpense": 0,
        "netIncome": -1114000000,
        "netIncomeRatio": 0,
        "eps": -0.74,
        "epsdiluted": -0.74,
        "weightedAverageShsOut": 1504412000,
        "weightedAverageShsOutDil": 1504412000,
        "link": "https://www.sec.gov/Archives/edgar/data/794323/000104746908002075/0001047469-08-002075-index.htm",
        "finalLink": "https://www.sec.gov/Archives/edgar/data/794323/000104746908002075/a2182924z10-k.htm"
    },
    {
        "date": "2007-09-30",
        "symbol": "LVLT",
        "reportedCurrency": "USD",
        "cik": "0000794323",
        "fillingDate": "2007-11-09",
        "acceptedDate": "2007-11-09 13:44:01",
        "calendarYear": "2007",
        "period": "Q3",
        "revenue": 1061000000,
        "costOfRevenue": 454000000,
        "grossProfit": 607000000,
        "grossProfitRatio": 0.5721017908,
        "researchAndDevelopmentExpenses": 0,
        "generalAndAdministrativeExpenses": 415000000,
        "sellingAndMarketingExpenses": 0,
        "sellingGeneralAndAdministrativeExpenses": 415000000,
        "otherExpenses": 0,
        "operatingExpenses": 415000000,
        "costAndExpenses": 1119000000,
        "interestIncome": 0,
        "interestExpense": 138000000,
        "depreciationAndAmortization": 249000000,
        "ebitda": 215000000,
        "ebitdaratio": 0.2026390198,
        "operatingIncome": -174000000,
        "operatingIncomeRatio": -0.16399623,
        "totalOtherIncomeExpensesNet": -4000000,
        "incomeBeforeTax": -178000000,
        "incomeBeforeTaxRatio": -0.1677662582,
        "incomeTaxExpense": 2000000,
        "netIncome": -174000000,
        "netIncomeRatio": -0.16399623,
        "eps": -0.12,
        "epsdiluted": -0.12,
        "weightedAverageShsOut": 1504412000,
        "weightedAverageShsOutDil": 1504412000,
        "link": "https://www.sec.gov/Archives/edgar/data/794323/000110465907081656/0001104659-07-081656-index.html",
        "finalLink": "https://www.sec.gov/Archives/edgar/data/794323/000110465907081656/a07-25606_110q.htm"
    },
    {
        "date": "2007-06-30",
        "symbol": "LVLT",
        "reportedCurrency": "USD",
        "cik": "0000794323",
        "fillingDate": "2007-08-09",
        "acceptedDate": "2007-08-09 14:19:36",
        "calendarYear": "2007",
        "period": "Q2",
        "revenue": 2108000000,
        "costOfRevenue": 920000000,
        "grossProfit": 1188000000,
        "grossProfitRatio": 0.5635673624,
        "researchAndDevelopmentExpenses": 0,
        "generalAndAdministrativeExpenses": 866000000,
        "sellingAndMarketingExpenses": 0,
        "sellingGeneralAndAdministrativeExpenses": 866000000,
        "otherExpenses": 0,
        "operatingExpenses": 866000000,
        "costAndExpenses": 2260000000,
        "interestIncome": 0,
        "interestExpense": 220000000,
        "depreciationAndAmortization": 468000000,
        "ebitda": 484000000,
        "ebitdaratio": 0.229601518,
        "operatingIncome": -847000000,
        "operatingIncomeRatio": -0.4018026565,
        "totalOtherIncomeExpensesNet": 647000000,
        "incomeBeforeTax": -200000000,
        "incomeBeforeTaxRatio": -0.0948766603,
        "incomeTaxExpense": -2000000,
        "netIncome": -202000000,
        "netIncomeRatio": -0.0958254269,
        "eps": -0.14,
        "epsdiluted": -0.14,
        "weightedAverageShsOut": 1489474000,
        "weightedAverageShsOutDil": 1489474000,
        "link": "https://www.sec.gov/Archives/edgar/data/794323/000110465907060746/0001104659-07-060746-index.html",
        "finalLink": "https://www.sec.gov/Archives/edgar/data/794323/000110465907060746/a07-18916_110q.htm"
    },
    {
        "date": "2007-03-31",
        "symbol": "LVLT",
        "reportedCurrency": "USD",
        "cik": "0000794323",
        "fillingDate": "2007-05-10",
        "acceptedDate": "2007-05-10 15:52:40",
        "calendarYear": "2007",
        "period": "Q1",
        "revenue": 0,
        "costOfRevenue": 0,
        "grossProfit": 0,
        "grossProfitRatio": 0,
        "researchAndDevelopmentExpenses": 0,
        "generalAndAdministrativeExpenses": 2000000,
        "sellingAndMarketingExpenses": 0,
        "sellingGeneralAndAdministrativeExpenses": 2000000,
        "otherExpenses": 0,
        "operatingExpenses": 2000000,
        "costAndExpenses": 2000000,
        "interestIncome": 0,
        "interestExpense": 83000000,
        "depreciationAndAmortization": -562000000,
        "ebitda": -564000000,
        "ebitdaratio": 0,
        "operatingIncome": -2000000,
        "operatingIncomeRatio": 0,
        "totalOtherIncomeExpensesNet": -645000000,
        "incomeBeforeTax": -647000000,
        "incomeBeforeTaxRatio": 0,
        "incomeTaxExpense": 0,
        "netIncome": -647000000,
        "netIncomeRatio": 0,
        "eps": -0.43,
        "epsdiluted": -0.43,
        "weightedAverageShsOut": 1489474000,
        "weightedAverageShsOutDil": 1489474000,
        "link": "https://www.sec.gov/Archives/edgar/data/794323/000110465907038266/0001104659-07-038266-index.html",
        "finalLink": "https://www.sec.gov/Archives/edgar/data/794323/000110465907038266/a07-10884_110q.htm"
    },
    {
        "date": "2006-12-31",
        "symbol": "LVLT",
        "reportedCurrency": "USD",
        "cik": "0000794323",
        "fillingDate": "2007-03-01",
        "acceptedDate": "2007-03-01 17:19:59",
        "calendarYear": "2006",
        "period": "Q4",
        "revenue": 0,
        "costOfRevenue": 0,
        "grossProfit": 0,
        "grossProfitRatio": 0,
        "researchAndDevelopmentExpenses": 0,
        "generalAndAdministrativeExpenses": 6000000,
        "sellingAndMarketingExpenses": 0,
        "sellingGeneralAndAdministrativeExpenses": 6000000,
        "otherExpenses": 0,
        "operatingExpenses": 6000000,
        "costAndExpenses": 6000000,
        "interestIncome": 0,
        "interestExpense": 432000000,
        "depreciationAndAmortization": 730000000,
        "ebitda": 418000000,
        "ebitdaratio": 0,
        "operatingIncome": -6000000,
        "operatingIncomeRatio": 0,
        "totalOtherIncomeExpensesNet": -738000000,
        "incomeBeforeTax": -744000000,
        "incomeBeforeTaxRatio": 0,
        "incomeTaxExpense": 0,
        "netIncome": -744000000,
        "netIncomeRatio": 0,
        "eps": -0.87,
        "epsdiluted": -0.87,
        "weightedAverageShsOut": 859322000,
        "weightedAverageShsOutDil": 859322000,
        "link": "https://www.sec.gov/Archives/edgar/data/794323/000110465907015635/0001104659-07-015635-index.htm",
        "finalLink": "https://www.sec.gov/Archives/edgar/data/794323/000110465907015635/a07-5428_110k.htm"
    },
    {
        "date": "2006-09-30",
        "symbol": "LVLT",
        "reportedCurrency": "USD",
        "cik": "0000794323",
        "fillingDate": "2006-11-09",
        "acceptedDate": "2006-11-09 17:23:52",
        "calendarYear": "2006",
        "period": "Q3",
        "revenue": 2532000000,
        "costOfRevenue": 1193000000,
        "grossProfit": 1339000000,
        "grossProfitRatio": 0.5288309637,
        "researchAndDevelopmentExpenses": 0,
        "generalAndAdministrativeExpenses": 893000000,
        "sellingAndMarketingExpenses": 0,
        "sellingGeneralAndAdministrativeExpenses": 893000000,
        "otherExpenses": 0,
        "operatingExpenses": 893000000,
        "costAndExpenses": 2632000000,
        "interestIncome": 0,
        "interestExpense": 481000000,
        "depreciationAndAmortization": 76000000,
        "ebitda": -24000000,
        "ebitdaratio": -0.009478673,
        "operatingIncome": -100000000,
        "operatingIncomeRatio": -0.0394944708,
        "totalOtherIncomeExpensesNet": -455000000,
        "incomeBeforeTax": -555000000,
        "incomeBeforeTaxRatio": -0.2191943128,
        "incomeTaxExpense": 2000000,
        "netIncome": -507000000,
        "netIncomeRatio": -0.2002369668,
        "eps": -0.59,
        "epsdiluted": -0.59,
        "weightedAverageShsOut": 859322000,
        "weightedAverageShsOutDil": 859322000,
        "link": "https://www.sec.gov/Archives/edgar/data/794323/000110465906073762/0001104659-06-073762-index.htm",
        "finalLink": "https://www.sec.gov/Archives/edgar/data/794323/000110465906073762/a06-21747_110q.htm"
    },
    {
        "date": "2006-06-30",
        "symbol": "LVLT",
        "reportedCurrency": "USD",
        "cik": "0000794323",
        "fillingDate": "2006-08-09",
        "acceptedDate": "2006-08-09 15:04:19",
        "calendarYear": "2006",
        "period": "Q2",
        "revenue": 1530000000,
        "costOfRevenue": 1026000000,
        "grossProfit": 504000000,
        "grossProfitRatio": 0.3294117647,
        "researchAndDevelopmentExpenses": 0,
        "generalAndAdministrativeExpenses": 326000000,
        "sellingAndMarketingExpenses": 0,
        "sellingGeneralAndAdministrativeExpenses": 326000000,
        "otherExpenses": 0,
        "operatingExpenses": 326000000,
        "costAndExpenses": 1526000000,
        "interestIncome": 0,
        "interestExpense": 170000000,
        "depreciationAndAmortization": -38000000,
        "ebitda": -34000000,
        "ebitdaratio": -0.0222222222,
        "operatingIncome": 4000000,
        "operatingIncomeRatio": 0.0026143791,
        "totalOtherIncomeExpensesNet": -202000000,
        "incomeBeforeTax": -198000000,
        "incomeBeforeTaxRatio": -0.1294117647,
        "incomeTaxExpense": -3000000,
        "netIncome": -201000000,
        "netIncomeRatio": -0.131372549,
        "eps": -0.23,
        "epsdiluted": -0.23,
        "weightedAverageShsOut": 858140000,
        "weightedAverageShsOutDil": 858140000,
        "link": "https://www.sec.gov/Archives/edgar/data/794323/000110465906053043/0001104659-06-053043-index.htm",
        "finalLink": "https://www.sec.gov/Archives/edgar/data/794323/000110465906053043/a06-15412_110q.htm"
    },
    {
        "date": "2006-03-31",
        "symbol": "LVLT",
        "reportedCurrency": "USD",
        "cik": "0000794323",
        "fillingDate": "2006-05-10",
        "acceptedDate": "2006-05-10 16:36:38",
        "calendarYear": "2006",
        "period": "Q1",
        "revenue": 1267000000,
        "costOfRevenue": 817000000,
        "grossProfit": 450000000,
        "grossProfitRatio": 0.3551696922,
        "researchAndDevelopmentExpenses": 0,
        "generalAndAdministrativeExpenses": 313000000,
        "sellingAndMarketingExpenses": 0,
        "sellingGeneralAndAdministrativeExpenses": 313000000,
        "otherExpenses": 0,
        "operatingExpenses": 313000000,
        "costAndExpenses": 1325000000,
        "interestIncome": 0,
        "interestExpense": 150000000,
        "depreciationAndAmortization": 40000000,
        "ebitda": -18000000,
        "ebitdaratio": -0.0142067877,
        "operatingIncome": -58000000,
        "operatingIncomeRatio": -0.045777427,
        "totalOtherIncomeExpensesNet": -110000000,
        "incomeBeforeTax": -168000000,
        "incomeBeforeTaxRatio": -0.1325966851,
        "incomeTaxExpense": 0,
        "netIncome": -168000000,
        "netIncomeRatio": -0.1325966851,
        "eps": -0.2,
        "epsdiluted": -0.2,
        "weightedAverageShsOut": 840000000,
        "weightedAverageShsOutDil": 840000000,
        "link": "https://www.sec.gov/Archives/edgar/data/794323/000110465906033348/0001104659-06-033348-index.htm",
        "finalLink": "https://www.sec.gov/Archives/edgar/data/794323/000110465906033348/a06-9513_110q.htm"
    },
    {
        "date": "2005-12-31",
        "symbol": "LVLT",
        "reportedCurrency": "USD",
        "cik": "0000794323",
        "fillingDate": "2006-03-02",
        "acceptedDate": "2006-03-02 17:23:02",
        "calendarYear": "2005",
        "period": "Q4",
        "revenue": 0,
        "costOfRevenue": 0,
        "grossProfit": 0,
        "grossProfitRatio": 0,
        "researchAndDevelopmentExpenses": 0,
        "generalAndAdministrativeExpenses": 4000000,
        "sellingAndMarketingExpenses": 0,
        "sellingGeneralAndAdministrativeExpenses": 4000000,
        "otherExpenses": 0,
        "operatingExpenses": 4000000,
        "costAndExpenses": 4000000,
        "interestIncome": 0,
        "interestExpense": 390000000,
        "depreciationAndAmortization": 157000000,
        "ebitda": -91000000,
        "ebitdaratio": 0,
        "operatingIncome": -4000000,
        "operatingIncomeRatio": 0,
        "totalOtherIncomeExpensesNet": -634000000,
        "incomeBeforeTax": -638000000,
        "incomeBeforeTaxRatio": 0,
        "incomeTaxExpense": 0,
        "netIncome": -638000000,
        "netIncomeRatio": 0,
        "eps": -0.76,
        "epsdiluted": -0.76,
        "weightedAverageShsOut": 840000000,
        "weightedAverageShsOutDil": 840000000,
        "link": "https://www.sec.gov/Archives/edgar/data/794323/000104746906002775/0001047469-06-002775-index.htm",
        "finalLink": "https://www.sec.gov/Archives/edgar/data/794323/000104746906002775/a2167821z10-k.htm"
    },
    {
        "date": "2005-09-30",
        "symbol": "LVLT",
        "reportedCurrency": "USD",
        "cik": "0000794323",
        "fillingDate": "2005-11-09",
        "acceptedDate": "2005-11-09 13:21:36",
        "calendarYear": "2005",
        "period": "Q3",
        "revenue": 0,
        "costOfRevenue": 0,
        "grossProfit": 0,
        "grossProfitRatio": 0,
        "researchAndDevelopmentExpenses": 0,
        "generalAndAdministrativeExpenses": 3000000,
        "sellingAndMarketingExpenses": 0,
        "sellingGeneralAndAdministrativeExpenses": 3000000,
        "otherExpenses": 0,
        "operatingExpenses": 3000000,
        "costAndExpenses": 3000000,
        "interestIncome": 0,
        "interestExpense": 102000000,
        "depreciationAndAmortization": 163000000,
        "ebitda": 94000000,
        "ebitdaratio": 0,
        "operatingIncome": -3000000,
        "operatingIncomeRatio": 0,
        "totalOtherIncomeExpensesNet": -168000000,
        "incomeBeforeTax": -171000000,
        "incomeBeforeTaxRatio": 0,
        "incomeTaxExpense": 0,
        "netIncome": -171000000,
        "netIncomeRatio": 0,
        "eps": -0.25,
        "epsdiluted": -0.25,
        "weightedAverageShsOut": 697368000,
        "weightedAverageShsOutDil": 697368000,
        "link": "https://www.sec.gov/Archives/edgar/data/794323/000110465905053921/0001104659-05-053921-index.htm",
        "finalLink": "https://www.sec.gov/Archives/edgar/data/794323/000110465905053921/a05-18237_110q.htm"
    },
    {
        "date": "2005-06-30",
        "symbol": "LVLT",
        "reportedCurrency": "USD",
        "cik": "0000794323",
        "fillingDate": "2005-08-09",
        "acceptedDate": "2005-08-09 14:12:37",
        "calendarYear": "2005",
        "period": "Q2",
        "revenue": 1920000000,
        "costOfRevenue": 1159000000,
        "grossProfit": 761000000,
        "grossProfitRatio": 0.3963541667,
        "researchAndDevelopmentExpenses": 0,
        "generalAndAdministrativeExpenses": 441000000,
        "sellingAndMarketingExpenses": 0,
        "sellingGeneralAndAdministrativeExpenses": 441000000,
        "otherExpenses": 0,
        "operatingExpenses": 441000000,
        "costAndExpenses": 1956000000,
        "interestIncome": 0,
        "interestExpense": 172000000,
        "depreciationAndAmortization": 166000000,
        "ebitda": 147000000,
        "ebitdaratio": 0.0765625,
        "operatingIncome": -260000000,
        "operatingIncomeRatio": -0.1354166667,
        "totalOtherIncomeExpensesNet": 75000000,
        "incomeBeforeTax": -185000000,
        "incomeBeforeTaxRatio": -0.0963541667,
        "incomeTaxExpense": -3000000,
        "netIncome": -188000000,
        "netIncomeRatio": -0.0979166667,
        "eps": -0.27,
        "epsdiluted": -0.27,
        "weightedAverageShsOut": 697368000,
        "weightedAverageShsOutDil": 697368000,
        "link": "https://www.sec.gov/Archives/edgar/data/794323/000110465905037761/0001104659-05-037761-index.htm",
        "finalLink": "https://www.sec.gov/Archives/edgar/data/794323/000110465905037761/a05-12915_110q.htm"
    },
    {
        "date": "2005-03-31",
        "symbol": "LVLT",
        "reportedCurrency": "USD",
        "cik": "0000794323",
        "fillingDate": "2005-05-10",
        "acceptedDate": "2005-05-10 12:06:36",
        "calendarYear": "2005",
        "period": "Q1",
        "revenue": 0,
        "costOfRevenue": 0,
        "grossProfit": 0,
        "grossProfitRatio": 0,
        "researchAndDevelopmentExpenses": 0,
        "generalAndAdministrativeExpenses": 2000000,
        "sellingAndMarketingExpenses": 0,
        "sellingGeneralAndAdministrativeExpenses": 2000000,
        "otherExpenses": 0,
        "operatingExpenses": 2000000,
        "costAndExpenses": 2000000,
        "interestIncome": 0,
        "interestExpense": 81000000,
        "depreciationAndAmortization": 171000000,
        "ebitda": 175000000,
        "ebitdaratio": 0,
        "operatingIncome": -2000000,
        "operatingIncomeRatio": 0,
        "totalOtherIncomeExpensesNet": -75000000,
        "incomeBeforeTax": -77000000,
        "incomeBeforeTaxRatio": 0,
        "incomeTaxExpense": 0,
        "netIncome": -77000000,
        "netIncomeRatio": 0,
        "eps": -0.11,
        "epsdiluted": -0.11,
        "weightedAverageShsOut": 697368000,
        "weightedAverageShsOutDil": 697368000,
        "link": "https://www.sec.gov/Archives/edgar/data/794323/000110465905021974/0001104659-05-021974-index.htm",
        "finalLink": "https://www.sec.gov/Archives/edgar/data/794323/000110465905021974/a05-8334_110q.htm"
    },
    {
        "date": "2004-12-31",
        "symbol": "LVLT",
        "reportedCurrency": "USD",
        "cik": "0000794323",
        "fillingDate": "2005-03-16",
        "acceptedDate": "2005-03-16 11:12:59",
        "calendarYear": "2004",
        "period": "Q4",
        "revenue": 0,
        "costOfRevenue": 0,
        "grossProfit": 0,
        "grossProfitRatio": 0,
        "researchAndDevelopmentExpenses": 0,
        "generalAndAdministrativeExpenses": 7000000,
        "sellingAndMarketingExpenses": 0,
        "sellingGeneralAndAdministrativeExpenses": 7000000,
        "otherExpenses": 0,
        "operatingExpenses": 7000000,
        "costAndExpenses": 7000000,
        "interestIncome": 0,
        "interestExpense": 405000000,
        "depreciationAndAmortization": 695000000,
        "ebitda": 642000000,
        "ebitdaratio": 0,
        "operatingIncome": -7000000,
        "operatingIncomeRatio": 0,
        "totalOtherIncomeExpensesNet": -451000000,
        "incomeBeforeTax": -458000000,
        "incomeBeforeTaxRatio": 0,
        "incomeTaxExpense": 0,
        "netIncome": -458000000,
        "netIncomeRatio": 0,
        "eps": -0.67,
        "epsdiluted": -0.67,
        "weightedAverageShsOut": 684000000,
        "weightedAverageShsOutDil": 684000000,
        "link": "https://www.sec.gov/Archives/edgar/data/794323/000104746905006668/0001047469-05-006668-index.htm",
        "finalLink": "https://www.sec.gov/Archives/edgar/data/794323/000104746905006668/a2153221z10-k.htm"
    },
    {
        "date": "2004-09-30",
        "symbol": "LVLT",
        "reportedCurrency": "USD",
        "cik": "0000794323",
        "fillingDate": "2004-11-08",
        "acceptedDate": "2004-11-08 16:35:40",
        "calendarYear": "2004",
        "period": "Q3",
        "revenue": 840000000,
        "costOfRevenue": 487000000,
        "grossProfit": 353000000,
        "grossProfitRatio": 0.4202380952,
        "researchAndDevelopmentExpenses": 0,
        "generalAndAdministrativeExpenses": 234000000,
        "sellingAndMarketingExpenses": 0,
        "sellingGeneralAndAdministrativeExpenses": 234000000,
        "otherExpenses": 0,
        "operatingExpenses": 234000000,
        "costAndExpenses": 891000000,
        "interestIncome": 0,
        "interestExpense": 120000000,
        "depreciationAndAmortization": -356000000,
        "ebitda": -407000000,
        "ebitdaratio": -0.4845238095,
        "operatingIncome": -51000000,
        "operatingIncomeRatio": -0.0607142857,
        "totalOtherIncomeExpensesNet": -120000000,
        "incomeBeforeTax": -171000000,
        "incomeBeforeTaxRatio": -0.2035714286,
        "incomeTaxExpense": 0,
        "netIncome": -171000000,
        "netIncomeRatio": -0.2035714286,
        "eps": -0.25,
        "epsdiluted": -0.25,
        "weightedAverageShsOut": 684000000,
        "weightedAverageShsOutDil": 684000000,
        "link": "https://www.sec.gov/Archives/edgar/data/794323/000104746904033430/0001047469-04-033430-index.htm",
        "finalLink": "https://www.sec.gov/Archives/edgar/data/794323/000104746904033430/a2146104z10-q.htm"
    },
    {
        "date": "2004-06-30",
        "symbol": "LVLT",
        "reportedCurrency": "USD",
        "cik": "0000794323",
        "fillingDate": "2004-08-09",
        "acceptedDate": "2004-08-09 13:22:46",
        "calendarYear": "2004",
        "period": "Q2",
        "revenue": 918000000,
        "costOfRevenue": 591000000,
        "grossProfit": 327000000,
        "grossProfitRatio": 0.3562091503,
        "researchAndDevelopmentExpenses": 0,
        "generalAndAdministrativeExpenses": 243000000,
        "sellingAndMarketingExpenses": 0,
        "sellingGeneralAndAdministrativeExpenses": 243000000,
        "otherExpenses": 0,
        "operatingExpenses": 243000000,
        "costAndExpenses": 1011000000,
        "interestIncome": 0,
        "interestExpense": 118000000,
        "depreciationAndAmortization": 356000000,
        "ebitda": 410000000,
        "ebitdaratio": 0.4466230937,
        "operatingIncome": -93000000,
        "operatingIncomeRatio": -0.1013071895,
        "totalOtherIncomeExpensesNet": 31000000,
        "incomeBeforeTax": -62000000,
        "incomeBeforeTaxRatio": -0.0675381264,
        "incomeTaxExpense": -1000000,
        "netIncome": -63000000,
        "netIncomeRatio": -0.068627451,
        "eps": -0.093,
        "epsdiluted": -0.093,
        "weightedAverageShsOut": 677419000,
        "weightedAverageShsOutDil": 677419000,
        "link": "https://www.sec.gov/Archives/edgar/data/794323/000110465904023278/0001104659-04-023278-index.htm",
        "finalLink": "https://www.sec.gov/Archives/edgar/data/794323/000110465904023278/a04-8974_110q.htm"
    },
    {
        "date": "2004-03-31",
        "symbol": "LVLT",
        "reportedCurrency": "USD",
        "cik": "0000794323",
        "fillingDate": "2004-05-10",
        "acceptedDate": "2004-05-10 16:37:07",
        "calendarYear": "2004",
        "period": "Q1",
        "revenue": 899000000,
        "costOfRevenue": 543000000,
        "grossProfit": 356000000,
        "grossProfitRatio": 0.3959955506,
        "researchAndDevelopmentExpenses": 0,
        "generalAndAdministrativeExpenses": 235000000,
        "sellingAndMarketingExpenses": 0,
        "sellingGeneralAndAdministrativeExpenses": 235000000,
        "otherExpenses": 0,
        "operatingExpenses": 235000000,
        "costAndExpenses": 959000000,
        "interestIncome": 0,
        "interestExpense": 127000000,
        "depreciationAndAmortization": 39000000,
        "ebitda": -21000000,
        "ebitdaratio": -0.0233592881,
        "operatingIncome": -60000000,
        "operatingIncomeRatio": -0.0667408231,
        "totalOtherIncomeExpensesNet": -86000000,
        "incomeBeforeTax": -146000000,
        "incomeBeforeTaxRatio": -0.1624026696,
        "incomeTaxExpense": -1000000,
        "netIncome": -147000000,
        "netIncomeRatio": -0.1635150167,
        "eps": -0.22,
        "epsdiluted": -0.22,
        "weightedAverageShsOut": 668182000,
        "weightedAverageShsOutDil": 668182000,
        "link": "https://www.sec.gov/Archives/edgar/data/794323/000110465904013578/0001104659-04-013578-index.htm",
        "finalLink": "https://www.sec.gov/Archives/edgar/data/794323/000110465904013578/a04-5515_110q.htm"
    }
]