[
    {
        "date": "2025-06-30",
        "symbol": "MAC",
        "reportedCurrency": "USD",
        "cik": "0000912242",
        "fillingDate": "2025-08-11",
        "acceptedDate": "2025-08-11 16:42:49",
        "calendarYear": "2025",
        "period": "Q2",
        "revenue": 249793000,
        "costOfRevenue": 112343000,
        "grossProfit": 137450000,
        "grossProfitRatio": 0.5502556116,
        "researchAndDevelopmentExpenses": 0,
        "generalAndAdministrativeExpenses": 7798000,
        "sellingAndMarketingExpenses": 0,
        "sellingGeneralAndAdministrativeExpenses": 7798000,
        "otherExpenses": 88500000,
        "operatingExpenses": 96298000,
        "costAndExpenses": 208641000,
        "interestIncome": 0,
        "interestExpense": 71925000,
        "depreciationAndAmortization": 91199000,
        "ebitda": 121392000,
        "ebitdaratio": 0.4859703835,
        "operatingIncome": 41152000,
        "operatingIncomeRatio": 0.1647444084,
        "totalOtherIncomeExpensesNet": -82884000,
        "incomeBeforeTax": -41732000,
        "incomeBeforeTaxRatio": -0.1670663309,
        "incomeTaxExpense": -188000,
        "netIncome": -40905000,
        "netIncomeRatio": -0.1637555896,
        "eps": -0.16,
        "epsdiluted": -0.16,
        "weightedAverageShsOut": 253085000,
        "weightedAverageShsOutDil": 253085000,
        "link": "https://www.sec.gov/Archives/edgar/data/912242/000091224225000068/0000912242-25-000068-index.htm",
        "finalLink": "https://www.sec.gov/Archives/edgar/data/912242/000091224225000068/mac-20250630.htm"
    },
    {
        "date": "2025-03-31",
        "symbol": "MAC",
        "reportedCurrency": "USD",
        "cik": "0000912242",
        "fillingDate": "2025-05-12",
        "acceptedDate": "2025-05-12 15:58:43",
        "calendarYear": "2025",
        "period": "Q1",
        "revenue": 249224000,
        "costOfRevenue": 117165000,
        "grossProfit": 132059000,
        "grossProfitRatio": 0.5298807498,
        "researchAndDevelopmentExpenses": 0,
        "generalAndAdministrativeExpenses": 7612000,
        "sellingAndMarketingExpenses": 0,
        "sellingGeneralAndAdministrativeExpenses": 7612000,
        "otherExpenses": 92562000,
        "operatingExpenses": 100174000,
        "costAndExpenses": 217339000,
        "interestIncome": 0,
        "interestExpense": 69074000,
        "depreciationAndAmortization": 95219000,
        "ebitda": 112318000,
        "ebitdaratio": 0.4506708824,
        "operatingIncome": 31885000,
        "operatingIncomeRatio": 0.1279371168,
        "totalOtherIncomeExpensesNet": -83860000,
        "incomeBeforeTax": -51975000,
        "incomeBeforeTaxRatio": -0.2085473309,
        "incomeTaxExpense": -822000,
        "netIncome": -50123000,
        "netIncomeRatio": -0.2011162649,
        "eps": -0.2,
        "epsdiluted": -0.2,
        "weightedAverageShsOut": 252992000,
        "weightedAverageShsOutDil": 252992000,
        "link": "https://www.sec.gov/Archives/edgar/data/912242/000091224225000045/0000912242-25-000045-index.htm",
        "finalLink": "https://www.sec.gov/Archives/edgar/data/912242/000091224225000045/mac-20250331.htm"
    },
    {
        "date": "2024-12-31",
        "symbol": "MAC",
        "reportedCurrency": "USD",
        "cik": "0000912242",
        "fillingDate": "2025-02-28",
        "acceptedDate": "2025-02-28 08:58:44",
        "calendarYear": "2024",
        "period": "Q4",
        "revenue": 273676000,
        "costOfRevenue": 123040000,
        "grossProfit": 150636000,
        "grossProfitRatio": 0.5504172817,
        "researchAndDevelopmentExpenses": 0,
        "generalAndAdministrativeExpenses": 7496000,
        "sellingAndMarketingExpenses": 0,
        "sellingGeneralAndAdministrativeExpenses": 7496000,
        "otherExpenses": 81454000,
        "operatingExpenses": 88950000,
        "costAndExpenses": 211990000,
        "interestIncome": -15701000,
        "interestExpense": 0,
        "depreciationAndAmortization": 81454000,
        "ebitda": 143140000,
        "ebitdaratio": 0.5230272293,
        "operatingIncome": 61686000,
        "operatingIncomeRatio": 0.2253979158,
        "totalOtherIncomeExpensesNet": -282185000,
        "incomeBeforeTax": -220499000,
        "incomeBeforeTaxRatio": -0.8056935939,
        "incomeTaxExpense": -879000,
        "netIncome": -211210000,
        "netIncomeRatio": -0.7717519987,
        "eps": -0.89,
        "epsdiluted": -0.89,
        "weightedAverageShsOut": 236619000,
        "weightedAverageShsOutDil": 236619000,
        "link": "https://www.sec.gov/Archives/edgar/data/912242/000091224225000023/0000912242-25-000023-index.htm",
        "finalLink": "https://www.sec.gov/Archives/edgar/data/912242/000091224225000023/mac-20241231.htm"
    },
    {
        "date": "2024-09-30",
        "symbol": "MAC",
        "reportedCurrency": "USD",
        "cik": "0000912242",
        "fillingDate": "2024-11-07",
        "acceptedDate": "2024-11-07 16:09:21",
        "calendarYear": "2024",
        "period": "Q3",
        "revenue": 220224000,
        "costOfRevenue": 103833000,
        "grossProfit": 116391000,
        "grossProfitRatio": 0.5285118788,
        "researchAndDevelopmentExpenses": 0,
        "generalAndAdministrativeExpenses": 6010000,
        "sellingAndMarketingExpenses": 0,
        "sellingGeneralAndAdministrativeExpenses": 6010000,
        "otherExpenses": 73299000,
        "operatingExpenses": 79309000,
        "costAndExpenses": 183142000,
        "interestIncome": 0,
        "interestExpense": 0,
        "depreciationAndAmortization": 73299000,
        "ebitda": 110381000,
        "ebitdaratio": 0.5012214836,
        "operatingIncome": 37082000,
        "operatingIncomeRatio": 0.1683831008,
        "totalOtherIncomeExpensesNet": -148635000,
        "incomeBeforeTax": -111553000,
        "incomeBeforeTaxRatio": -0.5065433377,
        "incomeTaxExpense": 545000,
        "netIncome": -108189000,
        "netIncomeRatio": -0.4912679817,
        "eps": -0.5,
        "epsdiluted": -0.5,
        "weightedAverageShsOut": 218420000,
        "weightedAverageShsOutDil": 218420000,
        "link": "https://www.sec.gov/Archives/edgar/data/912242/000091224224000130/0000912242-24-000130-index.htm",
        "finalLink": "https://www.sec.gov/Archives/edgar/data/912242/000091224224000130/mac-20240930.htm"
    },
    {
        "date": "2024-06-30",
        "symbol": "MAC",
        "reportedCurrency": "USD",
        "cik": "0000912242",
        "fillingDate": "2024-08-08",
        "acceptedDate": "2024-08-08 11:04:39",
        "calendarYear": "2024",
        "period": "Q2",
        "revenue": 215521000,
        "costOfRevenue": 99486000,
        "grossProfit": 116035000,
        "grossProfitRatio": 0.5383930104,
        "researchAndDevelopmentExpenses": 0,
        "generalAndAdministrativeExpenses": 6996000,
        "sellingAndMarketingExpenses": 0,
        "sellingGeneralAndAdministrativeExpenses": 6996000,
        "otherExpenses": 71676000,
        "operatingExpenses": 78672000,
        "costAndExpenses": 178158000,
        "interestIncome": 15701000,
        "interestExpense": 55466000,
        "depreciationAndAmortization": 71676000,
        "ebitda": 125772000,
        "ebitdaratio": 0.5835719025,
        "operatingIncome": 37363000,
        "operatingIncomeRatio": 0.1733612966,
        "totalOtherIncomeExpensesNet": 228394000,
        "incomeBeforeTax": 265757000,
        "incomeBeforeTaxRatio": 1.2330909749,
        "incomeTaxExpense": -258000,
        "netIncome": 252007000,
        "netIncomeRatio": 1.1692920875,
        "eps": 1.16,
        "epsdiluted": 1.16,
        "weightedAverageShsOut": 216180000,
        "weightedAverageShsOutDil": 216180000,
        "link": "https://www.sec.gov/Archives/edgar/data/912242/000091224224000125/0000912242-24-000125-index.htm",
        "finalLink": "https://www.sec.gov/Archives/edgar/data/912242/000091224224000125/mac-20240630.htm"
    },
    {
        "date": "2024-03-31",
        "symbol": "MAC",
        "reportedCurrency": "USD",
        "cik": "0000912242",
        "fillingDate": "2024-05-09",
        "acceptedDate": "2024-05-09 11:06:19",
        "calendarYear": "2024",
        "period": "Q1",
        "revenue": 208783000,
        "costOfRevenue": 103908000,
        "grossProfit": 104875000,
        "grossProfitRatio": 0.5023158016,
        "researchAndDevelopmentExpenses": 0,
        "generalAndAdministrativeExpenses": 7643000,
        "sellingAndMarketingExpenses": 0,
        "sellingGeneralAndAdministrativeExpenses": 7643000,
        "otherExpenses": 68351000,
        "operatingExpenses": 75994000,
        "costAndExpenses": 179902000,
        "interestIncome": 0,
        "interestExpense": 52190000,
        "depreciationAndAmortization": 71382000,
        "ebitda": -9098000,
        "ebitdaratio": -0.0435763448,
        "operatingIncome": 28881000,
        "operatingIncomeRatio": 0.138330228,
        "totalOtherIncomeExpensesNet": -161551000,
        "incomeBeforeTax": -132670000,
        "incomeBeforeTaxRatio": -0.6354444567,
        "incomeTaxExpense": -1224000,
        "netIncome": -126728000,
        "netIncomeRatio": -0.6069842851,
        "eps": -0.59,
        "epsdiluted": -0.59,
        "weightedAverageShsOut": 216036000,
        "weightedAverageShsOutDil": 216036000,
        "link": "https://www.sec.gov/Archives/edgar/data/912242/000091224224000083/0000912242-24-000083-index.htm",
        "finalLink": "https://www.sec.gov/Archives/edgar/data/912242/000091224224000083/mac-20240331.htm"
    },
    {
        "date": "2023-12-31",
        "symbol": "MAC",
        "reportedCurrency": "USD",
        "cik": "0000912242",
        "fillingDate": "2024-02-26",
        "acceptedDate": "2024-02-26 11:35:07",
        "calendarYear": "2023",
        "period": "Q4",
        "revenue": 237861000,
        "costOfRevenue": 98365000,
        "grossProfit": 69731000,
        "grossProfitRatio": 0.2931586094,
        "researchAndDevelopmentExpenses": 0,
        "generalAndAdministrativeExpenses": 7546000,
        "sellingAndMarketingExpenses": 0,
        "sellingGeneralAndAdministrativeExpenses": 7546000,
        "otherExpenses": -827000,
        "operatingExpenses": 6719000,
        "costAndExpenses": 145253000,
        "interestIncome": 0,
        "interestExpense": 25413000,
        "depreciationAndAmortization": 69765000,
        "ebitda": 162373000,
        "ebitdaratio": 0.6826381794,
        "operatingIncome": 122250000,
        "operatingIncomeRatio": 0.5139556295,
        "totalOtherIncomeExpensesNet": -56439000,
        "incomeBeforeTax": 65811000,
        "incomeBeforeTaxRatio": 0.2766783962,
        "incomeTaxExpense": -655000,
        "netIncome": 62179000,
        "netIncomeRatio": 0.2614089741,
        "eps": 0.29,
        "epsdiluted": 0.29,
        "weightedAverageShsOut": 215807000,
        "weightedAverageShsOutDil": 215807000,
        "link": "https://www.sec.gov/Archives/edgar/data/912242/000091224224000026/0000912242-24-000026-index.htm",
        "finalLink": "https://www.sec.gov/Archives/edgar/data/912242/000091224224000026/mac-20231231.htm"
    },
    {
        "date": "2023-09-30",
        "symbol": "MAC",
        "reportedCurrency": "USD",
        "cik": "0000912242",
        "fillingDate": "2023-11-06",
        "acceptedDate": "2023-11-06 16:05:25",
        "calendarYear": "2023",
        "period": "Q3",
        "revenue": 218152000,
        "costOfRevenue": 101648000,
        "grossProfit": 116504000,
        "grossProfitRatio": 0.5340496535,
        "researchAndDevelopmentExpenses": 0,
        "generalAndAdministrativeExpenses": 5910000,
        "sellingAndMarketingExpenses": 0,
        "sellingGeneralAndAdministrativeExpenses": 5910000,
        "otherExpenses": 70755000,
        "operatingExpenses": 76665000,
        "costAndExpenses": 178313000,
        "interestIncome": 0,
        "interestExpense": 53380000,
        "depreciationAndAmortization": 70699000,
        "ebitda": 110773000,
        "ebitdaratio": 0.5077789798,
        "operatingIncome": 294538000,
        "operatingIncomeRatio": 1.3501503539,
        "totalOtherIncomeExpensesNet": -564831000,
        "incomeBeforeTax": -270293000,
        "incomeBeforeTaxRatio": -1.2390122483,
        "incomeTaxExpense": 1672000,
        "netIncome": -262547000,
        "netIncomeRatio": -1.2035048957,
        "eps": -1.22,
        "epsdiluted": -1.22,
        "weightedAverageShsOut": 215632000,
        "weightedAverageShsOutDil": 215632000,
        "link": "https://www.sec.gov/Archives/edgar/data/912242/000091224223000026/0000912242-23-000026-index.htm",
        "finalLink": "https://www.sec.gov/Archives/edgar/data/912242/000091224223000026/mac-20230930.htm"
    },
    {
        "date": "2023-06-30",
        "symbol": "MAC",
        "reportedCurrency": "USD",
        "cik": "0000912242",
        "fillingDate": "2023-08-09",
        "acceptedDate": "2023-08-09 11:35:04",
        "calendarYear": "2023",
        "period": "Q2",
        "revenue": 212374000,
        "costOfRevenue": 95834000,
        "grossProfit": 116540000,
        "grossProfitRatio": 0.5487489052,
        "researchAndDevelopmentExpenses": 0,
        "generalAndAdministrativeExpenses": 8802000,
        "sellingAndMarketingExpenses": 0,
        "sellingGeneralAndAdministrativeExpenses": 8802000,
        "otherExpenses": 70388000,
        "operatingExpenses": 79190000,
        "costAndExpenses": 164745000,
        "interestIncome": 0,
        "interestExpense": 54704000,
        "depreciationAndAmortization": 74301000,
        "ebitda": 107391000,
        "ebitdaratio": 0.5056692439,
        "operatingIncome": 37350000,
        "operatingIncomeRatio": 0.1758689858,
        "totalOtherIncomeExpensesNet": -51385000,
        "incomeBeforeTax": -14035000,
        "incomeBeforeTaxRatio": -0.0660862441,
        "incomeTaxExpense": 371000,
        "netIncome": -14964000,
        "netIncomeRatio": -0.0704606025,
        "eps": -0.07,
        "epsdiluted": -0.07,
        "weightedAverageShsOut": 215457000,
        "weightedAverageShsOutDil": 215457000,
        "link": "https://www.sec.gov/Archives/edgar/data/912242/000091224223000021/0000912242-23-000021-index.htm",
        "finalLink": "https://www.sec.gov/Archives/edgar/data/912242/000091224223000021/mac-20230630.htm"
    },
    {
        "date": "2023-03-31",
        "symbol": "MAC",
        "reportedCurrency": "USD",
        "cik": "0000912242",
        "fillingDate": "2023-05-08",
        "acceptedDate": "2023-05-08 10:05:01",
        "calendarYear": "2023",
        "period": "Q1",
        "revenue": 214854000,
        "costOfRevenue": 99043000,
        "grossProfit": 115811000,
        "grossProfitRatio": 0.5390218474,
        "researchAndDevelopmentExpenses": 0,
        "generalAndAdministrativeExpenses": 6980000,
        "sellingAndMarketingExpenses": 0,
        "sellingGeneralAndAdministrativeExpenses": 6980000,
        "otherExpenses": 71453000,
        "operatingExpenses": 78433000,
        "costAndExpenses": 177476000,
        "interestIncome": 0,
        "interestExpense": 39423000,
        "depreciationAndAmortization": 71453000,
        "ebitda": 49503000,
        "ebitdaratio": 0.2304029713,
        "operatingIncome": 37378000,
        "operatingIncomeRatio": 0.1739693001,
        "totalOtherIncomeExpensesNet": -97454000,
        "incomeBeforeTax": -60076000,
        "incomeBeforeTaxRatio": -0.2796131326,
        "incomeTaxExpense": -1882000,
        "netIncome": -58733000,
        "netIncomeRatio": -0.2733623763,
        "eps": -0.27,
        "epsdiluted": -0.27,
        "weightedAverageShsOut": 215291000,
        "weightedAverageShsOutDil": 215291000,
        "link": "https://www.sec.gov/Archives/edgar/data/912242/000091224223000013/0000912242-23-000013-index.htm",
        "finalLink": "https://www.sec.gov/Archives/edgar/data/912242/000091224223000013/mac-20230331.htm"
    },
    {
        "date": "2022-12-31",
        "symbol": "MAC",
        "reportedCurrency": "USD",
        "cik": "0000912242",
        "fillingDate": "2023-02-24",
        "acceptedDate": "2023-02-24 11:37:11",
        "calendarYear": "2022",
        "period": "Q4",
        "revenue": 228225000,
        "costOfRevenue": 97306000,
        "grossProfit": 130919000,
        "grossProfitRatio": 0.5736400482,
        "researchAndDevelopmentExpenses": 0,
        "generalAndAdministrativeExpenses": 7082000,
        "sellingAndMarketingExpenses": 0,
        "sellingGeneralAndAdministrativeExpenses": 7082000,
        "otherExpenses": 73559000,
        "operatingExpenses": 80641000,
        "costAndExpenses": 188619000,
        "interestIncome": 0,
        "interestExpense": 59171000,
        "depreciationAndAmortization": 76344000,
        "ebitda": 114441000,
        "ebitdaratio": 0.501439369,
        "operatingIncome": 50278000,
        "operatingIncomeRatio": 0.2203001424,
        "totalOtherIncomeExpensesNet": -47074000,
        "incomeBeforeTax": 3204000,
        "incomeBeforeTaxRatio": 0.0140387775,
        "incomeTaxExpense": -258000,
        "netIncome": 1689000,
        "netIncomeRatio": 0.0074005915,
        "eps": 0.01,
        "epsdiluted": 0.01,
        "weightedAverageShsOut": 215178000,
        "weightedAverageShsOutDil": 215178000,
        "link": "https://www.sec.gov/Archives/edgar/data/912242/000091224223000007/0000912242-23-000007-index.htm",
        "finalLink": "https://www.sec.gov/Archives/edgar/data/912242/000091224223000007/mac-20221231.htm"
    },
    {
        "date": "2022-09-30",
        "symbol": "MAC",
        "reportedCurrency": "USD",
        "cik": "0000912242",
        "fillingDate": "2022-11-07",
        "acceptedDate": "2022-11-07 16:07:52",
        "calendarYear": "2022",
        "period": "Q3",
        "revenue": 210704000,
        "costOfRevenue": 99951000,
        "grossProfit": 110753000,
        "grossProfitRatio": 0.5256331157,
        "researchAndDevelopmentExpenses": 0,
        "generalAndAdministrativeExpenses": 6779000,
        "sellingAndMarketingExpenses": 0,
        "sellingGeneralAndAdministrativeExpenses": 6779000,
        "otherExpenses": 72739000,
        "operatingExpenses": 79518000,
        "costAndExpenses": 178064000,
        "interestIncome": 0,
        "interestExpense": 0,
        "depreciationAndAmortization": 72739000,
        "ebitda": 109027000,
        "ebitdaratio": 0.5174415293,
        "operatingIncome": 37557000,
        "operatingIncomeRatio": 0.178245311,
        "totalOtherIncomeExpensesNet": -51225000,
        "incomeBeforeTax": -13668000,
        "incomeBeforeTaxRatio": -0.0648682512,
        "incomeTaxExpense": -166000,
        "netIncome": -15193000,
        "netIncomeRatio": -0.0721058926,
        "eps": -0.07,
        "epsdiluted": -0.07,
        "weightedAverageShsOut": 215134000,
        "weightedAverageShsOutDil": 215134000,
        "link": "https://www.sec.gov/Archives/edgar/data/912242/000091224222000030/0000912242-22-000030-index.htm",
        "finalLink": "https://www.sec.gov/Archives/edgar/data/912242/000091224222000030/mac-20220930.htm"
    },
    {
        "date": "2022-06-30",
        "symbol": "MAC",
        "reportedCurrency": "USD",
        "cik": "0000912242",
        "fillingDate": "2022-08-08",
        "acceptedDate": "2022-08-08 12:05:53",
        "calendarYear": "2022",
        "period": "Q2",
        "revenue": 204091000,
        "costOfRevenue": 95622000,
        "grossProfit": 108469000,
        "grossProfitRatio": 0.5314737054,
        "researchAndDevelopmentExpenses": 0,
        "generalAndAdministrativeExpenses": 6441000,
        "sellingAndMarketingExpenses": 0,
        "sellingGeneralAndAdministrativeExpenses": 6441000,
        "otherExpenses": 72458000,
        "operatingExpenses": 78899000,
        "costAndExpenses": 175612000,
        "interestIncome": 0,
        "interestExpense": 53189000,
        "depreciationAndAmortization": 72458000,
        "ebitda": 109269000,
        "ebitdaratio": 0.5353935254,
        "operatingIncome": 35923000,
        "operatingIncomeRatio": 0.1760146209,
        "totalOtherIncomeExpensesNet": -54280000,
        "incomeBeforeTax": -18357000,
        "incomeBeforeTaxRatio": -0.0899451715,
        "incomeTaxExpense": -670000,
        "netIncome": -15384000,
        "netIncomeRatio": -0.0753781401,
        "eps": -0.07,
        "epsdiluted": -0.07,
        "weightedAverageShsOut": 214990000,
        "weightedAverageShsOutDil": 214990000,
        "link": "https://www.sec.gov/Archives/edgar/data/912242/000091224222000023/0000912242-22-000023-index.htm",
        "finalLink": "https://www.sec.gov/Archives/edgar/data/912242/000091224222000023/mac-20220630.htm"
    },
    {
        "date": "2022-03-31",
        "symbol": "MAC",
        "reportedCurrency": "USD",
        "cik": "0000912242",
        "fillingDate": "2022-05-10",
        "acceptedDate": "2022-05-10 12:41:03",
        "calendarYear": "2022",
        "period": "Q1",
        "revenue": 216144000,
        "costOfRevenue": 97476000,
        "grossProfit": 118668000,
        "grossProfitRatio": 0.5490228736,
        "researchAndDevelopmentExpenses": 0,
        "generalAndAdministrativeExpenses": 6862000,
        "sellingAndMarketingExpenses": 0,
        "sellingGeneralAndAdministrativeExpenses": 6862000,
        "otherExpenses": 72856000,
        "operatingExpenses": 79718000,
        "costAndExpenses": 170741000,
        "interestIncome": 0,
        "interestExpense": 51861000,
        "depreciationAndAmortization": 72856000,
        "ebitda": 84926000,
        "ebitdaratio": 0.3929139833,
        "operatingIncome": 38950000,
        "operatingIncomeRatio": 0.1802039381,
        "totalOtherIncomeExpensesNet": -74505000,
        "incomeBeforeTax": -35555000,
        "incomeBeforeTaxRatio": -0.1644968169,
        "incomeTaxExpense": 1799000,
        "netIncome": -37354000,
        "netIncomeRatio": -0.1728199719,
        "eps": -0.17,
        "epsdiluted": -0.17,
        "weightedAverageShsOut": 214819000,
        "weightedAverageShsOutDil": 214819000,
        "link": "https://www.sec.gov/Archives/edgar/data/912242/000091224222000014/0000912242-22-000014-index.htm",
        "finalLink": "https://www.sec.gov/Archives/edgar/data/912242/000091224222000014/mac-20220331.htm"
    },
    {
        "date": "2021-12-31",
        "symbol": "MAC",
        "reportedCurrency": "USD",
        "cik": "0000912242",
        "fillingDate": "2022-02-25",
        "acceptedDate": "2022-02-25 12:11:25",
        "calendarYear": "2021",
        "period": "Q4",
        "revenue": 229402000,
        "costOfRevenue": 103910000,
        "grossProfit": 125492000,
        "grossProfitRatio": 0.5470396945,
        "researchAndDevelopmentExpenses": 0,
        "generalAndAdministrativeExpenses": 7691000,
        "sellingAndMarketingExpenses": 0,
        "sellingGeneralAndAdministrativeExpenses": 7691000,
        "otherExpenses": 79638000,
        "operatingExpenses": 109783000,
        "costAndExpenses": 191900000,
        "interestIncome": 0,
        "interestExpense": 43533000,
        "depreciationAndAmortization": 69679000,
        "ebitda": 115019000,
        "ebitdaratio": 0.5013862128,
        "operatingIncome": 38479000,
        "operatingIncomeRatio": 0.1677361139,
        "totalOtherIncomeExpensesNet": -65987000,
        "incomeBeforeTax": -27508000,
        "incomeBeforeTaxRatio": -0.1199117706,
        "incomeTaxExpense": -2504000,
        "netIncome": -15170000,
        "netIncomeRatio": -0.0661284557,
        "eps": -0.08,
        "epsdiluted": -0.08,
        "weightedAverageShsOut": 213955000,
        "weightedAverageShsOutDil": 223164000,
        "link": "https://www.sec.gov/Archives/edgar/data/912242/000091224222000003/0000912242-22-000003-index.htm",
        "finalLink": "https://www.sec.gov/Archives/edgar/data/912242/000091224222000003/mac-20211231.htm"
    },
    {
        "date": "2021-09-30",
        "symbol": "MAC",
        "reportedCurrency": "USD",
        "cik": "0000912242",
        "fillingDate": "2021-11-08",
        "acceptedDate": "2021-11-08 12:51:00",
        "calendarYear": "2021",
        "period": "Q3",
        "revenue": 212137000,
        "costOfRevenue": 91497000,
        "grossProfit": 120640000,
        "grossProfitRatio": 0.5686891019,
        "researchAndDevelopmentExpenses": 0,
        "generalAndAdministrativeExpenses": 7599000,
        "sellingAndMarketingExpenses": 0,
        "sellingGeneralAndAdministrativeExpenses": 7599000,
        "otherExpenses": 75465000,
        "operatingExpenses": 83064000,
        "costAndExpenses": 186505000,
        "interestIncome": 0,
        "interestExpense": 40336000,
        "depreciationAndAmortization": 75465000,
        "ebitda": 112090000,
        "ebitdaratio": 0.5283849588,
        "operatingIncome": 37576000,
        "operatingIncomeRatio": 0.1771308164,
        "totalOtherIncomeExpensesNet": 75490000,
        "incomeBeforeTax": 113066000,
        "incomeBeforeTaxRatio": 0.5329857592,
        "incomeTaxExpense": 107000,
        "netIncome": 106702000,
        "netIncomeRatio": 0.5029862777,
        "eps": 0.5,
        "epsdiluted": 0.5,
        "weightedAverageShsOut": 213214000,
        "weightedAverageShsOutDil": 213214000,
        "link": "https://www.sec.gov/Archives/edgar/data/912242/000091224221000017/0000912242-21-000017-index.htm",
        "finalLink": "https://www.sec.gov/Archives/edgar/data/912242/000091224221000017/mac-20210930.htm"
    },
    {
        "date": "2021-06-30",
        "symbol": "MAC",
        "reportedCurrency": "USD",
        "cik": "0000912242",
        "fillingDate": "2021-08-06",
        "acceptedDate": "2021-08-06 16:40:31",
        "calendarYear": "2021",
        "period": "Q2",
        "revenue": 215473000,
        "costOfRevenue": 89313000,
        "grossProfit": 126160000,
        "grossProfitRatio": 0.585502592,
        "researchAndDevelopmentExpenses": 0,
        "generalAndAdministrativeExpenses": 6679000,
        "sellingAndMarketingExpenses": 0,
        "sellingGeneralAndAdministrativeExpenses": 6679000,
        "otherExpenses": 77630000,
        "operatingExpenses": 84309000,
        "costAndExpenses": 175061000,
        "interestIncome": 0,
        "interestExpense": 54914000,
        "depreciationAndAmortization": 77630000,
        "ebitda": 118042000,
        "ebitdaratio": 0.547827338,
        "operatingIncome": 41851000,
        "operatingIncomeRatio": 0.1942285112,
        "totalOtherIncomeExpensesNet": -38806000,
        "incomeBeforeTax": 3045000,
        "incomeBeforeTaxRatio": 0.014131701,
        "incomeTaxExpense": 7107000,
        "netIncome": -11765000,
        "netIncomeRatio": -0.0546008085,
        "eps": -0.0589,
        "epsdiluted": -0.06,
        "weightedAverageShsOut": 199650000,
        "weightedAverageShsOutDil": 205757000,
        "link": "https://www.sec.gov/Archives/edgar/data/912242/000091224221000014/0000912242-21-000014-index.htm",
        "finalLink": "https://www.sec.gov/Archives/edgar/data/912242/000091224221000014/mac-20210630.htm"
    },
    {
        "date": "2021-03-31",
        "symbol": "MAC",
        "reportedCurrency": "USD",
        "cik": "0000912242",
        "fillingDate": "2021-05-10",
        "acceptedDate": "2021-05-10 16:26:46",
        "calendarYear": "2021",
        "period": "Q1",
        "revenue": 190424000,
        "costOfRevenue": 96164000,
        "grossProfit": 94260000,
        "grossProfitRatio": 0.4950006302,
        "researchAndDevelopmentExpenses": 0,
        "generalAndAdministrativeExpenses": 8087000,
        "sellingAndMarketingExpenses": 0,
        "sellingGeneralAndAdministrativeExpenses": 8087000,
        "otherExpenses": 78396000,
        "operatingExpenses": 86483000,
        "costAndExpenses": 183510000,
        "interestIncome": 0,
        "interestExpense": 53896000,
        "depreciationAndAmortization": 78396000,
        "ebitda": 85310000,
        "ebitdaratio": 0.4480002521,
        "operatingIncome": 7777000,
        "operatingIncomeRatio": 0.0408404403,
        "totalOtherIncomeExpensesNet": -73269000,
        "incomeBeforeTax": -65492000,
        "incomeBeforeTaxRatio": -0.3439272361,
        "incomeTaxExpense": 2238000,
        "netIncome": -63604000,
        "netIncomeRatio": -0.3340125194,
        "eps": -0.4,
        "epsdiluted": -0.4,
        "weightedAverageShsOut": 158580000,
        "weightedAverageShsOutDil": 158580000,
        "link": "https://www.sec.gov/Archives/edgar/data/912242/000091224221000007/0000912242-21-000007-index.htm",
        "finalLink": "https://www.sec.gov/Archives/edgar/data/912242/000091224221000007/mac-20210331.htm"
    },
    {
        "date": "2020-12-31",
        "symbol": "MAC",
        "reportedCurrency": "USD",
        "cik": "0000912242",
        "fillingDate": "2021-02-24",
        "acceptedDate": "2021-02-24 11:13:02",
        "calendarYear": "2020",
        "period": "Q4",
        "revenue": 194643000,
        "costOfRevenue": 90122000,
        "grossProfit": 104521000,
        "grossProfitRatio": 0.5369882297,
        "researchAndDevelopmentExpenses": 0,
        "generalAndAdministrativeExpenses": 7687000,
        "sellingAndMarketingExpenses": 0,
        "sellingGeneralAndAdministrativeExpenses": 7687000,
        "otherExpenses": 96834000,
        "operatingExpenses": 104521000,
        "costAndExpenses": 133587000,
        "interestIncome": 0,
        "interestExpense": 10258000,
        "depreciationAndAmortization": 73119000,
        "ebitda": -154423000,
        "ebitdaratio": -0.7933652893,
        "operatingIncome": 18327000,
        "operatingIncomeRatio": 0.0941569951,
        "totalOtherIncomeExpensesNet": -222934000,
        "incomeBeforeTax": -204607000,
        "incomeBeforeTaxRatio": -1.0511911551,
        "incomeTaxExpense": 237000,
        "netIncome": -190418000,
        "netIncomeRatio": -0.9782935939,
        "eps": -1.27,
        "epsdiluted": -1.27,
        "weightedAverageShsOut": 149687000,
        "weightedAverageShsOutDil": 149687000,
        "link": "https://www.sec.gov/Archives/edgar/data/912242/000091224221000004/0000912242-21-000004-index.htm",
        "finalLink": "https://www.sec.gov/Archives/edgar/data/912242/000091224221000004/mac-20201231.htm"
    },
    {
        "date": "2020-09-30",
        "symbol": "MAC",
        "reportedCurrency": "USD",
        "cik": "0000912242",
        "fillingDate": "2020-11-06",
        "acceptedDate": "2020-11-06 14:10:52",
        "calendarYear": "2020",
        "period": "Q3",
        "revenue": 185844000,
        "costOfRevenue": 83255000,
        "grossProfit": 102589000,
        "grossProfitRatio": 0.5520167452,
        "researchAndDevelopmentExpenses": 0,
        "generalAndAdministrativeExpenses": 7589000,
        "sellingAndMarketingExpenses": 0,
        "sellingGeneralAndAdministrativeExpenses": 7589000,
        "otherExpenses": 78605000,
        "operatingExpenses": 86194000,
        "costAndExpenses": 164504000,
        "interestIncome": 0,
        "interestExpense": 37184000,
        "depreciationAndAmortization": 78605000,
        "ebitda": 96417000,
        "ebitdaratio": 0.5188060954,
        "operatingIncome": 16395000,
        "operatingIncomeRatio": 0.0882191515,
        "totalOtherIncomeExpensesNet": -37911000,
        "incomeBeforeTax": -21516000,
        "incomeBeforeTaxRatio": -0.1157745206,
        "incomeTaxExpense": 1106000,
        "netIncome": -22191000,
        "netIncomeRatio": -0.1194065991,
        "eps": -0.15,
        "epsdiluted": -0.15,
        "weightedAverageShsOut": 149626000,
        "weightedAverageShsOutDil": 149626000,
        "link": "https://www.sec.gov/Archives/edgar/data/912242/000091224220000016/0000912242-20-000016-index.htm",
        "finalLink": "https://www.sec.gov/Archives/edgar/data/912242/000091224220000016/mac-20200930.htm"
    },
    {
        "date": "2020-06-30",
        "symbol": "MAC",
        "reportedCurrency": "USD",
        "cik": "0000912242",
        "fillingDate": "2020-08-10",
        "acceptedDate": "2020-08-10 16:11:21",
        "calendarYear": "2020",
        "period": "Q2",
        "revenue": 178587000,
        "costOfRevenue": 80228000,
        "grossProfit": 98359000,
        "grossProfitRatio": 0.5507623735,
        "researchAndDevelopmentExpenses": 0,
        "generalAndAdministrativeExpenses": 8242000,
        "sellingAndMarketingExpenses": 0,
        "sellingGeneralAndAdministrativeExpenses": 8242000,
        "otherExpenses": 80294000,
        "operatingExpenses": 92403000,
        "costAndExpenses": 172631000,
        "interestIncome": 32807000,
        "interestExpense": 52841000,
        "depreciationAndAmortization": 80294000,
        "ebitda": 73707000,
        "ebitdaratio": 0.4127232105,
        "operatingIncome": -4350000,
        "operatingIncomeRatio": -0.024357876,
        "totalOtherIncomeExpensesNet": -23901000,
        "incomeBeforeTax": -28251000,
        "incomeBeforeTaxRatio": -0.1581918057,
        "incomeTaxExpense": -1524000,
        "netIncome": -25116000,
        "netIncomeRatio": -0.1406373364,
        "eps": -0.18,
        "epsdiluted": -0.18,
        "weightedAverageShsOut": 144102000,
        "weightedAverageShsOutDil": 144102000,
        "link": "https://www.sec.gov/Archives/edgar/data/912242/000091224220000013/0000912242-20-000013-index.htm",
        "finalLink": "https://www.sec.gov/Archives/edgar/data/912242/000091224220000013/mac-20200630.htm"
    },
    {
        "date": "2020-03-31",
        "symbol": "MAC",
        "reportedCurrency": "USD",
        "cik": "0000912242",
        "fillingDate": "2020-05-11",
        "acceptedDate": "2020-05-11 16:21:07",
        "calendarYear": "2020",
        "period": "Q1",
        "revenue": 226952000,
        "costOfRevenue": 94374000,
        "grossProfit": 132578000,
        "grossProfitRatio": 0.5841675773,
        "researchAndDevelopmentExpenses": 0,
        "generalAndAdministrativeExpenses": 6821000,
        "sellingAndMarketingExpenses": 0,
        "sellingGeneralAndAdministrativeExpenses": 6821000,
        "otherExpenses": 82213000,
        "operatingExpenses": 89034000,
        "costAndExpenses": 183408000,
        "interestIncome": 0,
        "interestExpense": 8074000,
        "depreciationAndAmortization": 82213000,
        "ebitda": 90001000,
        "ebitdaratio": 0.3965640312,
        "operatingIncome": 43544000,
        "operatingIncomeRatio": 0.191864359,
        "totalOtherIncomeExpensesNet": -35079000,
        "incomeBeforeTax": 8465000,
        "incomeBeforeTaxRatio": 0.0372986358,
        "incomeTaxExpense": -266000,
        "netIncome": 7522000,
        "netIncomeRatio": 0.0331435722,
        "eps": 0.05,
        "epsdiluted": 0.05,
        "weightedAverageShsOut": 141437000,
        "weightedAverageShsOutDil": 141437000,
        "link": "https://www.sec.gov/Archives/edgar/data/912242/000091224220000007/0000912242-20-000007-index.htm",
        "finalLink": "https://www.sec.gov/Archives/edgar/data/912242/000091224220000007/mac-20200331.htm"
    },
    {
        "date": "2019-12-31",
        "symbol": "MAC",
        "reportedCurrency": "USD",
        "cik": "0000912242",
        "fillingDate": "2020-02-25",
        "acceptedDate": "2020-02-25 13:13:31",
        "calendarYear": "2019",
        "period": "Q4",
        "revenue": 241841000,
        "costOfRevenue": 92365000,
        "grossProfit": 149476000,
        "grossProfitRatio": 0.6180755124,
        "researchAndDevelopmentExpenses": 0,
        "generalAndAdministrativeExpenses": 5799000,
        "sellingAndMarketingExpenses": 0,
        "sellingGeneralAndAdministrativeExpenses": 5799000,
        "otherExpenses": 84086000,
        "operatingExpenses": 89885000,
        "costAndExpenses": 178734000,
        "interestIncome": 0,
        "interestExpense": 47989000,
        "depreciationAndAmortization": 84086000,
        "ebitda": 149340000,
        "ebitdaratio": 0.6175131595,
        "operatingIncome": 74098000,
        "operatingIncomeRatio": 0.3063913894,
        "totalOtherIncomeExpensesNet": -44473000,
        "incomeBeforeTax": 29625000,
        "incomeBeforeTaxRatio": 0.1224978395,
        "incomeTaxExpense": -114000,
        "netIncome": 26891000,
        "netIncomeRatio": 0.1111928912,
        "eps": 0.19,
        "epsdiluted": 0.19,
        "weightedAverageShsOut": 141407650,
        "weightedAverageShsOutDil": 141531578,
        "link": "https://www.sec.gov/Archives/edgar/data/912242/000091224220000004/0000912242-20-000004-index.htm",
        "finalLink": "https://www.sec.gov/Archives/edgar/data/912242/000091224220000004/mac-20191231.htm"
    },
    {
        "date": "2019-09-30",
        "symbol": "MAC",
        "reportedCurrency": "USD",
        "cik": "0000912242",
        "fillingDate": "2019-11-05",
        "acceptedDate": "2019-11-05 12:09:30",
        "calendarYear": "2019",
        "period": "Q3",
        "revenue": 231127000,
        "costOfRevenue": 92004000,
        "grossProfit": 139123000,
        "grossProfitRatio": 0.6019331363,
        "researchAndDevelopmentExpenses": 0,
        "generalAndAdministrativeExpenses": 5285000,
        "sellingAndMarketingExpenses": 0,
        "sellingGeneralAndAdministrativeExpenses": 5285000,
        "otherExpenses": 82787000,
        "operatingExpenses": 88072000,
        "costAndExpenses": 180204000,
        "interestIncome": 0,
        "interestExpense": 14799000,
        "depreciationAndAmortization": 82787000,
        "ebitda": 147805000,
        "ebitdaratio": 0.6394969,
        "operatingIncome": 65630000,
        "operatingIncomeRatio": 0.2839564395,
        "totalOtherIncomeExpensesNet": -14927000,
        "incomeBeforeTax": 50703000,
        "incomeBeforeTaxRatio": 0.2193728989,
        "incomeTaxExpense": 678000,
        "netIncome": 46371000,
        "netIncomeRatio": 0.2006299567,
        "eps": 0.33,
        "epsdiluted": 0.33,
        "weightedAverageShsOut": 141368000,
        "weightedAverageShsOutDil": 141368000,
        "link": "https://www.sec.gov/Archives/edgar/data/912242/000091224219000017/0000912242-19-000017-index.htm",
        "finalLink": "https://www.sec.gov/Archives/edgar/data/912242/000091224219000017/mac-20190930.htm"
    },
    {
        "date": "2019-06-30",
        "symbol": "MAC",
        "reportedCurrency": "USD",
        "cik": "0000912242",
        "fillingDate": "2019-08-05",
        "acceptedDate": "2019-08-05 14:48:49",
        "calendarYear": "2019",
        "period": "Q2",
        "revenue": 227972000,
        "costOfRevenue": 87461000,
        "grossProfit": 140511000,
        "grossProfitRatio": 0.6163520081,
        "researchAndDevelopmentExpenses": 0,
        "generalAndAdministrativeExpenses": 4589000,
        "sellingAndMarketingExpenses": 0,
        "sellingGeneralAndAdministrativeExpenses": 4589000,
        "otherExpenses": 82385000,
        "operatingExpenses": 86974000,
        "costAndExpenses": 183494000,
        "interestIncome": 13243000,
        "interestExpense": 50352000,
        "depreciationAndAmortization": 82385000,
        "ebitda": 153180000,
        "ebitdaratio": 0.6719246223,
        "operatingIncome": 53537000,
        "operatingIncomeRatio": 0.2348402435,
        "totalOtherIncomeExpensesNet": -38911000,
        "incomeBeforeTax": 14626000,
        "incomeBeforeTaxRatio": 0.0641570017,
        "incomeTaxExpense": 679000,
        "netIncome": 15734000,
        "netIncomeRatio": 0.0690172477,
        "eps": 0.11,
        "epsdiluted": 0.11,
        "weightedAverageShsOut": 141344000,
        "weightedAverageShsOutDil": 141344000,
        "link": "https://www.sec.gov/Archives/edgar/data/912242/000091224219000013/0000912242-19-000013-index.htm",
        "finalLink": "https://www.sec.gov/Archives/edgar/data/912242/000091224219000013/mac-6302019x10q.htm"
    },
    {
        "date": "2019-03-31",
        "symbol": "MAC",
        "reportedCurrency": "USD",
        "cik": "0000912242",
        "fillingDate": "2019-05-07",
        "acceptedDate": "2019-05-07 13:53:33",
        "calendarYear": "2019",
        "period": "Q1",
        "revenue": 226522000,
        "costOfRevenue": 96123000,
        "grossProfit": 130399000,
        "grossProfitRatio": 0.5756571106,
        "researchAndDevelopmentExpenses": 0,
        "generalAndAdministrativeExpenses": 6961000,
        "sellingAndMarketingExpenses": 0,
        "sellingGeneralAndAdministrativeExpenses": 6961000,
        "otherExpenses": 81468000,
        "operatingExpenses": 88429000,
        "costAndExpenses": 191219000,
        "interestIncome": 0,
        "interestExpense": 38357000,
        "depreciationAndAmortization": 81468000,
        "ebitda": 137703000,
        "ebitdaratio": 0.6079012193,
        "operatingIncome": 41970000,
        "operatingIncomeRatio": 0.185280017,
        "totalOtherIncomeExpensesNet": -32781000,
        "incomeBeforeTax": 9189000,
        "incomeBeforeTaxRatio": 0.0405655963,
        "incomeTaxExpense": 346000,
        "netIncome": 7824000,
        "netIncomeRatio": 0.0345396915,
        "eps": 0.0554,
        "epsdiluted": 0.0554,
        "weightedAverageShsOut": 141262000,
        "weightedAverageShsOutDil": 141262000,
        "link": "https://www.sec.gov/Archives/edgar/data/912242/000091224219000007/0000912242-19-000007-index.htm",
        "finalLink": "https://www.sec.gov/Archives/edgar/data/912242/000091224219000007/mac-3312019x10q.htm"
    },
    {
        "date": "2018-12-31",
        "symbol": "MAC",
        "reportedCurrency": "USD",
        "cik": "0000912242",
        "fillingDate": "2019-02-25",
        "acceptedDate": "2019-02-25 12:19:25",
        "calendarYear": "2018",
        "period": "Q4",
        "revenue": 246874000,
        "costOfRevenue": 85506000,
        "grossProfit": 161368000,
        "grossProfitRatio": 0.6536451793,
        "researchAndDevelopmentExpenses": 0,
        "generalAndAdministrativeExpenses": 5746000,
        "sellingAndMarketingExpenses": 0,
        "sellingGeneralAndAdministrativeExpenses": 5746000,
        "otherExpenses": 86828000,
        "operatingExpenses": 123613000,
        "costAndExpenses": 178080000,
        "interestIncome": 0,
        "interestExpense": 46485000,
        "depreciationAndAmortization": 86828000,
        "ebitda": 155622000,
        "ebitdaratio": 0.6303701483,
        "operatingIncome": 68794000,
        "operatingIncomeRatio": 0.2786603693,
        "totalOtherIncomeExpensesNet": -57353000,
        "incomeBeforeTax": 11441000,
        "incomeBeforeTaxRatio": 0.0463434789,
        "incomeTaxExpense": -1805000,
        "netIncome": 11749000,
        "netIncomeRatio": 0.0475910788,
        "eps": 0.0832,
        "epsdiluted": 0.0832,
        "weightedAverageShsOut": 149061460,
        "weightedAverageShsOutDil": 151581000,
        "link": "https://www.sec.gov/Archives/edgar/data/912242/000091224219000004/0000912242-19-000004-index.htm",
        "finalLink": "https://www.sec.gov/Archives/edgar/data/912242/000091224219000004/mac-2018x1231x10k.htm"
    },
    {
        "date": "2018-09-30",
        "symbol": "MAC",
        "reportedCurrency": "USD",
        "cik": "0000912242",
        "fillingDate": "2018-11-05",
        "acceptedDate": "2018-11-05 13:04:02",
        "calendarYear": "2018",
        "period": "Q3",
        "revenue": 242198000,
        "costOfRevenue": 93627000,
        "grossProfit": 148571000,
        "grossProfitRatio": 0.6134278565,
        "researchAndDevelopmentExpenses": 0,
        "generalAndAdministrativeExpenses": 5439000,
        "sellingAndMarketingExpenses": 0,
        "sellingGeneralAndAdministrativeExpenses": 5439000,
        "otherExpenses": 81803000,
        "operatingExpenses": 87242000,
        "costAndExpenses": 180869000,
        "interestIncome": 0,
        "interestExpense": 44927000,
        "depreciationAndAmortization": 81803000,
        "ebitda": 210254000,
        "ebitdaratio": 0.8681079117,
        "operatingIncome": 61329000,
        "operatingIncomeRatio": 0.2532184411,
        "totalOtherIncomeExpensesNet": 20378000,
        "incomeBeforeTax": 81707000,
        "incomeBeforeTaxRatio": 0.3373562127,
        "incomeTaxExpense": 466000,
        "netIncome": 74028000,
        "netIncomeRatio": 0.3056507486,
        "eps": 0.52,
        "epsdiluted": 0.52,
        "weightedAverageShsOut": 141196000,
        "weightedAverageShsOutDil": 141196000,
        "link": "https://www.sec.gov/Archives/edgar/data/912242/000091224218000015/0000912242-18-000015-index.htm",
        "finalLink": "https://www.sec.gov/Archives/edgar/data/912242/000091224218000015/mac-9302018x10q.htm"
    },
    {
        "date": "2018-06-30",
        "symbol": "MAC",
        "reportedCurrency": "USD",
        "cik": "0000912242",
        "fillingDate": "2018-08-03",
        "acceptedDate": "2018-08-03 14:31:58",
        "calendarYear": "2018",
        "period": "Q2",
        "revenue": 234545000,
        "costOfRevenue": 89038000,
        "grossProfit": 145507000,
        "grossProfitRatio": 0.6203798845,
        "researchAndDevelopmentExpenses": 0,
        "generalAndAdministrativeExpenses": 4956000,
        "sellingAndMarketingExpenses": 0,
        "sellingGeneralAndAdministrativeExpenses": 4956000,
        "otherExpenses": 98237000,
        "operatingExpenses": 117216000,
        "costAndExpenses": 192231000,
        "interestIncome": 0,
        "interestExpense": 38915000,
        "depreciationAndAmortization": 78868000,
        "ebitda": 121182000,
        "ebitdaratio": 0.5166684432,
        "operatingIncome": 42314000,
        "operatingIncomeRatio": 0.1804088768,
        "totalOtherIncomeExpensesNet": -32764000,
        "incomeBeforeTax": 9550000,
        "incomeBeforeTaxRatio": 0.0407171332,
        "incomeTaxExpense": 684000,
        "netIncome": 7816000,
        "netIncomeRatio": 0.0333240956,
        "eps": 0.0554,
        "epsdiluted": 0.0554,
        "weightedAverageShsOut": 141184335,
        "weightedAverageShsOutDil": 141184335,
        "link": "https://www.sec.gov/Archives/edgar/data/912242/000091224218000012/0000912242-18-000012-index.htm",
        "finalLink": "https://www.sec.gov/Archives/edgar/data/912242/000091224218000012/mac-6302018x10q.htm"
    },
    {
        "date": "2018-03-31",
        "symbol": "MAC",
        "reportedCurrency": "USD",
        "cik": "0000912242",
        "fillingDate": "2018-05-07",
        "acceptedDate": "2018-05-07 13:07:05",
        "calendarYear": "2018",
        "period": "Q1",
        "revenue": 236734000,
        "costOfRevenue": 112833000,
        "grossProfit": 123901000,
        "grossProfitRatio": 0.5233764478,
        "researchAndDevelopmentExpenses": 0,
        "generalAndAdministrativeExpenses": 8019000,
        "sellingAndMarketingExpenses": 0,
        "sellingGeneralAndAdministrativeExpenses": 8019000,
        "otherExpenses": 79937000,
        "operatingExpenses": 87956000,
        "costAndExpenses": 200789000,
        "interestIncome": 0,
        "interestExpense": 52635000,
        "depreciationAndAmortization": 79937000,
        "ebitda": 115882000,
        "ebitdaratio": 0.4895029865,
        "operatingIncome": 35945000,
        "operatingIncomeRatio": 0.151837083,
        "totalOtherIncomeExpensesNet": -73275000,
        "incomeBeforeTax": -37330000,
        "incomeBeforeTaxRatio": -0.1576875312,
        "incomeTaxExpense": -2949000,
        "netIncome": -33573000,
        "netIncomeRatio": -0.1418173984,
        "eps": -0.24,
        "epsdiluted": -0.24,
        "weightedAverageShsOut": 141024000,
        "weightedAverageShsOutDil": 141050000,
        "link": "https://www.sec.gov/Archives/edgar/data/912242/000091224218000007/0000912242-18-000007-index.htm",
        "finalLink": "https://www.sec.gov/Archives/edgar/data/912242/000091224218000007/mac-3312018x10q.htm"
    },
    {
        "date": "2017-12-31",
        "symbol": "MAC",
        "reportedCurrency": "USD",
        "cik": "0000912242",
        "fillingDate": "2018-04-30",
        "acceptedDate": "2018-04-30 17:29:03",
        "calendarYear": "2017",
        "period": "Q4",
        "revenue": 256743000,
        "costOfRevenue": 96005000,
        "grossProfit": 160738000,
        "grossProfitRatio": 0.6260657545,
        "researchAndDevelopmentExpenses": 0,
        "generalAndAdministrativeExpenses": 7032000,
        "sellingAndMarketingExpenses": 0,
        "sellingGeneralAndAdministrativeExpenses": 7032000,
        "otherExpenses": 153706000,
        "operatingExpenses": 89290000,
        "costAndExpenses": 189005000,
        "interestIncome": 0,
        "interestExpense": 44889000,
        "depreciationAndAmortization": 86926000,
        "ebitda": 153706000,
        "ebitdaratio": 0.5986764975,
        "operatingIncome": 67738000,
        "operatingIncomeRatio": 0.2638358203,
        "totalOtherIncomeExpensesNet": -13382000,
        "incomeBeforeTax": 54356000,
        "incomeBeforeTaxRatio": 0.2117136592,
        "incomeTaxExpense": 15772000,
        "netIncome": 32751000,
        "netIncomeRatio": 0.127563361,
        "eps": 0.23,
        "epsdiluted": 0.23,
        "weightedAverageShsOut": 142395652,
        "weightedAverageShsOutDil": 142395652,
        "link": "https://www.sec.gov/Archives/edgar/data/912242/000119312518143924/0001193125-18-143924-index.htm",
        "finalLink": "https://www.sec.gov/Archives/edgar/data/912242/000119312518143924/d573690d10ka.htm"
    },
    {
        "date": "2017-09-30",
        "symbol": "MAC",
        "reportedCurrency": "USD",
        "cik": "0000912242",
        "fillingDate": "2017-11-03",
        "acceptedDate": "2017-11-03 14:37:38",
        "calendarYear": "2017",
        "period": "Q3",
        "revenue": 242451000,
        "costOfRevenue": 97644000,
        "grossProfit": 144807000,
        "grossProfitRatio": 0.5972629521,
        "researchAndDevelopmentExpenses": 0,
        "generalAndAdministrativeExpenses": 5287000,
        "sellingAndMarketingExpenses": 0,
        "sellingGeneralAndAdministrativeExpenses": 5287000,
        "otherExpenses": 139520000,
        "operatingExpenses": 93576000,
        "costAndExpenses": 186078000,
        "interestIncome": 0,
        "interestExpense": 43265000,
        "depreciationAndAmortization": 83147000,
        "ebitda": 139520000,
        "ebitdaratio": 0.575456484,
        "operatingIncome": 56373000,
        "operatingIncomeRatio": 0.2325129614,
        "totalOtherIncomeExpensesNet": -34276000,
        "incomeBeforeTax": 22097000,
        "incomeBeforeTaxRatio": 0.0911400654,
        "incomeTaxExpense": 2869000,
        "netIncome": 17498000,
        "netIncomeRatio": 0.0721712841,
        "eps": 0.12,
        "epsdiluted": 0.12,
        "weightedAverageShsOut": 140918189,
        "weightedAverageShsOutDil": 141310000,
        "link": "https://www.sec.gov/Archives/edgar/data/912242/000091224217000017/0000912242-17-000017-index.htm",
        "finalLink": "https://www.sec.gov/Archives/edgar/data/912242/000091224217000017/mac-9302017x10q.htm"
    },
    {
        "date": "2017-06-30",
        "symbol": "MAC",
        "reportedCurrency": "USD",
        "cik": "0000912242",
        "fillingDate": "2017-08-07",
        "acceptedDate": "2017-08-07 14:36:43",
        "calendarYear": "2017",
        "period": "Q2",
        "revenue": 247423000,
        "costOfRevenue": 97248000,
        "grossProfit": 150175000,
        "grossProfitRatio": 0.6069565077,
        "researchAndDevelopmentExpenses": 0,
        "generalAndAdministrativeExpenses": 7458000,
        "sellingAndMarketingExpenses": 0,
        "sellingGeneralAndAdministrativeExpenses": 7458000,
        "otherExpenses": 142717000,
        "operatingExpenses": 88249000,
        "costAndExpenses": 187949000,
        "interestIncome": 0,
        "interestExpense": 42321000,
        "depreciationAndAmortization": 83243000,
        "ebitda": 152748000,
        "ebitdaratio": 0.6173557026,
        "operatingIncome": 59474000,
        "operatingIncomeRatio": 0.2403737729,
        "totalOtherIncomeExpensesNet": -29985000,
        "incomeBeforeTax": 29489000,
        "incomeBeforeTaxRatio": 0.1191845544,
        "incomeTaxExpense": 437000,
        "netIncome": 26638000,
        "netIncomeRatio": 0.1076617776,
        "eps": 0.19,
        "epsdiluted": 0.19,
        "weightedAverageShsOut": 141570272,
        "weightedAverageShsOutDil": 141570272,
        "link": "https://www.sec.gov/Archives/edgar/data/912242/000091224217000012/0000912242-17-000012-index.htm",
        "finalLink": "https://www.sec.gov/Archives/edgar/data/912242/000091224217000012/mac-6302017x10q.htm"
    },
    {
        "date": "2017-03-31",
        "symbol": "MAC",
        "reportedCurrency": "USD",
        "cik": "0000912242",
        "fillingDate": "2017-05-01",
        "acceptedDate": "2017-05-01 14:35:55",
        "calendarYear": "2017",
        "period": "Q1",
        "revenue": 247045000,
        "costOfRevenue": 104414000,
        "grossProfit": 142631000,
        "grossProfitRatio": 0.5773482564,
        "researchAndDevelopmentExpenses": 0,
        "generalAndAdministrativeExpenses": 8463000,
        "sellingAndMarketingExpenses": 0,
        "sellingGeneralAndAdministrativeExpenses": 8463000,
        "otherExpenses": 134168000,
        "operatingExpenses": 142631000,
        "costAndExpenses": 195950000,
        "interestIncome": 0,
        "interestExpense": 41301000,
        "depreciationAndAmortization": 83073000,
        "ebitda": 134168000,
        "ebitdaratio": 0.5430913396,
        "operatingIncome": 51095000,
        "operatingIncomeRatio": 0.2068246676,
        "totalOtherIncomeExpensesNet": 20230000,
        "incomeBeforeTax": 71325000,
        "incomeBeforeTaxRatio": 0.2887125827,
        "incomeTaxExpense": -3484000,
        "netIncome": 69243000,
        "netIncomeRatio": 0.2802849683,
        "eps": 0.48,
        "epsdiluted": 0.48,
        "weightedAverageShsOut": 143596000,
        "weightedAverageShsOutDil": 143655000,
        "link": "https://www.sec.gov/Archives/edgar/data/912242/000091224217000006/0000912242-17-000006-index.htm",
        "finalLink": "https://www.sec.gov/Archives/edgar/data/912242/000091224217000006/mac-3312017x10q.htm"
    },
    {
        "date": "2016-12-31",
        "symbol": "MAC",
        "reportedCurrency": "USD",
        "cik": "0000912242",
        "fillingDate": "2017-02-24",
        "acceptedDate": "2017-02-24 14:25:38",
        "calendarYear": "2016",
        "period": "Q4",
        "revenue": 272000000,
        "costOfRevenue": 100918000,
        "grossProfit": 171082000,
        "grossProfitRatio": 0.6289779412,
        "researchAndDevelopmentExpenses": 0,
        "generalAndAdministrativeExpenses": 4977000,
        "sellingAndMarketingExpenses": 0,
        "sellingGeneralAndAdministrativeExpenses": 4977000,
        "otherExpenses": 166105000,
        "operatingExpenses": 105082000,
        "costAndExpenses": 195286000,
        "interestIncome": 0,
        "interestExpense": 42721000,
        "depreciationAndAmortization": 89391000,
        "ebitda": 170932000,
        "ebitdaratio": 0.6284264706,
        "operatingIncome": 76714000,
        "operatingIncomeRatio": 0.2820367647,
        "totalOtherIncomeExpensesNet": -37894000,
        "incomeBeforeTax": 38820000,
        "incomeBeforeTaxRatio": 0.1427205882,
        "incomeTaxExpense": -2014000,
        "netIncome": 36935000,
        "netIncomeRatio": 0.1357904412,
        "eps": 0.26,
        "epsdiluted": 0.26,
        "weightedAverageShsOut": 143985036,
        "weightedAverageShsOutDil": 143985036,
        "link": "https://www.sec.gov/Archives/edgar/data/912242/000091224217000003/0000912242-17-000003-index.htm",
        "finalLink": "https://www.sec.gov/Archives/edgar/data/912242/000091224217000003/mac-2016x1231x10k.htm"
    },
    {
        "date": "2016-09-30",
        "symbol": "MAC",
        "reportedCurrency": "USD",
        "cik": "0000912242",
        "fillingDate": "2016-11-02",
        "acceptedDate": "2016-11-02 12:52:08",
        "calendarYear": "2016",
        "period": "Q3",
        "revenue": 253367000,
        "costOfRevenue": 99595000,
        "grossProfit": 153772000,
        "grossProfitRatio": 0.6069140812,
        "researchAndDevelopmentExpenses": 0,
        "generalAndAdministrativeExpenses": 6930000,
        "sellingAndMarketingExpenses": 0,
        "sellingGeneralAndAdministrativeExpenses": 6930000,
        "otherExpenses": 146842000,
        "operatingExpenses": 108114000,
        "costAndExpenses": 193501000,
        "interestIncome": 0,
        "interestExpense": 39983000,
        "depreciationAndAmortization": 86976000,
        "ebitda": 146842000,
        "ebitdaratio": 0.5795624529,
        "operatingIncome": 59866000,
        "operatingIncomeRatio": 0.2362817573,
        "totalOtherIncomeExpensesNet": -45765000,
        "incomeBeforeTax": 14101000,
        "incomeBeforeTaxRatio": 0.0556544459,
        "incomeTaxExpense": 905000,
        "netIncome": 13730000,
        "netIncomeRatio": 0.0541901668,
        "eps": 0.0954,
        "epsdiluted": 0.0954,
        "weightedAverageShsOut": 150666666,
        "weightedAverageShsOutDil": 144036000,
        "link": "https://www.sec.gov/Archives/edgar/data/912242/000091224216000034/0000912242-16-000034-index.htm",
        "finalLink": "https://www.sec.gov/Archives/edgar/data/912242/000091224216000034/mac-9302016x10q.htm"
    },
    {
        "date": "2016-06-30",
        "symbol": "MAC",
        "reportedCurrency": "USD",
        "cik": "0000912242",
        "fillingDate": "2016-08-03",
        "acceptedDate": "2016-08-03 14:47:02",
        "calendarYear": "2016",
        "period": "Q2",
        "revenue": 259904000,
        "costOfRevenue": 98209000,
        "grossProfit": 161695000,
        "grossProfitRatio": 0.622133557,
        "researchAndDevelopmentExpenses": 0,
        "generalAndAdministrativeExpenses": 7681000,
        "sellingAndMarketingExpenses": 0,
        "sellingGeneralAndAdministrativeExpenses": 7681000,
        "otherExpenses": 154014000,
        "operatingExpenses": 161695000,
        "costAndExpenses": 180165000,
        "interestIncome": 0,
        "interestExpense": 41195000,
        "depreciationAndAmortization": 85190000,
        "ebitda": 176333000,
        "ebitdaratio": 0.6784543524,
        "operatingIncome": 80228000,
        "operatingIncomeRatio": 0.3086832061,
        "totalOtherIncomeExpensesNet": -30280000,
        "incomeBeforeTax": 49948000,
        "incomeBeforeTaxRatio": 0.1921786506,
        "incomeTaxExpense": 514000,
        "netIncome": 45222000,
        "netIncomeRatio": 0.1739950135,
        "eps": 0.31,
        "epsdiluted": 0.31,
        "weightedAverageShsOut": 144678083,
        "weightedAverageShsOutDil": 144678083,
        "link": "https://www.sec.gov/Archives/edgar/data/912242/000091224216000029/0000912242-16-000029-index.htm",
        "finalLink": "https://www.sec.gov/Archives/edgar/data/912242/000091224216000029/mac-6302016x10q.htm"
    },
    {
        "date": "2016-03-31",
        "symbol": "MAC",
        "reportedCurrency": "USD",
        "cik": "0000912242",
        "fillingDate": "2016-05-06",
        "acceptedDate": "2016-05-06 12:10:37",
        "calendarYear": "2016",
        "period": "Q1",
        "revenue": 256000000,
        "costOfRevenue": 107224000,
        "grossProfit": 148776000,
        "grossProfitRatio": 0.58115625,
        "researchAndDevelopmentExpenses": 0,
        "generalAndAdministrativeExpenses": 8629000,
        "sellingAndMarketingExpenses": 0,
        "sellingGeneralAndAdministrativeExpenses": 8629000,
        "otherExpenses": 140147000,
        "operatingExpenses": 51424000,
        "costAndExpenses": 202784000,
        "interestIncome": 0,
        "interestExpense": 39776000,
        "depreciationAndAmortization": 86931000,
        "ebitda": 506529000,
        "ebitdaratio": 1.9786289063,
        "operatingIncome": 53216000,
        "operatingIncomeRatio": 0.207875,
        "totalOtherIncomeExpensesNet": 399476000,
        "incomeBeforeTax": 452692000,
        "incomeBeforeTaxRatio": 1.768328125,
        "incomeTaxExpense": 1317000,
        "netIncome": 420915000,
        "netIncomeRatio": 1.6441992188,
        "eps": 2.77,
        "epsdiluted": 2.76,
        "weightedAverageShsOut": 151984000,
        "weightedAverageShsOutDil": 152103000,
        "link": "https://www.sec.gov/Archives/edgar/data/912242/000091224216000022/0000912242-16-000022-index.htm",
        "finalLink": "https://www.sec.gov/Archives/edgar/data/912242/000091224216000022/mac-3312016x10q.htm"
    },
    {
        "date": "2015-12-31",
        "symbol": "MAC",
        "reportedCurrency": "USD",
        "cik": "0000912242",
        "fillingDate": "2016-02-23",
        "acceptedDate": "2016-02-23 14:22:27",
        "calendarYear": "2015",
        "period": "Q4",
        "revenue": 320758000,
        "costOfRevenue": 113945000,
        "grossProfit": 206813000,
        "grossProfitRatio": 0.6447633418,
        "researchAndDevelopmentExpenses": 0,
        "generalAndAdministrativeExpenses": 7210000,
        "sellingAndMarketingExpenses": 0,
        "sellingGeneralAndAdministrativeExpenses": 7210000,
        "otherExpenses": 199603000,
        "operatingExpenses": 114245000,
        "costAndExpenses": 228190000,
        "interestIncome": 0,
        "interestExpense": 48805000,
        "depreciationAndAmortization": 115696000,
        "ebitda": 616887000,
        "ebitdaratio": 1.9232162565,
        "operatingIncome": 293828000,
        "operatingIncomeRatio": 0.916042624,
        "totalOtherIncomeExpensesNet": 149211000,
        "incomeBeforeTax": 443039000,
        "incomeBeforeTaxRatio": 1.381225098,
        "incomeTaxExpense": -1146000,
        "netIncome": 414959000,
        "netIncomeRatio": 1.2936824647,
        "eps": 2.69,
        "epsdiluted": 2.69,
        "weightedAverageShsOut": 156325016,
        "weightedAverageShsOutDil": 156588301,
        "link": "https://www.sec.gov/Archives/edgar/data/912242/000091224216000020/0000912242-16-000020-index.htm",
        "finalLink": "https://www.sec.gov/Archives/edgar/data/912242/000091224216000020/mac-2015x1231x10k.htm"
    },
    {
        "date": "2015-09-30",
        "symbol": "MAC",
        "reportedCurrency": "USD",
        "cik": "0000912242",
        "fillingDate": "2015-11-05",
        "acceptedDate": "2015-11-05 12:19:10",
        "calendarYear": "2015",
        "period": "Q3",
        "revenue": 326262000,
        "costOfRevenue": 115962000,
        "grossProfit": 210300000,
        "grossProfitRatio": 0.6445739927,
        "researchAndDevelopmentExpenses": 0,
        "generalAndAdministrativeExpenses": 6688000,
        "sellingAndMarketingExpenses": 0,
        "sellingGeneralAndAdministrativeExpenses": 6688000,
        "otherExpenses": 203612000,
        "operatingExpenses": 124174000,
        "costAndExpenses": 243714000,
        "interestIncome": 0,
        "interestExpense": 54956000,
        "depreciationAndAmortization": 117486000,
        "ebitda": 209023000,
        "ebitdaratio": 0.6406599604,
        "operatingIncome": 93989000,
        "operatingIncomeRatio": 0.2880782929,
        "totalOtherIncomeExpensesNet": -58534000,
        "incomeBeforeTax": 35455000,
        "incomeBeforeTaxRatio": 0.1086703324,
        "incomeTaxExpense": -859000,
        "netIncome": 33597000,
        "netIncomeRatio": 0.1029755227,
        "eps": 0.21,
        "epsdiluted": 0.21,
        "weightedAverageShsOut": 158634000,
        "weightedAverageShsOutDil": 158634000,
        "link": "https://www.sec.gov/Archives/edgar/data/912242/000091224215000017/0000912242-15-000017-index.htm",
        "finalLink": "https://www.sec.gov/Archives/edgar/data/912242/000091224215000017/mac-9302015x10q.htm"
    },
    {
        "date": "2015-06-30",
        "symbol": "MAC",
        "reportedCurrency": "USD",
        "cik": "0000912242",
        "fillingDate": "2015-08-04",
        "acceptedDate": "2015-08-04 12:36:18",
        "calendarYear": "2015",
        "period": "Q2",
        "revenue": 322794000,
        "costOfRevenue": 114116000,
        "grossProfit": 208678000,
        "grossProfitRatio": 0.6464742219,
        "researchAndDevelopmentExpenses": 0,
        "generalAndAdministrativeExpenses": 7550000,
        "sellingAndMarketingExpenses": 0,
        "sellingGeneralAndAdministrativeExpenses": 7550000,
        "otherExpenses": 201128000,
        "operatingExpenses": 144600000,
        "costAndExpenses": 258716000,
        "interestIncome": 0,
        "interestExpense": 54896000,
        "depreciationAndAmortization": 115990000,
        "ebitda": 204066000,
        "ebitdaratio": 0.6321864719,
        "operatingIncome": 88076000,
        "operatingIncomeRatio": 0.2728551336,
        "totalOtherIncomeExpensesNet": -72613000,
        "incomeBeforeTax": 15463000,
        "incomeBeforeTaxRatio": 0.0479036165,
        "incomeTaxExpense": -283000,
        "netIncome": 14395000,
        "netIncomeRatio": 0.0445950049,
        "eps": 0.09,
        "epsdiluted": 0.09,
        "weightedAverageShsOut": 158501000,
        "weightedAverageShsOutDil": 158633000,
        "link": "https://www.sec.gov/Archives/edgar/data/912242/000091224215000013/0000912242-15-000013-index.htm",
        "finalLink": "https://www.sec.gov/Archives/edgar/data/912242/000091224215000013/mac-6302015x10q.htm"
    },
    {
        "date": "2015-03-31",
        "symbol": "MAC",
        "reportedCurrency": "USD",
        "cik": "0000912242",
        "fillingDate": "2015-05-07",
        "acceptedDate": "2015-05-07 13:42:32",
        "calendarYear": "2015",
        "period": "Q1",
        "revenue": 318335000,
        "costOfRevenue": 128132000,
        "grossProfit": 190203000,
        "grossProfitRatio": 0.5974932068,
        "researchAndDevelopmentExpenses": 0,
        "generalAndAdministrativeExpenses": 8422000,
        "sellingAndMarketingExpenses": 0,
        "sellingGeneralAndAdministrativeExpenses": 8422000,
        "otherExpenses": 181781000,
        "operatingExpenses": 129040000,
        "costAndExpenses": 245461000,
        "interestIncome": 0,
        "interestExpense": 53286000,
        "depreciationAndAmortization": 120618000,
        "ebitda": 185059000,
        "ebitdaratio": 0.5813341291,
        "operatingIncome": 67307000,
        "operatingIncomeRatio": 0.2114344951,
        "totalOtherIncomeExpensesNet": -41575000,
        "incomeBeforeTax": 25732000,
        "incomeBeforeTaxRatio": 0.0808330846,
        "incomeTaxExpense": -935000,
        "netIncome": 24611000,
        "netIncomeRatio": 0.0773116371,
        "eps": 0.16,
        "epsdiluted": 0.16,
        "weightedAverageShsOut": 158336000,
        "weightedAverageShsOutDil": 158492995,
        "link": "https://www.sec.gov/Archives/edgar/data/912242/000091224215000009/0000912242-15-000009-index.htm",
        "finalLink": "https://www.sec.gov/Archives/edgar/data/912242/000091224215000009/mac-3312015x10q.htm"
    },
    {
        "date": "2014-12-31",
        "symbol": "MAC",
        "reportedCurrency": "USD",
        "cik": "0000912242",
        "fillingDate": "2015-04-30",
        "acceptedDate": "2015-04-30 16:33:05",
        "calendarYear": "2014",
        "period": "Q4",
        "revenue": 322909000,
        "costOfRevenue": 119161000,
        "grossProfit": 203748000,
        "grossProfitRatio": 0.630976529,
        "researchAndDevelopmentExpenses": 0,
        "generalAndAdministrativeExpenses": 12073000,
        "sellingAndMarketingExpenses": 0,
        "sellingGeneralAndAdministrativeExpenses": 12073000,
        "otherExpenses": 191675000,
        "operatingExpenses": 69967000,
        "costAndExpenses": 243751000,
        "interestIncome": 0,
        "interestExpense": 50748000,
        "depreciationAndAmortization": 112517000,
        "ebitda": 1511609000,
        "ebitdaratio": 4.6812228832,
        "operatingIncome": 1430897000,
        "operatingIncomeRatio": 4.4312701102,
        "totalOtherIncomeExpensesNet": 99151000,
        "incomeBeforeTax": 1530048000,
        "incomeBeforeTaxRatio": 4.7383256583,
        "incomeTaxExpense": -510000,
        "netIncome": 1429221000,
        "netIncomeRatio": 4.4260797934,
        "eps": 9.03,
        "epsdiluted": 9.03,
        "weightedAverageShsOut": 158201996,
        "weightedAverageShsOutDil": 158201996,
        "link": "https://www.sec.gov/Archives/edgar/data/912242/000104746915004226/0001047469-15-004226-index.htm",
        "finalLink": "https://www.sec.gov/Archives/edgar/data/912242/000104746915004226/a2224484z10-ka.htm"
    },
    {
        "date": "2014-09-30",
        "symbol": "MAC",
        "reportedCurrency": "USD",
        "cik": "0000912242",
        "fillingDate": "2014-11-03",
        "acceptedDate": "2014-11-03 12:01:17",
        "calendarYear": "2014",
        "period": "Q3",
        "revenue": 263492000,
        "costOfRevenue": 106860000,
        "grossProfit": 156632000,
        "grossProfitRatio": 0.5944468902,
        "researchAndDevelopmentExpenses": 0,
        "generalAndAdministrativeExpenses": 5339000,
        "sellingAndMarketingExpenses": 0,
        "sellingGeneralAndAdministrativeExpenses": 5339000,
        "otherExpenses": 151293000,
        "operatingExpenses": 156632000,
        "costAndExpenses": 192425000,
        "interestIncome": 0,
        "interestExpense": 47803000,
        "depreciationAndAmortization": 90380000,
        "ebitda": 176238000,
        "ebitdaratio": 0.6688552214,
        "operatingIncome": 76343000,
        "operatingIncomeRatio": 0.2897355517,
        "totalOtherIncomeExpensesNet": -38288000,
        "incomeBeforeTax": 38055000,
        "incomeBeforeTaxRatio": 0.1444256372,
        "incomeTaxExpense": -689000,
        "netIncome": 35914000,
        "netIncomeRatio": 0.1363001533,
        "eps": 0.25,
        "epsdiluted": 0.25,
        "weightedAverageShsOut": 141060000,
        "weightedAverageShsOutDil": 141060000,
        "link": "https://www.sec.gov/Archives/edgar/data/912242/000091224214000013/0000912242-14-000013-index.htm",
        "finalLink": "https://www.sec.gov/Archives/edgar/data/912242/000091224214000013/mac-9302014x10q.htm"
    },
    {
        "date": "2014-06-30",
        "symbol": "MAC",
        "reportedCurrency": "USD",
        "cik": "0000912242",
        "fillingDate": "2014-08-01",
        "acceptedDate": "2014-08-01 11:01:03",
        "calendarYear": "2014",
        "period": "Q2",
        "revenue": 254337000,
        "costOfRevenue": 102761000,
        "grossProfit": 151576000,
        "grossProfitRatio": 0.5959651958,
        "researchAndDevelopmentExpenses": 0,
        "generalAndAdministrativeExpenses": 5123000,
        "sellingAndMarketingExpenses": 0,
        "sellingGeneralAndAdministrativeExpenses": 5123000,
        "otherExpenses": 146453000,
        "operatingExpenses": 102379000,
        "costAndExpenses": 205140000,
        "interestIncome": 0,
        "interestExpense": 45800000,
        "depreciationAndAmortization": 88583000,
        "ebitda": 149471000,
        "ebitdaratio": 0.5876887751,
        "operatingIncome": 58652000,
        "operatingIncomeRatio": 0.2306074224,
        "totalOtherIncomeExpensesNet": -43564000,
        "incomeBeforeTax": 15088000,
        "incomeBeforeTaxRatio": 0.0593228669,
        "incomeTaxExpense": -2898000,
        "netIncome": 16088000,
        "netIncomeRatio": 0.0632546582,
        "eps": 0.11,
        "epsdiluted": 0.11,
        "weightedAverageShsOut": 145163636,
        "weightedAverageShsOutDil": 141036000,
        "link": "https://www.sec.gov/Archives/edgar/data/912242/000091224214000010/0000912242-14-000010-index.htm",
        "finalLink": "https://www.sec.gov/Archives/edgar/data/912242/000091224214000010/mac-6302014x10q.htm"
    },
    {
        "date": "2014-03-31",
        "symbol": "MAC",
        "reportedCurrency": "USD",
        "cik": "0000912242",
        "fillingDate": "2014-05-05",
        "acceptedDate": "2014-05-05 12:02:14",
        "calendarYear": "2014",
        "period": "Q1",
        "revenue": 264512000,
        "costOfRevenue": 113148000,
        "grossProfit": 151364000,
        "grossProfitRatio": 0.5722386886,
        "researchAndDevelopmentExpenses": 0,
        "generalAndAdministrativeExpenses": 6877000,
        "sellingAndMarketingExpenses": 0,
        "sellingGeneralAndAdministrativeExpenses": 6877000,
        "otherExpenses": 144487000,
        "operatingExpenses": 151364000,
        "costAndExpenses": 210651000,
        "interestIncome": 0,
        "interestExpense": 46338000,
        "depreciationAndAmortization": 89072000,
        "ebitda": 156851000,
        "ebitdaratio": 0.592982549,
        "operatingIncome": 67779000,
        "operatingIncomeRatio": 0.2562416828,
        "totalOtherIncomeExpensesNet": -48307000,
        "incomeBeforeTax": 19472000,
        "incomeBeforeTaxRatio": 0.0736148076,
        "incomeTaxExpense": -172000,
        "netIncome": 17819000,
        "netIncomeRatio": 0.0673655638,
        "eps": 0.13,
        "epsdiluted": 0.13,
        "weightedAverageShsOut": 140767000,
        "weightedAverageShsOutDil": 140817000,
        "link": "https://www.sec.gov/Archives/edgar/data/912242/000091224214000006/0000912242-14-000006-index.htm",
        "finalLink": "https://www.sec.gov/Archives/edgar/data/912242/000091224214000006/mac-3312014x10q.htm"
    },
    {
        "date": "2013-12-31",
        "symbol": "MAC",
        "reportedCurrency": "USD",
        "cik": "0000912242",
        "fillingDate": "2014-02-21",
        "acceptedDate": "2014-02-21 12:40:37",
        "calendarYear": "2013",
        "period": "Q4",
        "revenue": 256568000,
        "costOfRevenue": 105320000,
        "grossProfit": 151248000,
        "grossProfitRatio": 0.5895045368,
        "researchAndDevelopmentExpenses": 0,
        "generalAndAdministrativeExpenses": 9100000,
        "sellingAndMarketingExpenses": 0,
        "sellingGeneralAndAdministrativeExpenses": 9100000,
        "otherExpenses": 142148000,
        "operatingExpenses": 141870000,
        "costAndExpenses": 255488000,
        "interestIncome": 0,
        "interestExpense": 38528000,
        "depreciationAndAmortization": 90343000,
        "ebitda": 134342000,
        "ebitdaratio": 0.5236116741,
        "operatingIncome": 57679000,
        "operatingIncomeRatio": 0.224809797,
        "totalOtherIncomeExpensesNet": -59143000,
        "incomeBeforeTax": -1464000,
        "incomeBeforeTaxRatio": -0.0057060896,
        "incomeTaxExpense": 571000,
        "netIncome": 144878000,
        "netIncomeRatio": 0.5646768108,
        "eps": 1.03,
        "epsdiluted": 1.03,
        "weightedAverageShsOut": 140182500,
        "weightedAverageShsOutDil": 140248500,
        "link": "https://www.sec.gov/Archives/edgar/data/912242/000091224214000003/0000912242-14-000003-index.htm",
        "finalLink": "https://www.sec.gov/Archives/edgar/data/912242/000091224214000003/mac-2013x1231x10k.htm"
    },
    {
        "date": "2013-09-30",
        "symbol": "MAC",
        "reportedCurrency": "USD",
        "cik": "0000912242",
        "fillingDate": "2013-11-04",
        "acceptedDate": "2013-11-04 13:08:33",
        "calendarYear": "2013",
        "period": "Q3",
        "revenue": 266556000,
        "costOfRevenue": 109220000,
        "grossProfit": 157336000,
        "grossProfitRatio": 0.5902549558,
        "researchAndDevelopmentExpenses": 0,
        "generalAndAdministrativeExpenses": 5955000,
        "sellingAndMarketingExpenses": 0,
        "sellingGeneralAndAdministrativeExpenses": 5955000,
        "otherExpenses": 145814000,
        "operatingExpenses": 151769000,
        "costAndExpenses": 206521000,
        "interestIncome": 0,
        "interestExpense": 49603000,
        "depreciationAndAmortization": 92799000,
        "ebitda": 183285000,
        "ebitdaratio": 0.6876041057,
        "operatingIncome": 90486000,
        "operatingIncomeRatio": 0.3394633773,
        "totalOtherIncomeExpensesNet": -41360000,
        "incomeBeforeTax": 49126000,
        "incomeBeforeTaxRatio": 0.1842989841,
        "incomeTaxExpense": -543000,
        "netIncome": 38123000,
        "netIncomeRatio": 0.1430206036,
        "eps": 0.27,
        "epsdiluted": 0.27,
        "weightedAverageShsOut": 140716198,
        "weightedAverageShsOutDil": 140773000,
        "link": "https://www.sec.gov/Archives/edgar/data/912242/000091224213000005/0000912242-13-000005-index.htm",
        "finalLink": "https://www.sec.gov/Archives/edgar/data/912242/000091224213000005/mac-9302013x10q.htm"
    },
    {
        "date": "2013-06-30",
        "symbol": "MAC",
        "reportedCurrency": "USD",
        "cik": "0000912242",
        "fillingDate": "2013-08-08",
        "acceptedDate": "2013-08-08 13:51:27",
        "calendarYear": "2013",
        "period": "Q2",
        "revenue": 256977000,
        "costOfRevenue": 105322000,
        "grossProfit": 151655000,
        "grossProfitRatio": 0.5901500913,
        "researchAndDevelopmentExpenses": 0,
        "generalAndAdministrativeExpenses": 6693000,
        "sellingAndMarketingExpenses": 0,
        "sellingGeneralAndAdministrativeExpenses": 6693000,
        "otherExpenses": 137687000,
        "operatingExpenses": 144380000,
        "costAndExpenses": 204348000,
        "interestIncome": 0,
        "interestExpense": 50375000,
        "depreciationAndAmortization": 94548000,
        "ebitda": 233719000,
        "ebitdaratio": 0.9094938458,
        "operatingIncome": 139171000,
        "operatingIncomeRatio": 0.5415698681,
        "totalOtherIncomeExpensesNet": -49230000,
        "incomeBeforeTax": 89941000,
        "incomeBeforeTaxRatio": 0.3499963032,
        "incomeTaxExpense": -1477000,
        "netIncome": 218997000,
        "netIncomeRatio": 0.852204672,
        "eps": 1.56,
        "epsdiluted": 1.56,
        "weightedAverageShsOut": 140709202,
        "weightedAverageShsOutDil": 140709202,
        "link": "https://www.sec.gov/Archives/edgar/data/912242/000104746913008247/0001047469-13-008247-index.htm",
        "finalLink": "https://www.sec.gov/Archives/edgar/data/912242/000104746913008247/a2216262z10-q.htm"
    },
    {
        "date": "2013-03-31",
        "symbol": "MAC",
        "reportedCurrency": "USD",
        "cik": "0000912242",
        "fillingDate": "2013-05-06",
        "acceptedDate": "2013-05-06 06:11:04",
        "calendarYear": "2013",
        "period": "Q1",
        "revenue": 262782000,
        "costOfRevenue": 101753000,
        "grossProfit": 161029000,
        "grossProfitRatio": 0.6127855028,
        "researchAndDevelopmentExpenses": 0,
        "generalAndAdministrativeExpenses": 6024000,
        "sellingAndMarketingExpenses": 0,
        "sellingGeneralAndAdministrativeExpenses": 6024000,
        "otherExpenses": 135527000,
        "operatingExpenses": 141551000,
        "costAndExpenses": 189967000,
        "interestIncome": 0,
        "interestExpense": 49680000,
        "depreciationAndAmortization": 93841000,
        "ebitda": 158424000,
        "ebitdaratio": 0.6028723429,
        "operatingIncome": 64583000,
        "operatingIncomeRatio": 0.2457664528,
        "totalOtherIncomeExpensesNet": -44852000,
        "incomeBeforeTax": 19731000,
        "incomeBeforeTaxRatio": 0.0750850515,
        "incomeTaxExpense": -243000,
        "netIncome": 18092000,
        "netIncomeRatio": 0.0688479424,
        "eps": 0.13,
        "epsdiluted": 0.13,
        "weightedAverageShsOut": 137628403,
        "weightedAverageShsOutDil": 137628403,
        "link": "https://www.sec.gov/Archives/edgar/data/912242/000104746913005542/0001047469-13-005542-index.htm",
        "finalLink": "https://www.sec.gov/Archives/edgar/data/912242/000104746913005542/a2214775z10-q.htm"
    },
    {
        "date": "2012-12-31",
        "symbol": "MAC",
        "reportedCurrency": "USD",
        "cik": "0000912242",
        "fillingDate": "2013-02-22",
        "acceptedDate": "2013-02-22 16:01:02",
        "calendarYear": "2012",
        "period": "Q4",
        "revenue": 251163000,
        "costOfRevenue": 100930000,
        "grossProfit": 150233000,
        "grossProfitRatio": 0.5981494089,
        "researchAndDevelopmentExpenses": 0,
        "generalAndAdministrativeExpenses": 5176000,
        "sellingAndMarketingExpenses": 1000,
        "sellingGeneralAndAdministrativeExpenses": 5177000,
        "otherExpenses": 145056000,
        "operatingExpenses": 150233000,
        "costAndExpenses": 198379000,
        "interestIncome": 0,
        "interestExpense": 48335000,
        "depreciationAndAmortization": 88310000,
        "ebitda": 361625000,
        "ebitdaratio": 1.4398020409,
        "operatingIncome": 60051000,
        "operatingIncomeRatio": 0.2390917452,
        "totalOtherIncomeExpensesNet": 124326000,
        "incomeBeforeTax": 184377000,
        "incomeBeforeTaxRatio": 0.7340929994,
        "incomeTaxExpense": -2000000,
        "netIncome": 174247000,
        "netIncomeRatio": 0.6937606256,
        "eps": 1.27,
        "epsdiluted": 1.27,
        "weightedAverageShsOut": 137202362,
        "weightedAverageShsOutDil": 137202362,
        "link": "https://www.sec.gov/Archives/edgar/data/912242/000104746913001491/0001047469-13-001491-index.htm",
        "finalLink": "https://www.sec.gov/Archives/edgar/data/912242/000104746913001491/a2212822z10-k.htm"
    },
    {
        "date": "2012-09-30",
        "symbol": "MAC",
        "reportedCurrency": "USD",
        "cik": "0000912242",
        "fillingDate": "2012-11-05",
        "acceptedDate": "2012-11-05 16:22:16",
        "calendarYear": "2012",
        "period": "Q3",
        "revenue": 215669000,
        "costOfRevenue": 88373000,
        "grossProfit": 127296000,
        "grossProfitRatio": 0.5902378181,
        "researchAndDevelopmentExpenses": 0,
        "generalAndAdministrativeExpenses": 5063000,
        "sellingAndMarketingExpenses": 0,
        "sellingGeneralAndAdministrativeExpenses": 5063000,
        "otherExpenses": 72220000,
        "operatingExpenses": 77283000,
        "costAndExpenses": 165656000,
        "interestIncome": 0,
        "interestExpense": 41565000,
        "depreciationAndAmortization": 77567000,
        "ebitda": 163123000,
        "ebitdaratio": 0.7563581229,
        "operatingIncome": 46340000,
        "operatingIncomeRatio": 0.2148662997,
        "totalOtherIncomeExpensesNet": -2447000,
        "incomeBeforeTax": 43893000,
        "incomeBeforeTaxRatio": 0.2035202092,
        "incomeTaxExpense": -934000,
        "netIncome": 43893000,
        "netIncomeRatio": 0.2035202092,
        "eps": 0.33,
        "epsdiluted": 0.33,
        "weightedAverageShsOut": 134220369,
        "weightedAverageShsOutDil": 134330000,
        "link": "https://www.sec.gov/Archives/edgar/data/912242/000104746912010061/0001047469-12-010061-index.htm",
        "finalLink": "https://www.sec.gov/Archives/edgar/data/912242/000104746912010061/a2211558z10-q.htm"
    },
    {
        "date": "2012-06-30",
        "symbol": "MAC",
        "reportedCurrency": "USD",
        "cik": "0000912242",
        "fillingDate": "2012-08-03",
        "acceptedDate": "2012-08-03 12:45:51",
        "calendarYear": "2012",
        "period": "Q2",
        "revenue": 204545000,
        "costOfRevenue": 88804000,
        "grossProfit": 115741000,
        "grossProfitRatio": 0.5658461463,
        "researchAndDevelopmentExpenses": 0,
        "generalAndAdministrativeExpenses": 5655000,
        "sellingAndMarketingExpenses": 0,
        "sellingGeneralAndAdministrativeExpenses": 5655000,
        "otherExpenses": 71487000,
        "operatingExpenses": 109891000,
        "costAndExpenses": 165946000,
        "interestIncome": 0,
        "interestExpense": 43297000,
        "depreciationAndAmortization": 75841000,
        "ebitda": 126767000,
        "ebitdaratio": 0.619751155,
        "operatingIncome": 35067000,
        "operatingIncomeRatio": 0.1714390476,
        "totalOtherIncomeExpensesNet": -23237000,
        "incomeBeforeTax": 11830000,
        "incomeBeforeTaxRatio": 0.0578356841,
        "incomeTaxExpense": -3075000,
        "netIncome": 133354000,
        "netIncomeRatio": 0.6519543377,
        "eps": 1,
        "epsdiluted": 1,
        "weightedAverageShsOut": 132768000,
        "weightedAverageShsOutDil": 132877000,
        "link": "https://www.sec.gov/Archives/edgar/data/912242/000104746912007728/0001047469-12-007728-index.htm",
        "finalLink": "https://www.sec.gov/Archives/edgar/data/912242/000104746912007728/a2210369z10-q.htm"
    },
    {
        "date": "2012-03-31",
        "symbol": "MAC",
        "reportedCurrency": "USD",
        "cik": "0000912242",
        "fillingDate": "2012-05-07",
        "acceptedDate": "2012-05-07 10:46:34",
        "calendarYear": "2012",
        "period": "Q1",
        "revenue": 214729000,
        "costOfRevenue": 88025000,
        "grossProfit": 126704000,
        "grossProfitRatio": 0.5900646862,
        "researchAndDevelopmentExpenses": 0,
        "generalAndAdministrativeExpenses": 4518000,
        "sellingAndMarketingExpenses": 0,
        "sellingGeneralAndAdministrativeExpenses": 4518000,
        "otherExpenses": 75839000,
        "operatingExpenses": 121918000,
        "costAndExpenses": 170300000,
        "interestIncome": 0,
        "interestExpense": 42523000,
        "depreciationAndAmortization": 81002000,
        "ebitda": 59921000,
        "ebitdaratio": 0.2790540635,
        "operatingIncome": 43559000,
        "operatingIncomeRatio": 0.2028556925,
        "totalOtherIncomeExpensesNet": 4964000,
        "incomeBeforeTax": 48523000,
        "incomeBeforeTaxRatio": 0.2259732034,
        "incomeTaxExpense": 1850000,
        "netIncome": -14068000,
        "netIncomeRatio": -0.0655151377,
        "eps": -0.11,
        "epsdiluted": -0.11,
        "weightedAverageShsOut": 132273000,
        "weightedAverageShsOutDil": 132273000,
        "link": "https://www.sec.gov/Archives/edgar/data/912242/000104746912005432/0001047469-12-005432-index.htm",
        "finalLink": "https://www.sec.gov/Archives/edgar/data/912242/000104746912005432/a2209057z10-q.htm"
    },
    {
        "date": "2011-12-31",
        "symbol": "MAC",
        "reportedCurrency": "USD",
        "cik": "0000912242",
        "fillingDate": "2012-02-24",
        "acceptedDate": "2012-02-24 14:55:55",
        "calendarYear": "2011",
        "period": "Q4",
        "revenue": 207576000,
        "costOfRevenue": 80708000,
        "grossProfit": 126868000,
        "grossProfitRatio": 0.6111881913,
        "researchAndDevelopmentExpenses": 0,
        "generalAndAdministrativeExpenses": 5237000,
        "sellingAndMarketingExpenses": 0,
        "sellingGeneralAndAdministrativeExpenses": 5237000,
        "otherExpenses": 67800000,
        "operatingExpenses": 126868000,
        "costAndExpenses": 153745000,
        "interestIncome": 0,
        "interestExpense": 45103000,
        "depreciationAndAmortization": 73811000,
        "ebitda": 70280000,
        "ebitdaratio": 0.3385747871,
        "operatingIncome": 53831000,
        "operatingIncomeRatio": 0.2593315219,
        "totalOtherIncomeExpensesNet": 159899000,
        "incomeBeforeTax": 213730000,
        "incomeBeforeTaxRatio": 1.0296469727,
        "incomeTaxExpense": -299000,
        "netIncome": 163107000,
        "netIncomeRatio": 0.7857700312,
        "eps": 1.23,
        "epsdiluted": 1.23,
        "weightedAverageShsOut": 131628000,
        "weightedAverageShsOutDil": 131628000,
        "link": "https://www.sec.gov/Archives/edgar/data/912242/000104746912001454/0001047469-12-001454-index.htm",
        "finalLink": "https://www.sec.gov/Archives/edgar/data/912242/000104746912001454/a2207040z10-k.htm"
    },
    {
        "date": "2011-09-30",
        "symbol": "MAC",
        "reportedCurrency": "USD",
        "cik": "0000912242",
        "fillingDate": "2011-11-04",
        "acceptedDate": "2011-11-04 12:30:57",
        "calendarYear": "2011",
        "period": "Q3",
        "revenue": 202683000,
        "costOfRevenue": 88506000,
        "grossProfit": 114177000,
        "grossProfitRatio": 0.5633279555,
        "researchAndDevelopmentExpenses": 0,
        "generalAndAdministrativeExpenses": 4490000,
        "sellingAndMarketingExpenses": 0,
        "sellingGeneralAndAdministrativeExpenses": 4490000,
        "otherExpenses": 67996000,
        "operatingExpenses": 109981000,
        "costAndExpenses": 160992000,
        "interestIncome": 0,
        "interestExpense": 43761000,
        "depreciationAndAmortization": 71480000,
        "ebitda": 131446000,
        "ebitdaratio": 0.6485299704,
        "operatingIncome": 41208000,
        "operatingIncomeRatio": 0.203312562,
        "totalOtherIncomeExpensesNet": -25003000,
        "incomeBeforeTax": 16205000,
        "incomeBeforeTaxRatio": 0.079952438,
        "incomeTaxExpense": -1566000,
        "netIncome": 12941000,
        "netIncomeRatio": 0.0638484727,
        "eps": 0.1,
        "epsdiluted": 0.1,
        "weightedAverageShsOut": 132096000,
        "weightedAverageShsOutDil": 132096000,
        "link": "https://www.sec.gov/Archives/edgar/data/912242/000104746911009038/0001047469-11-009038-index.htm",
        "finalLink": "https://www.sec.gov/Archives/edgar/data/912242/000104746911009038/a2205975z10-q.htm"
    },
    {
        "date": "2011-06-30",
        "symbol": "MAC",
        "reportedCurrency": "USD",
        "cik": "0000912242",
        "fillingDate": "2011-08-05",
        "acceptedDate": "2011-08-05 11:59:55",
        "calendarYear": "2011",
        "period": "Q2",
        "revenue": 190940000,
        "costOfRevenue": 85001000,
        "grossProfit": 105939000,
        "grossProfitRatio": 0.554828742,
        "researchAndDevelopmentExpenses": 0,
        "generalAndAdministrativeExpenses": 3742000,
        "sellingAndMarketingExpenses": 0,
        "sellingGeneralAndAdministrativeExpenses": 3742000,
        "otherExpenses": 65462000,
        "operatingExpenses": 101311000,
        "costAndExpenses": 154205000,
        "interestIncome": 0,
        "interestExpense": 44066000,
        "depreciationAndAmortization": 69349000,
        "ebitda": 131252000,
        "ebitdaratio": 0.687399183,
        "operatingIncome": 36643000,
        "operatingIncomeRatio": 0.1919084529,
        "totalOtherIncomeExpensesNet": -18806000,
        "incomeBeforeTax": 17837000,
        "incomeBeforeTaxRatio": 0.0934167801,
        "incomeTaxExpense": -1768000,
        "netIncome": -19216000,
        "netIncomeRatio": -0.1006389442,
        "eps": -0.15,
        "epsdiluted": -0.13,
        "weightedAverageShsOut": 131691000,
        "weightedAverageShsOutDil": 143140000,
        "link": "https://www.sec.gov/Archives/edgar/data/912242/000104746911006998/0001047469-11-006998-index.htm",
        "finalLink": "https://www.sec.gov/Archives/edgar/data/912242/000104746911006998/a2204925z10-q.htm"
    },
    {
        "date": "2011-03-31",
        "symbol": "MAC",
        "reportedCurrency": "USD",
        "cik": "0000912242",
        "fillingDate": "2011-05-06",
        "acceptedDate": "2011-05-06 16:14:14",
        "calendarYear": "2011",
        "period": "Q1",
        "revenue": 191069000,
        "costOfRevenue": 88630000,
        "grossProfit": 102439000,
        "grossProfitRatio": 0.5361361602,
        "researchAndDevelopmentExpenses": 0,
        "generalAndAdministrativeExpenses": 7644000,
        "sellingAndMarketingExpenses": 0,
        "sellingGeneralAndAdministrativeExpenses": 7644000,
        "otherExpenses": 64626000,
        "operatingExpenses": 100158000,
        "costAndExpenses": 160900000,
        "interestIncome": 0,
        "interestExpense": 49624000,
        "depreciationAndAmortization": 68003000,
        "ebitda": 120328000,
        "ebitdaratio": 0.6297620231,
        "operatingIncome": 30647000,
        "operatingIncomeRatio": 0.1603975527,
        "totalOtherIncomeExpensesNet": -27946000,
        "incomeBeforeTax": 2701000,
        "incomeBeforeTaxRatio": 0.0141362544,
        "incomeTaxExpense": -2478000,
        "netIncome": 34000,
        "netIncomeRatio": 0.0001779462,
        "eps": 0.0003,
        "epsdiluted": 0.0003,
        "weightedAverageShsOut": 130574000,
        "weightedAverageShsOutDil": 130574000,
        "link": "https://www.sec.gov/Archives/edgar/data/912242/000104746911004716/0001047469-11-004716-index.htm",
        "finalLink": "https://www.sec.gov/Archives/edgar/data/912242/000104746911004716/a2203777z10-q.htm"
    },
    {
        "date": "2010-12-31",
        "symbol": "MAC",
        "reportedCurrency": "USD",
        "cik": "0000912242",
        "fillingDate": "2011-02-25",
        "acceptedDate": "2011-02-25 14:20:14",
        "calendarYear": "2010",
        "period": "Q4",
        "revenue": 203885000,
        "costOfRevenue": 85717000,
        "grossProfit": 118168000,
        "grossProfitRatio": 0.5795816269,
        "researchAndDevelopmentExpenses": 0,
        "generalAndAdministrativeExpenses": 4997000,
        "sellingAndMarketingExpenses": 2000,
        "sellingGeneralAndAdministrativeExpenses": 4999000,
        "otherExpenses": 64882000,
        "operatingExpenses": 69881000,
        "costAndExpenses": 155598000,
        "interestIncome": 0,
        "interestExpense": 53507000,
        "depreciationAndAmortization": 68534000,
        "ebitda": 162275000,
        "ebitdaratio": 0.7959143635,
        "operatingIncome": 48287000,
        "operatingIncomeRatio": 0.23683449,
        "totalOtherIncomeExpensesNet": -8053000,
        "incomeBeforeTax": 40234000,
        "incomeBeforeTaxRatio": 0.1973367339,
        "incomeTaxExpense": 14454000,
        "netIncome": 23558000,
        "netIncomeRatio": 0.1155455281,
        "eps": 0.18,
        "epsdiluted": 0.18,
        "weightedAverageShsOut": 120346000,
        "weightedAverageShsOutDil": 120346000,
        "link": "https://www.sec.gov/Archives/edgar/data/912242/000104746911001377/0001047469-11-001377-index.htm",
        "finalLink": "https://www.sec.gov/Archives/edgar/data/912242/000104746911001377/a2201763z10-k.htm"
    },
    {
        "date": "2010-09-30",
        "symbol": "MAC",
        "reportedCurrency": "USD",
        "cik": "0000912242",
        "fillingDate": "2010-11-05",
        "acceptedDate": "2010-11-05 16:08:14",
        "calendarYear": "2010",
        "period": "Q3",
        "revenue": 123586000,
        "costOfRevenue": 86001000,
        "grossProfit": 37585000,
        "grossProfitRatio": 0.3041202078,
        "researchAndDevelopmentExpenses": 0,
        "generalAndAdministrativeExpenses": 4546000,
        "sellingAndMarketingExpenses": 0,
        "sellingGeneralAndAdministrativeExpenses": 4546000,
        "otherExpenses": 62801000,
        "operatingExpenses": 103470000,
        "costAndExpenses": 189471000,
        "interestIncome": 0,
        "interestExpense": 51662000,
        "depreciationAndAmortization": 66450000,
        "ebitda": 79062000,
        "ebitdaratio": 0.6397326558,
        "operatingIncome": 36739000,
        "operatingIncomeRatio": 0.2972747722,
        "totalOtherIncomeExpensesNet": -29961000,
        "incomeBeforeTax": 6778000,
        "incomeBeforeTaxRatio": 0.0548443999,
        "incomeTaxExpense": -2662000,
        "netIncome": 8429000,
        "netIncomeRatio": 0.0682035182,
        "eps": 0.06,
        "epsdiluted": 0.06,
        "weightedAverageShsOut": 130213000,
        "weightedAverageShsOutDil": 142020000,
        "link": "https://www.sec.gov/Archives/edgar/data/912242/000104746910009322/0001047469-10-009322-index.htm",
        "finalLink": "https://www.sec.gov/Archives/edgar/data/912242/000104746910009322/a2200622z10-q.htm"
    },
    {
        "date": "2010-06-30",
        "symbol": "MAC",
        "reportedCurrency": "USD",
        "cik": "0000912242",
        "fillingDate": "2010-08-09",
        "acceptedDate": "2010-08-09 15:14:06",
        "calendarYear": "2010",
        "period": "Q2",
        "revenue": 181226000,
        "costOfRevenue": 80762000,
        "grossProfit": 100464000,
        "grossProfitRatio": 0.5543575425,
        "researchAndDevelopmentExpenses": 0,
        "generalAndAdministrativeExpenses": 3642000,
        "sellingAndMarketingExpenses": 0,
        "sellingGeneralAndAdministrativeExpenses": 3642000,
        "otherExpenses": 59913000,
        "operatingExpenses": 100464000,
        "costAndExpenses": 144731000,
        "interestIncome": 0,
        "interestExpense": 52238000,
        "depreciationAndAmortization": 63362000,
        "ebitda": 114681000,
        "ebitdaratio": 0.6328065509,
        "operatingIncome": 37457000,
        "operatingIncomeRatio": 0.2066866785,
        "totalOtherIncomeExpensesNet": -38376000,
        "incomeBeforeTax": -919000,
        "incomeBeforeTaxRatio": -0.0050710163,
        "incomeTaxExpense": -1375000,
        "netIncome": -440000,
        "netIncomeRatio": -0.0024279077,
        "eps": -0.0036,
        "epsdiluted": -0.0036,
        "weightedAverageShsOut": 123446000,
        "weightedAverageShsOutDil": 123446000,
        "link": "https://www.sec.gov/Archives/edgar/data/912242/000104746910007238/0001047469-10-007238-index.htm",
        "finalLink": "https://www.sec.gov/Archives/edgar/data/912242/000104746910007238/a2199505z10-q.htm"
    },
    {
        "date": "2010-03-31",
        "symbol": "MAC",
        "reportedCurrency": "USD",
        "cik": "0000912242",
        "fillingDate": "2010-05-07",
        "acceptedDate": "2010-05-07 16:05:09",
        "calendarYear": "2010",
        "period": "Q1",
        "revenue": 182114000,
        "costOfRevenue": 83008000,
        "grossProfit": 99106000,
        "grossProfitRatio": 0.5441975905,
        "researchAndDevelopmentExpenses": 0,
        "generalAndAdministrativeExpenses": 7518000,
        "sellingAndMarketingExpenses": 0,
        "sellingGeneralAndAdministrativeExpenses": 7518000,
        "otherExpenses": 59215000,
        "operatingExpenses": 99106000,
        "costAndExpenses": 149741000,
        "interestIncome": 0,
        "interestExpense": 55411000,
        "depreciationAndAmortization": 61906000,
        "ebitda": 111784000,
        "ebitdaratio": 0.6138133257,
        "operatingIncome": 32373000,
        "operatingIncomeRatio": 0.1777622808,
        "totalOtherIncomeExpensesNet": -37906000,
        "incomeBeforeTax": -5533000,
        "incomeBeforeTaxRatio": -0.0303820684,
        "incomeTaxExpense": 1215000,
        "netIncome": -6357000,
        "netIncomeRatio": -0.0349067068,
        "eps": -0.0656,
        "epsdiluted": -0.0656,
        "weightedAverageShsOut": 96951000,
        "weightedAverageShsOutDil": 96951000,
        "link": "https://www.sec.gov/Archives/edgar/data/912242/000104746910004965/0001047469-10-004965-index.htm",
        "finalLink": "https://www.sec.gov/Archives/edgar/data/912242/000104746910004965/a2198378z10-q.htm"
    },
    {
        "date": "2009-12-31",
        "symbol": "MAC",
        "reportedCurrency": "USD",
        "cik": "0000912242",
        "fillingDate": "2010-02-26",
        "acceptedDate": "2010-02-26 12:57:11",
        "calendarYear": "2009",
        "period": "Q4",
        "revenue": 192161000,
        "costOfRevenue": 76940000,
        "grossProfit": 115221000,
        "grossProfitRatio": 0.5996065799,
        "researchAndDevelopmentExpenses": 0,
        "generalAndAdministrativeExpenses": 8942000,
        "sellingAndMarketingExpenses": 2000,
        "sellingGeneralAndAdministrativeExpenses": 8944000,
        "otherExpenses": 72770000,
        "operatingExpenses": 81714000,
        "costAndExpenses": 158654000,
        "interestIncome": 0,
        "interestExpense": 59414000,
        "depreciationAndAmortization": 78292000,
        "ebitda": -38734000,
        "ebitdaratio": -0.201570558,
        "operatingIncome": 33507000,
        "operatingIncomeRatio": 0.174369409,
        "totalOtherIncomeExpensesNet": 118790000,
        "incomeBeforeTax": 152297000,
        "incomeBeforeTaxRatio": 0.7925489563,
        "incomeTaxExpense": 5640000,
        "netIncome": -14376000,
        "netIncomeRatio": -0.0748122668,
        "eps": -0.15,
        "epsdiluted": -0.15,
        "weightedAverageShsOut": 81226000,
        "weightedAverageShsOutDil": 81226000,
        "link": "https://www.sec.gov/Archives/edgar/data/912242/000104746910001497/0001047469-10-001497-index.htm",
        "finalLink": "https://www.sec.gov/Archives/edgar/data/912242/000104746910001497/a2196442z10-k.htm"
    },
    {
        "date": "2009-09-30",
        "symbol": "MAC",
        "reportedCurrency": "USD",
        "cik": "0000912242",
        "fillingDate": "2009-11-06",
        "acceptedDate": "2009-11-06 16:27:24",
        "calendarYear": "2009",
        "period": "Q3",
        "revenue": 197792000,
        "costOfRevenue": 80506000,
        "grossProfit": 117286000,
        "grossProfitRatio": 0.5929764601,
        "researchAndDevelopmentExpenses": 0,
        "generalAndAdministrativeExpenses": 7085000,
        "sellingAndMarketingExpenses": 0,
        "sellingGeneralAndAdministrativeExpenses": 7085000,
        "otherExpenses": 61815000,
        "operatingExpenses": 117286000,
        "costAndExpenses": 150252000,
        "interestIncome": 0,
        "interestExpense": 65779000,
        "depreciationAndAmortization": 64619000,
        "ebitda": 290240000,
        "ebitdaratio": 1.4674000971,
        "operatingIncome": 49299000,
        "operatingIncomeRatio": 0.2492466834,
        "totalOtherIncomeExpensesNet": 110543000,
        "incomeBeforeTax": 159842000,
        "incomeBeforeTaxRatio": 0.8081317748,
        "incomeTaxExpense": 302000,
        "netIncome": 142838000,
        "netIncomeRatio": 0.7221626759,
        "eps": 1.75,
        "epsdiluted": 1.75,
        "weightedAverageShsOut": 79496000,
        "weightedAverageShsOutDil": 79694000,
        "link": "https://www.sec.gov/Archives/edgar/data/912242/000104746909009742/0001047469-09-009742-index.htm",
        "finalLink": "https://www.sec.gov/Archives/edgar/data/912242/000104746909009742/a2195213z10-q.htm"
    },
    {
        "date": "2009-06-30",
        "symbol": "MAC",
        "reportedCurrency": "USD",
        "cik": "0000912242",
        "fillingDate": "2009-08-07",
        "acceptedDate": "2009-08-07 16:09:24",
        "calendarYear": "2009",
        "period": "Q2",
        "revenue": 205915000,
        "costOfRevenue": 84784000,
        "grossProfit": 121131000,
        "grossProfitRatio": 0.5882572906,
        "researchAndDevelopmentExpenses": 0,
        "generalAndAdministrativeExpenses": 4648000,
        "sellingAndMarketingExpenses": 0,
        "sellingGeneralAndAdministrativeExpenses": 4648000,
        "otherExpenses": 63740000,
        "operatingExpenses": 117391000,
        "costAndExpenses": 154814000,
        "interestIncome": 0,
        "interestExpense": 71914000,
        "depreciationAndAmortization": 67165000,
        "ebitda": 140679000,
        "ebitdaratio": 0.6831896656,
        "operatingIncome": 50441000,
        "operatingIncomeRatio": 0.2449602992,
        "totalOtherIncomeExpensesNet": -48841000,
        "incomeBeforeTax": 1600000,
        "incomeBeforeTaxRatio": 0.0077701964,
        "incomeTaxExpense": -380000,
        "netIncome": -21736000,
        "netIncomeRatio": -0.1055581186,
        "eps": -0.28,
        "epsdiluted": -0.28,
        "weightedAverageShsOut": 77270000,
        "weightedAverageShsOutDil": 77270000,
        "link": "https://www.sec.gov/Archives/edgar/data/912242/000104746909007391/0001047469-09-007391-index.htm",
        "finalLink": "https://www.sec.gov/Archives/edgar/data/912242/000104746909007391/a2193924z10-q.htm"
    },
    {
        "date": "2009-03-31",
        "symbol": "MAC",
        "reportedCurrency": "USD",
        "cik": "0000912242",
        "fillingDate": "2009-05-11",
        "acceptedDate": "2009-05-11 11:43:51",
        "calendarYear": "2009",
        "period": "Q1",
        "revenue": 210779000,
        "costOfRevenue": 94201000,
        "grossProfit": 116578000,
        "grossProfitRatio": 0.5530816637,
        "researchAndDevelopmentExpenses": 0,
        "generalAndAdministrativeExpenses": 5258000,
        "sellingAndMarketingExpenses": 0,
        "sellingGeneralAndAdministrativeExpenses": 5258000,
        "otherExpenses": 64911000,
        "operatingExpenses": 112866000,
        "costAndExpenses": 164370000,
        "interestIncome": 0,
        "interestExpense": 69939000,
        "depreciationAndAmortization": 67396000,
        "ebitda": 150702000,
        "ebitdaratio": 0.7149763496,
        "operatingIncome": 44133000,
        "operatingIncomeRatio": 0.2093804411,
        "totalOtherIncomeExpensesNet": -30766000,
        "incomeBeforeTax": 13367000,
        "incomeBeforeTaxRatio": 0.0634171336,
        "incomeTaxExpense": -801000,
        "netIncome": 14016000,
        "netIncomeRatio": 0.066496188,
        "eps": 0.18,
        "epsdiluted": 0.18,
        "weightedAverageShsOut": 76897000,
        "weightedAverageShsOutDil": 88551000,
        "link": "https://www.sec.gov/Archives/edgar/data/912242/000104746909005339/0001047469-09-005339-index.htm",
        "finalLink": "https://www.sec.gov/Archives/edgar/data/912242/000104746909005339/a2192751z10-q.htm"
    },
    {
        "date": "2008-12-31",
        "symbol": "MAC",
        "reportedCurrency": "USD",
        "cik": "0000912242",
        "fillingDate": "2009-02-27",
        "acceptedDate": "2009-02-27 16:06:49",
        "calendarYear": "2008",
        "period": "Q4",
        "revenue": 239234000,
        "costOfRevenue": 91881000,
        "grossProfit": 147353000,
        "grossProfitRatio": 0.615936698,
        "researchAndDevelopmentExpenses": 0,
        "generalAndAdministrativeExpenses": 5101000,
        "sellingAndMarketingExpenses": 0,
        "sellingGeneralAndAdministrativeExpenses": 5101000,
        "otherExpenses": 92289000,
        "operatingExpenses": 147353000,
        "costAndExpenses": 189271000,
        "interestIncome": 0,
        "interestExpense": 71717000,
        "depreciationAndAmortization": 101461000,
        "ebitda": 273555000,
        "ebitdaratio": 1.1434620497,
        "operatingIncome": 49963000,
        "operatingIncomeRatio": 0.2088457326,
        "totalOtherIncomeExpensesNet": 50414000,
        "incomeBeforeTax": 100377000,
        "incomeBeforeTaxRatio": 0.4195766488,
        "incomeTaxExpense": -376000,
        "netIncome": 63231000,
        "netIncomeRatio": 0.2643060769,
        "eps": 0.79,
        "epsdiluted": 0.79,
        "weightedAverageShsOut": 74319000,
        "weightedAverageShsOutDil": 86794000,
        "link": "https://www.sec.gov/Archives/edgar/data/912242/000104746909001981/0001047469-09-001981-index.htm",
        "finalLink": "https://www.sec.gov/Archives/edgar/data/912242/000104746909001981/a2189901z10-k.htm"
    },
    {
        "date": "2008-09-30",
        "symbol": "MAC",
        "reportedCurrency": "USD",
        "cik": "0000912242",
        "fillingDate": "2008-11-07",
        "acceptedDate": "2008-11-07 13:05:11",
        "calendarYear": "2008",
        "period": "Q3",
        "revenue": 225807000,
        "costOfRevenue": 92215000,
        "grossProfit": 133592000,
        "grossProfitRatio": 0.5916202775,
        "researchAndDevelopmentExpenses": 0,
        "generalAndAdministrativeExpenses": 2881000,
        "sellingAndMarketingExpenses": 0,
        "sellingGeneralAndAdministrativeExpenses": 2881000,
        "otherExpenses": 66637000,
        "operatingExpenses": 69518000,
        "costAndExpenses": 162630000,
        "interestIncome": 0,
        "interestExpense": 73887000,
        "depreciationAndAmortization": 66637000,
        "ebitda": 147091000,
        "ebitdaratio": 0.651401418,
        "operatingIncome": 61226000,
        "operatingIncomeRatio": 0.2711430558,
        "totalOtherIncomeExpensesNet": -53959000,
        "incomeBeforeTax": 7267000,
        "incomeBeforeTaxRatio": 0.0321823504,
        "incomeTaxExpense": 362000,
        "netIncome": 3473000,
        "netIncomeRatio": 0.0153803912,
        "eps": 0.0295,
        "epsdiluted": 0.0295,
        "weightedAverageShsOut": 76280507,
        "weightedAverageShsOutDil": 89013776,
        "link": "https://www.sec.gov/Archives/edgar/data/912242/000104746908011791/0001047469-08-011791-index.htm",
        "finalLink": "https://www.sec.gov/Archives/edgar/data/912242/000104746908011791/a2188768z10-q.htm"
    },
    {
        "date": "2008-06-30",
        "symbol": "MAC",
        "reportedCurrency": "USD",
        "cik": "0000912242",
        "fillingDate": "2008-08-08",
        "acceptedDate": "2008-08-08 17:03:59",
        "calendarYear": "2008",
        "period": "Q2",
        "revenue": 209297000,
        "costOfRevenue": 87784000,
        "grossProfit": 121513000,
        "grossProfitRatio": 0.5805768836,
        "researchAndDevelopmentExpenses": 0,
        "generalAndAdministrativeExpenses": 4135000,
        "sellingAndMarketingExpenses": 0,
        "sellingGeneralAndAdministrativeExpenses": 4135000,
        "otherExpenses": 56811000,
        "operatingExpenses": 127254000,
        "costAndExpenses": 148730000,
        "interestIncome": 0,
        "interestExpense": 72042000,
        "depreciationAndAmortization": 59682000,
        "ebitda": 150273000,
        "ebitdaratio": 0.7179892688,
        "operatingIncome": 65645000,
        "operatingIncomeRatio": 0.3136452028,
        "totalOtherIncomeExpensesNet": -46016000,
        "incomeBeforeTax": 19629000,
        "incomeBeforeTaxRatio": 0.0937853863,
        "incomeTaxExpense": -98000,
        "netIncome": 16560000,
        "netIncomeRatio": 0.0791220132,
        "eps": 0.2,
        "epsdiluted": 0.2,
        "weightedAverageShsOut": 76588420,
        "weightedAverageShsOutDil": 86781000,
        "link": "https://www.sec.gov/Archives/edgar/data/912242/000104746908009069/0001047469-08-009069-index.htm",
        "finalLink": "https://www.sec.gov/Archives/edgar/data/912242/000104746908009069/a2187168z10-q.htm"
    },
    {
        "date": "2008-03-31",
        "symbol": "MAC",
        "reportedCurrency": "USD",
        "cik": "0000912242",
        "fillingDate": "2008-05-19",
        "acceptedDate": "2008-05-19 12:41:14",
        "calendarYear": "2008",
        "period": "Q1",
        "revenue": 210944000,
        "costOfRevenue": 18343000,
        "grossProfit": 192601000,
        "grossProfitRatio": 0.9130432721,
        "researchAndDevelopmentExpenses": 0,
        "generalAndAdministrativeExpenses": 4403000,
        "sellingAndMarketingExpenses": 0,
        "sellingGeneralAndAdministrativeExpenses": 4403000,
        "otherExpenses": 124160000,
        "operatingExpenses": 128563000,
        "costAndExpenses": 152370000,
        "interestIncome": 0,
        "interestExpense": 74369000,
        "depreciationAndAmortization": 62860000,
        "ebitda": 149338000,
        "ebitdaratio": 0.7079509254,
        "operatingIncome": 63506000,
        "operatingIncomeRatio": 0.3010562045,
        "totalOtherIncomeExpensesNet": -53313000,
        "incomeBeforeTax": 10193000,
        "incomeBeforeTaxRatio": 0.0483208814,
        "incomeTaxExpense": 301000,
        "netIncome": 95064000,
        "netIncomeRatio": 0.4506598908,
        "eps": 1.22,
        "epsdiluted": 1.2,
        "weightedAverageShsOut": 75095683,
        "weightedAverageShsOutDil": 88290000,
        "link": "https://www.sec.gov/Archives/edgar/data/912242/000104746908006787/0001047469-08-006787-index.htm",
        "finalLink": "https://www.sec.gov/Archives/edgar/data/912242/000104746908006787/a2185436z10-q.htm"
    },
    {
        "date": "2007-12-31",
        "symbol": "MAC",
        "reportedCurrency": "USD",
        "cik": "0000912242",
        "fillingDate": "2008-06-03",
        "acceptedDate": "2008-06-03 16:07:52",
        "calendarYear": "2007",
        "period": "Q4",
        "revenue": 244927000,
        "costOfRevenue": -577682000,
        "grossProfit": 822609000,
        "grossProfitRatio": 3.3585884774,
        "researchAndDevelopmentExpenses": 0,
        "generalAndAdministrativeExpenses": 4823000,
        "sellingAndMarketingExpenses": 0,
        "sellingGeneralAndAdministrativeExpenses": 4823000,
        "otherExpenses": 151618000,
        "operatingExpenses": 244927000,
        "costAndExpenses": 156441000,
        "interestIncome": 0,
        "interestExpense": 0,
        "depreciationAndAmortization": 65430000,
        "ebitda": 153916000,
        "ebitdaratio": 0.6284158137,
        "operatingIncome": 88486000,
        "operatingIncomeRatio": 0.3612749921,
        "totalOtherIncomeExpensesNet": -34821000,
        "incomeBeforeTax": 53665000,
        "incomeBeforeTaxRatio": 0.219106101,
        "incomeTaxExpense": 948000,
        "netIncome": 44273000,
        "netIncomeRatio": 0.1807599815,
        "eps": 0.59,
        "epsdiluted": 0.59,
        "weightedAverageShsOut": 74945163,
        "weightedAverageShsOutDil": 84760000,
        "link": "https://www.sec.gov/Archives/edgar/data/912242/000104746908007160/0001047469-08-007160-index.htm",
        "finalLink": "https://www.sec.gov/Archives/edgar/data/912242/000104746908007160/a2185712z10-ka.htm"
    },
    {
        "date": "2007-09-30",
        "symbol": "MAC",
        "reportedCurrency": "USD",
        "cik": "0000912242",
        "fillingDate": "2007-11-06",
        "acceptedDate": "2007-11-06 16:14:25",
        "calendarYear": "2007",
        "period": "Q3",
        "revenue": 223984000,
        "costOfRevenue": 84482000,
        "grossProfit": 139502000,
        "grossProfitRatio": 0.6228212729,
        "researchAndDevelopmentExpenses": 0,
        "generalAndAdministrativeExpenses": 1992000,
        "sellingAndMarketingExpenses": 0,
        "sellingGeneralAndAdministrativeExpenses": 1992000,
        "otherExpenses": 115650000,
        "operatingExpenses": 117642000,
        "costAndExpenses": 153902000,
        "interestIncome": 0,
        "interestExpense": 56338000,
        "depreciationAndAmortization": 60174000,
        "ebitda": 138423000,
        "ebitdaratio": 0.6180039646,
        "operatingIncome": 61161000,
        "operatingIncomeRatio": 0.2730596828,
        "totalOtherIncomeExpensesNet": -38140000,
        "incomeBeforeTax": 23021000,
        "incomeBeforeTaxRatio": 0.1027796628,
        "incomeTaxExpense": 429000,
        "netIncome": 20922000,
        "netIncomeRatio": 0.0934084577,
        "eps": 0.26,
        "epsdiluted": 0.26,
        "weightedAverageShsOut": 74402256,
        "weightedAverageShsOutDil": 84529000,
        "link": "https://www.sec.gov/Archives/edgar/data/912242/000110465907080217/0001104659-07-080217-index.htm",
        "finalLink": "https://www.sec.gov/Archives/edgar/data/912242/000110465907080217/a07-25643_110q.htm"
    },
    {
        "date": "2007-06-30",
        "symbol": "MAC",
        "reportedCurrency": "USD",
        "cik": "0000912242",
        "fillingDate": "2007-08-06",
        "acceptedDate": "2007-08-06 16:32:47",
        "calendarYear": "2007",
        "period": "Q2",
        "revenue": 215788000,
        "costOfRevenue": 18519000,
        "grossProfit": 197269000,
        "grossProfitRatio": 0.9141796578,
        "researchAndDevelopmentExpenses": 0,
        "generalAndAdministrativeExpenses": 4412000,
        "sellingAndMarketingExpenses": 0,
        "sellingGeneralAndAdministrativeExpenses": 4412000,
        "otherExpenses": 109520000,
        "operatingExpenses": 113932000,
        "costAndExpenses": 152109000,
        "interestIncome": 0,
        "interestExpense": 58726000,
        "depreciationAndAmortization": 60406000,
        "ebitda": 134239000,
        "ebitdaratio": 0.6220874191,
        "operatingIncome": 63679000,
        "operatingIncomeRatio": 0.2950998202,
        "totalOtherIncomeExpensesNet": -47458000,
        "incomeBeforeTax": 16221000,
        "incomeBeforeTaxRatio": 0.0751710012,
        "incomeTaxExpense": 787000,
        "netIncome": 17594000,
        "netIncomeRatio": 0.0815337275,
        "eps": 0.14,
        "epsdiluted": 0.14,
        "weightedAverageShsOut": 74250698,
        "weightedAverageShsOutDil": 84552000,
        "link": "https://www.sec.gov/Archives/edgar/data/912242/000110465907059184/0001104659-07-059184-index.htm",
        "finalLink": "https://www.sec.gov/Archives/edgar/data/912242/000110465907059184/a07-18957_110q.htm"
    },
    {
        "date": "2007-03-31",
        "symbol": "MAC",
        "reportedCurrency": "USD",
        "cik": "0000912242",
        "fillingDate": "2007-05-08",
        "acceptedDate": "2007-05-08 15:54:21",
        "calendarYear": "2007",
        "period": "Q1",
        "revenue": 211671000,
        "costOfRevenue": 17755000,
        "grossProfit": 193916000,
        "grossProfitRatio": 0.9161198275,
        "researchAndDevelopmentExpenses": 0,
        "generalAndAdministrativeExpenses": 5373000,
        "sellingAndMarketingExpenses": 0,
        "sellingGeneralAndAdministrativeExpenses": 5373000,
        "otherExpenses": 143464000,
        "operatingExpenses": 148837000,
        "costAndExpenses": 148837000,
        "interestIncome": 0,
        "interestExpense": 64020000,
        "depreciationAndAmortization": 55972000,
        "ebitda": 126386000,
        "ebitdaratio": 0.5970869888,
        "operatingIncome": 62834000,
        "operatingIncomeRatio": 0.2968474661,
        "totalOtherIncomeExpensesNet": -56440000,
        "incomeBeforeTax": 6394000,
        "incomeBeforeTaxRatio": 0.0302072556,
        "incomeTaxExpense": -120000,
        "netIncome": 6083000,
        "netIncomeRatio": 0.0287379943,
        "eps": 0.0482,
        "epsdiluted": 0.0482,
        "weightedAverageShsOut": 71669000,
        "weightedAverageShsOutDil": 85034000,
        "link": "https://www.sec.gov/Archives/edgar/data/912242/000110465907036979/0001104659-07-036979-index.htm",
        "finalLink": "https://www.sec.gov/Archives/edgar/data/912242/000110465907036979/a07-10929_110q.htm"
    },
    {
        "date": "2006-12-31",
        "symbol": "MAC",
        "reportedCurrency": "USD",
        "cik": "0000912242",
        "fillingDate": "2007-02-27",
        "acceptedDate": "2007-02-27 16:04:55",
        "calendarYear": "2006",
        "period": "Q4",
        "revenue": 203252000,
        "costOfRevenue": -533102000,
        "grossProfit": 736354000,
        "grossProfitRatio": 3.6228622597,
        "researchAndDevelopmentExpenses": 0,
        "generalAndAdministrativeExpenses": 3991000,
        "sellingAndMarketingExpenses": 1000,
        "sellingGeneralAndAdministrativeExpenses": 3992000,
        "otherExpenses": 122098000,
        "operatingExpenses": 126090000,
        "costAndExpenses": 126090000,
        "interestIncome": 0,
        "interestExpense": 0,
        "depreciationAndAmortization": 57600000,
        "ebitda": 134762000,
        "ebitdaratio": 0.6630291461,
        "operatingIncome": 77162000,
        "operatingIncomeRatio": 0.3796371007,
        "totalOtherIncomeExpensesNet": -77162000,
        "incomeBeforeTax": 0,
        "incomeBeforeTaxRatio": 0,
        "incomeTaxExpense": -40722000,
        "netIncome": 154127000,
        "netIncomeRatio": 0.7583049613,
        "eps": 2.07,
        "epsdiluted": 2.07,
        "weightedAverageShsOut": 74266271,
        "weightedAverageShsOutDil": 88058000,
        "link": "https://www.sec.gov/Archives/edgar/data/912242/000104746907001438/0001047469-07-001438-index.htm",
        "finalLink": "https://www.sec.gov/Archives/edgar/data/912242/000104746907001438/a2175451z10-k.htm"
    },
    {
        "date": "2006-09-30",
        "symbol": "MAC",
        "reportedCurrency": "USD",
        "cik": "0000912242",
        "fillingDate": "2006-11-08",
        "acceptedDate": "2006-11-08 17:13:30",
        "calendarYear": "2006",
        "period": "Q3",
        "revenue": 212106000,
        "costOfRevenue": 23356000,
        "grossProfit": 188750000,
        "grossProfitRatio": 0.8898852461,
        "researchAndDevelopmentExpenses": 0,
        "generalAndAdministrativeExpenses": 2551000,
        "sellingAndMarketingExpenses": 0,
        "sellingGeneralAndAdministrativeExpenses": 2551000,
        "otherExpenses": 141256000,
        "operatingExpenses": 143807000,
        "costAndExpenses": 143807000,
        "interestIncome": 0,
        "interestExpense": 0,
        "depreciationAndAmortization": 56119000,
        "ebitda": 120170000,
        "ebitdaratio": 0.5665563445,
        "operatingIncome": 64051000,
        "operatingIncomeRatio": 0.3019763703,
        "totalOtherIncomeExpensesNet": -47778000,
        "incomeBeforeTax": 16273000,
        "incomeBeforeTaxRatio": 0.0767210734,
        "incomeTaxExpense": 535000,
        "netIncome": 53167000,
        "netIncomeRatio": 0.2506624046,
        "eps": 0.64,
        "epsdiluted": 0.64,
        "weightedAverageShsOut": 74199833,
        "weightedAverageShsOutDil": 85021000,
        "link": "https://www.sec.gov/Archives/edgar/data/912242/000110465906072894/0001104659-06-072894-index.htm",
        "finalLink": "https://www.sec.gov/Archives/edgar/data/912242/000110465906072894/a06-21798_110q.htm"
    },
    {
        "date": "2006-06-30",
        "symbol": "MAC",
        "reportedCurrency": "USD",
        "cik": "0000912242",
        "fillingDate": "2006-08-09",
        "acceptedDate": "2006-08-08 20:26:50",
        "calendarYear": "2006",
        "period": "Q2",
        "revenue": 207834000,
        "costOfRevenue": 12125000,
        "grossProfit": 195709000,
        "grossProfitRatio": 0.9416601711,
        "researchAndDevelopmentExpenses": 0,
        "generalAndAdministrativeExpenses": 3292000,
        "sellingAndMarketingExpenses": 0,
        "sellingGeneralAndAdministrativeExpenses": 3292000,
        "otherExpenses": 140966000,
        "operatingExpenses": 144258000,
        "costAndExpenses": 144258000,
        "interestIncome": 0,
        "interestExpense": 70522000,
        "depreciationAndAmortization": 59414000,
        "ebitda": 117080000,
        "ebitdaratio": 0.5633341994,
        "operatingIncome": 57666000,
        "operatingIncomeRatio": 0.2774618205,
        "totalOtherIncomeExpensesNet": -50828000,
        "incomeBeforeTax": 6838000,
        "incomeBeforeTaxRatio": 0.0329012577,
        "incomeTaxExpense": 218000,
        "netIncome": 31642000,
        "netIncomeRatio": 0.1522465044,
        "eps": 0.35,
        "epsdiluted": 0.35,
        "weightedAverageShsOut": 74178034,
        "weightedAverageShsOutDil": 85023000,
        "link": "https://www.sec.gov/Archives/edgar/data/912242/000110465906052655/0001104659-06-052655-index.htm",
        "finalLink": "https://www.sec.gov/Archives/edgar/data/912242/000110465906052655/a06-15467_110q.htm"
    },
    {
        "date": "2006-03-31",
        "symbol": "MAC",
        "reportedCurrency": "USD",
        "cik": "0000912242",
        "fillingDate": "2006-05-09",
        "acceptedDate": "2006-05-09 16:49:29",
        "calendarYear": "2006",
        "period": "Q1",
        "revenue": 212656000,
        "costOfRevenue": 14714000,
        "grossProfit": 197942000,
        "grossProfitRatio": 0.9308084418,
        "researchAndDevelopmentExpenses": 0,
        "generalAndAdministrativeExpenses": 3698000,
        "sellingAndMarketingExpenses": 0,
        "sellingGeneralAndAdministrativeExpenses": 3698000,
        "otherExpenses": 143124000,
        "operatingExpenses": 146822000,
        "costAndExpenses": 146822000,
        "interestIncome": 0,
        "interestExpense": 71150000,
        "depreciationAndAmortization": 63537000,
        "ebitda": 124563000,
        "ebitdaratio": 0.585748815,
        "operatingIncome": 61026000,
        "operatingIncomeRatio": 0.2869705064,
        "totalOtherIncomeExpensesNet": -50512000,
        "incomeBeforeTax": 10514000,
        "incomeBeforeTaxRatio": 0.0494413513,
        "incomeTaxExpense": -533000,
        "netIncome": 13423000,
        "netIncomeRatio": 0.0631207208,
        "eps": 0.11,
        "epsdiluted": 0.11,
        "weightedAverageShsOut": 68738000,
        "weightedAverageShsOutDil": 82518000,
        "link": "https://www.sec.gov/Archives/edgar/data/912242/000110465906032692/0001104659-06-032692-index.htm",
        "finalLink": "https://www.sec.gov/Archives/edgar/data/912242/000110465906032692/a06-9585_110q.htm"
    },
    {
        "date": "2005-12-31",
        "symbol": "MAC",
        "reportedCurrency": "USD",
        "cik": "0000912242",
        "fillingDate": "2006-03-09",
        "acceptedDate": "2006-03-09 15:21:35",
        "calendarYear": "2005",
        "period": "Q4",
        "revenue": 224203000,
        "costOfRevenue": -490347000,
        "grossProfit": 714550000,
        "grossProfitRatio": 3.1870670776,
        "researchAndDevelopmentExpenses": 0,
        "generalAndAdministrativeExpenses": 2169000,
        "sellingAndMarketingExpenses": 0,
        "sellingGeneralAndAdministrativeExpenses": 2169000,
        "otherExpenses": 143953000,
        "operatingExpenses": 224203000,
        "costAndExpenses": 146122000,
        "interestIncome": 0,
        "interestExpense": 249910000,
        "depreciationAndAmortization": 59165000,
        "ebitda": 137246000,
        "ebitdaratio": 0.6121505957,
        "operatingIncome": 78081000,
        "operatingIncomeRatio": 0.348260282,
        "totalOtherIncomeExpensesNet": -6395000,
        "incomeBeforeTax": 71686000,
        "incomeBeforeTaxRatio": 0.319737024,
        "incomeTaxExpense": 42149000,
        "netIncome": 29535000,
        "netIncomeRatio": 0.1317332953,
        "eps": 0.41,
        "epsdiluted": 0.41,
        "weightedAverageShsOut": 71354498,
        "weightedAverageShsOutDil": 73573000,
        "link": "https://www.sec.gov/Archives/edgar/data/912242/000104746906003117/0001047469-06-003117-index.htm",
        "finalLink": "https://www.sec.gov/Archives/edgar/data/912242/000104746906003117/a2167716z10-k.htm"
    },
    {
        "date": "2005-09-30",
        "symbol": "MAC",
        "reportedCurrency": "USD",
        "cik": "0000912242",
        "fillingDate": "2005-11-08",
        "acceptedDate": "2005-11-08 16:41:22",
        "calendarYear": "2005",
        "period": "Q3",
        "revenue": 205423000,
        "costOfRevenue": 11748000,
        "grossProfit": 193675000,
        "grossProfitRatio": 0.9428106882,
        "researchAndDevelopmentExpenses": 0,
        "generalAndAdministrativeExpenses": 3420000,
        "sellingAndMarketingExpenses": 0,
        "sellingGeneralAndAdministrativeExpenses": 3420000,
        "otherExpenses": 138468000,
        "operatingExpenses": 141888000,
        "costAndExpenses": 141888000,
        "interestIncome": 0,
        "interestExpense": 71354000,
        "depreciationAndAmortization": 57182000,
        "ebitda": 116985000,
        "ebitdaratio": 0.5694834561,
        "operatingIncome": 60774000,
        "operatingIncomeRatio": 0.2958480793,
        "totalOtherIncomeExpensesNet": -50436000,
        "incomeBeforeTax": 10338000,
        "incomeBeforeTaxRatio": 0.0503254261,
        "incomeTaxExpense": -1166000,
        "netIncome": 10338000,
        "netIncomeRatio": 0.0503254261,
        "eps": 0.0674,
        "epsdiluted": 0.0674,
        "weightedAverageShsOut": 59247000,
        "weightedAverageShsOutDil": 73660000,
        "link": "https://www.sec.gov/Archives/edgar/data/912242/000110465905053552/0001104659-05-053552-index.htm",
        "finalLink": "https://www.sec.gov/Archives/edgar/data/912242/000110465905053552/a05-18324_110q.htm"
    },
    {
        "date": "2005-06-30",
        "symbol": "MAC",
        "reportedCurrency": "USD",
        "cik": "0000912242",
        "fillingDate": "2005-08-09",
        "acceptedDate": "2005-08-09 09:01:53",
        "calendarYear": "2005",
        "period": "Q2",
        "revenue": 186384000,
        "costOfRevenue": 12800000,
        "grossProfit": 173584000,
        "grossProfitRatio": 0.9313245772,
        "researchAndDevelopmentExpenses": 0,
        "generalAndAdministrativeExpenses": 3865000,
        "sellingAndMarketingExpenses": 0,
        "sellingGeneralAndAdministrativeExpenses": 3865000,
        "otherExpenses": 124971000,
        "operatingExpenses": 128836000,
        "costAndExpenses": 128836000,
        "interestIncome": 0,
        "interestExpense": 61718000,
        "depreciationAndAmortization": 58251000,
        "ebitda": 111718000,
        "ebitdaratio": 0.5993969439,
        "operatingIncome": 57230000,
        "operatingIncomeRatio": 0.3070542536,
        "totalOtherIncomeExpensesNet": -44902000,
        "incomeBeforeTax": 12328000,
        "incomeBeforeTaxRatio": 0.0661430166,
        "incomeTaxExpense": -529000,
        "netIncome": 11313000,
        "netIncomeRatio": 0.0606972702,
        "eps": 0.11,
        "epsdiluted": 0.11,
        "weightedAverageShsOut": 61348591,
        "weightedAverageShsOutDil": 73616000,
        "link": "https://www.sec.gov/Archives/edgar/data/912242/000110465905037521/0001104659-05-037521-index.htm",
        "finalLink": "https://www.sec.gov/Archives/edgar/data/912242/000110465905037521/a05-13058_110q.htm"
    },
    {
        "date": "2005-03-31",
        "symbol": "MAC",
        "reportedCurrency": "USD",
        "cik": "0000912242",
        "fillingDate": "2005-05-06",
        "acceptedDate": "2005-05-06 15:22:56",
        "calendarYear": "2005",
        "period": "Q1",
        "revenue": 151379000,
        "costOfRevenue": 10538000,
        "grossProfit": 140841000,
        "grossProfitRatio": 0.9303866454,
        "researchAndDevelopmentExpenses": 0,
        "generalAndAdministrativeExpenses": 2652000,
        "sellingAndMarketingExpenses": 0,
        "sellingGeneralAndAdministrativeExpenses": 2652000,
        "otherExpenses": 36969000,
        "operatingExpenses": 39621000,
        "costAndExpenses": 39621000,
        "interestIncome": 0,
        "interestExpense": 42564000,
        "depreciationAndAmortization": 37653000,
        "ebitda": 89956000,
        "ebitdaratio": 0.5942435873,
        "operatingIncome": 52303000,
        "operatingIncomeRatio": 0.3455102755,
        "totalOtherIncomeExpensesNet": -29403000,
        "incomeBeforeTax": 22900000,
        "incomeBeforeTaxRatio": 0.1512759366,
        "incomeTaxExpense": -509000,
        "netIncome": 20498000,
        "netIncomeRatio": 0.1354084781,
        "eps": 0.3,
        "epsdiluted": 0.29,
        "weightedAverageShsOut": 61105684,
        "weightedAverageShsOutDil": 73284000,
        "link": "https://www.sec.gov/Archives/edgar/data/912242/000110465905021173/0001104659-05-021173-index.htm",
        "finalLink": "https://www.sec.gov/Archives/edgar/data/912242/000110465905021173/a05-8645_110q.htm"
    },
    {
        "date": "2004-12-31",
        "symbol": "MAC",
        "reportedCurrency": "USD",
        "cik": "0000912242",
        "fillingDate": "2005-03-25",
        "acceptedDate": "2005-03-25 09:01:33",
        "calendarYear": "2004",
        "period": "Q4",
        "revenue": 166584000,
        "costOfRevenue": -342529000,
        "grossProfit": 509113000,
        "grossProfitRatio": 3.0561938722,
        "researchAndDevelopmentExpenses": 0,
        "generalAndAdministrativeExpenses": 2993000,
        "sellingAndMarketingExpenses": 0,
        "sellingGeneralAndAdministrativeExpenses": 2993000,
        "otherExpenses": 110411000,
        "operatingExpenses": 113404000,
        "costAndExpenses": 113404000,
        "interestIncome": 0,
        "interestExpense": 146327000,
        "depreciationAndAmortization": 41120000,
        "ebitda": 94300000,
        "ebitdaratio": 0.5660807761,
        "operatingIncome": 53180000,
        "operatingIncomeRatio": 0.3192383422,
        "totalOtherIncomeExpensesNet": 38453000,
        "incomeBeforeTax": 91633000,
        "incomeBeforeTaxRatio": 0.5500708351,
        "incomeTaxExpense": 59310000,
        "netIncome": 32322000,
        "netIncomeRatio": 0.194028238,
        "eps": 0.53,
        "epsdiluted": 0.53,
        "weightedAverageShsOut": 60815748,
        "weightedAverageShsOutDil": 73099000,
        "link": "https://www.sec.gov/Archives/edgar/data/912242/000104746905007754/0001047469-05-007754-index.htm",
        "finalLink": "https://www.sec.gov/Archives/edgar/data/912242/000104746905007754/a2152838z10-k.htm"
    },
    {
        "date": "2004-09-30",
        "symbol": "MAC",
        "reportedCurrency": "USD",
        "cik": "0000912242",
        "fillingDate": "2004-11-08",
        "acceptedDate": "2004-11-08 16:51:31",
        "calendarYear": "2004",
        "period": "Q3",
        "revenue": 128363000,
        "costOfRevenue": 0,
        "grossProfit": 128363000,
        "grossProfitRatio": 1,
        "researchAndDevelopmentExpenses": 0,
        "generalAndAdministrativeExpenses": 2788000,
        "sellingAndMarketingExpenses": 0,
        "sellingGeneralAndAdministrativeExpenses": 2788000,
        "otherExpenses": 39391000,
        "operatingExpenses": 42179000,
        "costAndExpenses": 42179000,
        "interestIncome": 0,
        "interestExpense": 37507000,
        "depreciationAndAmortization": 35646000,
        "ebitda": 86384000,
        "ebitdaratio": 0.672966509,
        "operatingIncome": 50738000,
        "operatingIncomeRatio": 0.3952696649,
        "totalOtherIncomeExpensesNet": -31082000,
        "incomeBeforeTax": 19656000,
        "incomeBeforeTaxRatio": 0.1531282379,
        "incomeTaxExpense": -3146000,
        "netIncome": 19656000,
        "netIncomeRatio": 0.1531282379,
        "eps": 0.28,
        "epsdiluted": 0.28,
        "weightedAverageShsOut": 60906375,
        "weightedAverageShsOutDil": 73209000,
        "link": "https://www.sec.gov/Archives/edgar/data/912242/000091224204000018/0000912242-04-000018-index.htm",
        "finalLink": "https://www.sec.gov/Archives/edgar/data/912242/000091224204000018/thridqtr10q_2004a.htm"
    },
    {
        "date": "2004-06-30",
        "symbol": "MAC",
        "reportedCurrency": "USD",
        "cik": "0000912242",
        "fillingDate": "2004-08-06",
        "acceptedDate": "2004-08-06 09:02:46",
        "calendarYear": "2004",
        "period": "Q2",
        "revenue": 128796000,
        "costOfRevenue": 0,
        "grossProfit": 128796000,
        "grossProfitRatio": 1,
        "researchAndDevelopmentExpenses": 0,
        "generalAndAdministrativeExpenses": 2271000,
        "sellingAndMarketingExpenses": 0,
        "sellingGeneralAndAdministrativeExpenses": 2271000,
        "otherExpenses": 47533000,
        "operatingExpenses": 49804000,
        "costAndExpenses": 49804000,
        "interestIncome": 0,
        "interestExpense": 34755000,
        "depreciationAndAmortization": 35311000,
        "ebitda": 77765000,
        "ebitdaratio": 0.603784279,
        "operatingIncome": 42454000,
        "operatingIncomeRatio": 0.329622038,
        "totalOtherIncomeExpensesNet": -23128000,
        "incomeBeforeTax": 19326000,
        "incomeBeforeTaxRatio": 0.1500512438,
        "incomeTaxExpense": -2423000,
        "netIncome": 19326000,
        "netIncomeRatio": 0.1500512438,
        "eps": 0.28,
        "epsdiluted": 0.28,
        "weightedAverageShsOut": 60843053,
        "weightedAverageShsOutDil": 73202000,
        "link": "https://www.sec.gov/Archives/edgar/data/912242/000110465904022847/0001104659-04-022847-index.htm",
        "finalLink": "https://www.sec.gov/Archives/edgar/data/912242/000110465904022847/a04-8632_110q.htm"
    },
    {
        "date": "2004-03-31",
        "symbol": "MAC",
        "reportedCurrency": "USD",
        "cik": "0000912242",
        "fillingDate": "2004-05-07",
        "acceptedDate": "2004-05-07 15:36:10",
        "calendarYear": "2004",
        "period": "Q1",
        "revenue": 123668000,
        "costOfRevenue": 0,
        "grossProfit": 123668000,
        "grossProfitRatio": 1,
        "researchAndDevelopmentExpenses": 0,
        "generalAndAdministrativeExpenses": 3024000,
        "sellingAndMarketingExpenses": 0,
        "sellingGeneralAndAdministrativeExpenses": 3024000,
        "otherExpenses": 77137000,
        "operatingExpenses": 80161000,
        "costAndExpenses": 80161000,
        "interestIncome": 0,
        "interestExpense": 33333000,
        "depreciationAndAmortization": 34301000,
        "ebitda": 121949000,
        "ebitdaratio": 0.9860998803,
        "operatingIncome": 87648000,
        "operatingIncomeRatio": 0.7087362939,
        "totalOtherIncomeExpensesNet": -67320000,
        "incomeBeforeTax": 20328000,
        "incomeBeforeTaxRatio": 0.1643755862,
        "incomeTaxExpense": -2507000,
        "netIncome": 20328000,
        "netIncomeRatio": 0.1643755862,
        "eps": 0.3,
        "epsdiluted": 0.3,
        "weightedAverageShsOut": 60612603,
        "weightedAverageShsOutDil": 72987000,
        "link": "https://www.sec.gov/Archives/edgar/data/912242/000110465904013211/0001104659-04-013211-index.htm",
        "finalLink": "https://www.sec.gov/Archives/edgar/data/912242/000110465904013211/a04-5283_110q.htm"
    },
    {
        "date": "2003-12-31",
        "symbol": "MAC",
        "reportedCurrency": "USD",
        "cik": "0000912242",
        "fillingDate": "2004-03-12",
        "acceptedDate": "2004-03-12 16:18:07",
        "calendarYear": "2003",
        "period": "Q4",
        "revenue": 138126000,
        "costOfRevenue": 0,
        "grossProfit": 138126000,
        "grossProfitRatio": 1,
        "researchAndDevelopmentExpenses": 0,
        "generalAndAdministrativeExpenses": 1892000,
        "sellingAndMarketingExpenses": 0,
        "sellingGeneralAndAdministrativeExpenses": 1892000,
        "otherExpenses": 84644000,
        "operatingExpenses": 86536000,
        "costAndExpenses": 86536000,
        "interestIncome": 0,
        "interestExpense": 132512000,
        "depreciationAndAmortization": 35176000,
        "ebitda": 86768000,
        "ebitdaratio": 0.6281800675,
        "operatingIncome": 51590000,
        "operatingIncomeRatio": 0.3734995584,
        "totalOtherIncomeExpensesNet": 76444000,
        "incomeBeforeTax": 128034000,
        "incomeBeforeTaxRatio": 0.9269362756,
        "incomeTaxExpense": 100188000,
        "netIncome": 27848000,
        "netIncomeRatio": 0.20161302,
        "eps": 0.46,
        "epsdiluted": 0.46,
        "weightedAverageShsOut": 59913239,
        "weightedAverageShsOutDil": 59913239,
        "link": "https://www.sec.gov/Archives/edgar/data/912242/000104746904007699/0001047469-04-007699-index.htm",
        "finalLink": "https://www.sec.gov/Archives/edgar/data/912242/000104746904007699/a2130493z10-k.htm"
    },
    {
        "date": "2003-09-30",
        "symbol": "MAC",
        "reportedCurrency": "USD",
        "cik": "0000912242",
        "fillingDate": "2003-11-13",
        "acceptedDate": "2003-11-13 06:03:04",
        "calendarYear": "2003",
        "period": "Q3",
        "revenue": 117363000,
        "costOfRevenue": 0,
        "grossProfit": 117363000,
        "grossProfitRatio": 1,
        "researchAndDevelopmentExpenses": 0,
        "generalAndAdministrativeExpenses": 2811000,
        "sellingAndMarketingExpenses": 0,
        "sellingGeneralAndAdministrativeExpenses": 2811000,
        "otherExpenses": 66928000,
        "operatingExpenses": 69739000,
        "costAndExpenses": 69739000,
        "interestIncome": 0,
        "interestExpense": 31858000,
        "depreciationAndAmortization": 25364000,
        "ebitda": 98164000,
        "ebitdaratio": 0.8364135204,
        "operatingIncome": 47624000,
        "operatingIncomeRatio": 0.4057837649,
        "totalOtherIncomeExpensesNet": -5825000,
        "incomeBeforeTax": 41799000,
        "incomeBeforeTaxRatio": 0.3561514276,
        "incomeTaxExpense": 5825000,
        "netIncome": 41799000,
        "netIncomeRatio": 0.3561514276,
        "eps": 0.71,
        "epsdiluted": 0.66,
        "weightedAverageShsOut": 55428507,
        "weightedAverageShsOutDil": 78173545,
        "link": "https://www.sec.gov/Archives/edgar/data/912242/000110465903025951/0001104659-03-025951-index.htm",
        "finalLink": "https://www.sec.gov/Archives/edgar/data/912242/000110465903025951/a03-5040_110q.htm"
    },
    {
        "date": "2003-06-30",
        "symbol": "MAC",
        "reportedCurrency": "USD",
        "cik": "0000912242",
        "fillingDate": "2003-08-14",
        "acceptedDate": "2003-08-14 10:35:32",
        "calendarYear": "2003",
        "period": "Q2",
        "revenue": 117712000,
        "costOfRevenue": 0,
        "grossProfit": 117712000,
        "grossProfitRatio": 1,
        "researchAndDevelopmentExpenses": 0,
        "generalAndAdministrativeExpenses": 3684000,
        "sellingAndMarketingExpenses": 0,
        "sellingGeneralAndAdministrativeExpenses": 3684000,
        "otherExpenses": 66456000,
        "operatingExpenses": 70140000,
        "costAndExpenses": 70140000,
        "interestIncome": 0,
        "interestExpense": 32981000,
        "depreciationAndAmortization": 24575000,
        "ebitda": 95739000,
        "ebitdaratio": 0.8133325404,
        "operatingIncome": 47572000,
        "operatingIncomeRatio": 0.4041389153,
        "totalOtherIncomeExpensesNet": -13803000,
        "incomeBeforeTax": 33769000,
        "incomeBeforeTaxRatio": 0.2868781433,
        "incomeTaxExpense": 13803000,
        "netIncome": 33769000,
        "netIncomeRatio": 0.2868781433,
        "eps": 0.53,
        "epsdiluted": 0.53,
        "weightedAverageShsOut": 53848573,
        "weightedAverageShsOutDil": 68603626,
        "link": "https://www.sec.gov/Archives/edgar/data/912242/000110465903018445/0001104659-03-018445-index.htm",
        "finalLink": "https://www.sec.gov/Archives/edgar/data/912242/000110465903018445/a03-2401_110q.htm"
    },
    {
        "date": "2003-03-31",
        "symbol": "MAC",
        "reportedCurrency": "USD",
        "cik": "0000912242",
        "fillingDate": "2003-05-14",
        "acceptedDate": "2003-05-14 17:30:22",
        "calendarYear": "2003",
        "period": "Q1",
        "revenue": 114957000,
        "costOfRevenue": 0,
        "grossProfit": 114957000,
        "grossProfitRatio": 1,
        "researchAndDevelopmentExpenses": 0,
        "generalAndAdministrativeExpenses": 2336000,
        "sellingAndMarketingExpenses": 0,
        "sellingGeneralAndAdministrativeExpenses": 2336000,
        "otherExpenses": 63276000,
        "operatingExpenses": 65612000,
        "costAndExpenses": 65612000,
        "interestIncome": 0,
        "interestExpense": 34008000,
        "depreciationAndAmortization": 23914000,
        "ebitda": 72736000,
        "ebitdaratio": 0.6327235401,
        "operatingIncome": 48822000,
        "operatingIncomeRatio": 0.4246979305,
        "totalOtherIncomeExpensesNet": -24202000,
        "incomeBeforeTax": 24620000,
        "incomeBeforeTaxRatio": 0.2141670364,
        "incomeTaxExpense": -4788000,
        "netIncome": 24620000,
        "netIncomeRatio": 0.2141670364,
        "eps": 0.37,
        "epsdiluted": 0.36,
        "weightedAverageShsOut": 53743728,
        "weightedAverageShsOutDil": 68432345,
        "link": "https://www.sec.gov/Archives/edgar/data/912242/000104746903018515/0001047469-03-018515-index.htm",
        "finalLink": "https://www.sec.gov/Archives/edgar/data/912242/000104746903018515/a2110970z10-q.htm"
    },
    {
        "date": "2002-12-31",
        "symbol": "MAC",
        "reportedCurrency": "USD",
        "cik": "0000912242",
        "fillingDate": "2003-03-27",
        "acceptedDate": "2003-03-27 17:28:20",
        "calendarYear": "2002",
        "period": "Q4",
        "revenue": 121323000,
        "costOfRevenue": 0,
        "grossProfit": 121323000,
        "grossProfitRatio": 1,
        "researchAndDevelopmentExpenses": 0,
        "generalAndAdministrativeExpenses": 3711000,
        "sellingAndMarketingExpenses": 0,
        "sellingGeneralAndAdministrativeExpenses": 3711000,
        "otherExpenses": 63259000,
        "operatingExpenses": 66970000,
        "costAndExpenses": 66970000,
        "interestIncome": 0,
        "interestExpense": 122934000,
        "depreciationAndAmortization": 23608000,
        "ebitda": 77961000,
        "ebitdaratio": 0.6425904404,
        "operatingIncome": 54353000,
        "operatingIncomeRatio": 0.4480024398,
        "totalOtherIncomeExpensesNet": 27029000,
        "incomeBeforeTax": 81382000,
        "incomeBeforeTaxRatio": 0.6707878968,
        "incomeTaxExpense": 42970000,
        "netIncome": 38412000,
        "netIncomeRatio": 0.3166093816,
        "eps": 0.71,
        "epsdiluted": 0.71,
        "weightedAverageShsOut": 37348000,
        "weightedAverageShsOutDil": 53743728,
        "link": "https://www.sec.gov/Archives/edgar/data/912242/000104746903010602/0001047469-03-010602-index.htm",
        "finalLink": "https://www.sec.gov/Archives/edgar/data/912242/000104746903010602/a2106074z10-k.htm"
    },
    {
        "date": "2002-09-30",
        "symbol": "MAC",
        "reportedCurrency": "USD",
        "cik": "0000912242",
        "fillingDate": "2002-11-14",
        "acceptedDate": "2002-11-14 19:21:44",
        "calendarYear": "2002",
        "period": "Q3",
        "revenue": 101543000,
        "costOfRevenue": 0,
        "grossProfit": 101543000,
        "grossProfitRatio": 1,
        "researchAndDevelopmentExpenses": 0,
        "generalAndAdministrativeExpenses": 1015000,
        "sellingAndMarketingExpenses": 0,
        "sellingGeneralAndAdministrativeExpenses": 1015000,
        "otherExpenses": 57915000,
        "operatingExpenses": 58930000,
        "costAndExpenses": 58930000,
        "interestIncome": 0,
        "interestExpense": 36255000,
        "depreciationAndAmortization": 21479000,
        "ebitda": 63828000,
        "ebitdaratio": 0.6285809952,
        "operatingIncome": 42613000,
        "operatingIncomeRatio": 0.4196547276,
        "totalOtherIncomeExpensesNet": -25742000,
        "incomeBeforeTax": 16871000,
        "incomeBeforeTaxRatio": 0.1661463616,
        "incomeTaxExpense": -4144000,
        "netIncome": 16871000,
        "netIncomeRatio": 0.1661463616,
        "eps": 0.31,
        "epsdiluted": 0.31,
        "weightedAverageShsOut": 37640229,
        "weightedAverageShsOutDil": 49716000,
        "link": "https://www.sec.gov/Archives/edgar/data/912242/000091205702042586/0000912057-02-042586-index.htm",
        "finalLink": "https://www.sec.gov/Archives/edgar/data/912242/000091205702042586/a2093094z10-q.htm"
    },
    {
        "date": "2002-06-30",
        "symbol": "MAC",
        "reportedCurrency": "USD",
        "cik": "0000912242",
        "fillingDate": "2002-08-14",
        "acceptedDate": "2002-08-14 15:42:54",
        "calendarYear": "2002",
        "period": "Q2",
        "revenue": 79108000,
        "costOfRevenue": 0,
        "grossProfit": 79108000,
        "grossProfitRatio": 1,
        "researchAndDevelopmentExpenses": 0,
        "generalAndAdministrativeExpenses": 2012000,
        "sellingAndMarketingExpenses": 0,
        "sellingGeneralAndAdministrativeExpenses": 2012000,
        "otherExpenses": 44780000,
        "operatingExpenses": 46792000,
        "costAndExpenses": 46792000,
        "interestIncome": 0,
        "interestExpense": 25036000,
        "depreciationAndAmortization": 17126000,
        "ebitda": 49442000,
        "ebitdaratio": 0.6249936795,
        "operatingIncome": 32316000,
        "operatingIncomeRatio": 0.4085048288,
        "totalOtherIncomeExpensesNet": -28580000,
        "incomeBeforeTax": 3736000,
        "incomeBeforeTaxRatio": 0.0472265763,
        "incomeTaxExpense": -111000,
        "netIncome": 3736000,
        "netIncomeRatio": 0.0472265763,
        "eps": -0.0385,
        "epsdiluted": -0.0385,
        "weightedAverageShsOut": 36241000,
        "weightedAverageShsOutDil": 47393000,
        "link": "https://www.sec.gov/Archives/edgar/data/912242/000091205702032090/0000912057-02-032090-index.htm",
        "finalLink": "https://www.sec.gov/Archives/edgar/data/912242/000091205702032090/a2086595z10-q.htm"
    },
    {
        "date": "2002-03-31",
        "symbol": "MAC",
        "reportedCurrency": "USD",
        "cik": "0000912242",
        "fillingDate": "2002-05-15",
        "acceptedDate": "2002-05-15 12:05:33",
        "calendarYear": "2002",
        "period": "Q1",
        "revenue": 76950000,
        "costOfRevenue": 0,
        "grossProfit": 76950000,
        "grossProfitRatio": 1,
        "researchAndDevelopmentExpenses": 0,
        "generalAndAdministrativeExpenses": 1533000,
        "sellingAndMarketingExpenses": 0,
        "sellingGeneralAndAdministrativeExpenses": 1533000,
        "otherExpenses": 42207000,
        "operatingExpenses": 43740000,
        "costAndExpenses": 43740000,
        "interestIncome": 0,
        "interestExpense": 25124000,
        "depreciationAndAmortization": 16624000,
        "ebitda": 49834000,
        "ebitdaratio": 0.6476153346,
        "operatingIncome": 33210000,
        "operatingIncomeRatio": 0.4315789474,
        "totalOtherIncomeExpensesNet": -10847000,
        "incomeBeforeTax": 22363000,
        "incomeBeforeTaxRatio": 0.290617284,
        "incomeTaxExpense": 8123000,
        "netIncome": 22363000,
        "netIncomeRatio": 0.290617284,
        "eps": 0.48,
        "epsdiluted": 0.48,
        "weightedAverageShsOut": 36056142,
        "weightedAverageShsOutDil": 45887000,
        "link": "https://www.sec.gov/Archives/edgar/data/912242/000091205702020525/0000912057-02-020525-index.htm",
        "finalLink": "https://www.sec.gov/Archives/edgar/data/912242/000091205702020525/a2079844z10-q.htm"
    },
    {
        "date": "2001-12-31",
        "symbol": "MAC",
        "reportedCurrency": "USD",
        "cik": "0000912242",
        "fillingDate": "2002-03-25",
        "acceptedDate": "2002-03-25 00:00:00",
        "calendarYear": "2001",
        "period": "Q4",
        "revenue": 93232000,
        "costOfRevenue": 0,
        "grossProfit": 93232000,
        "grossProfitRatio": 1,
        "researchAndDevelopmentExpenses": 0,
        "generalAndAdministrativeExpenses": 2302000,
        "sellingAndMarketingExpenses": 0,
        "sellingGeneralAndAdministrativeExpenses": 2302000,
        "otherExpenses": 47112000,
        "operatingExpenses": 49414000,
        "costAndExpenses": 49414000,
        "interestIncome": 0,
        "interestExpense": 109646000,
        "depreciationAndAmortization": 16891000,
        "ebitda": 60709000,
        "ebitdaratio": 0.6511605457,
        "operatingIncome": 43818000,
        "operatingIncomeRatio": 0.469988845,
        "totalOtherIncomeExpensesNet": 33905000,
        "incomeBeforeTax": 77723000,
        "incomeBeforeTaxRatio": 0.833651536,
        "incomeTaxExpense": 23684000,
        "netIncome": 40533000,
        "netIncomeRatio": 0.4347541617,
        "eps": 1.12,
        "epsdiluted": 1.12,
        "weightedAverageShsOut": 34964221,
        "weightedAverageShsOutDil": 44963000,
        "link": "https://www.sec.gov/Archives/edgar/data/912242/000091205702011264/0000912057-02-011264-index.htm",
        "finalLink": "https://www.sec.gov/Archives/edgar/data/912242/000091205702011264/a2073846z10-k.htm"
    },
    {
        "date": "2001-09-30",
        "symbol": "MAC",
        "reportedCurrency": "USD",
        "cik": "0000912242",
        "fillingDate": "2001-11-14",
        "acceptedDate": "2001-11-14 00:00:00",
        "calendarYear": "2001",
        "period": "Q3",
        "revenue": 82887000,
        "costOfRevenue": 0,
        "grossProfit": 82887000,
        "grossProfitRatio": 1,
        "researchAndDevelopmentExpenses": 0,
        "generalAndAdministrativeExpenses": 963000,
        "sellingAndMarketingExpenses": 0,
        "sellingGeneralAndAdministrativeExpenses": 963000,
        "otherExpenses": 45230000,
        "operatingExpenses": 46193000,
        "costAndExpenses": 46193000,
        "interestIncome": 0,
        "interestExpense": 0,
        "depreciationAndAmortization": 16601000,
        "ebitda": 53145000,
        "ebitdaratio": 0.6411741286,
        "operatingIncome": 36544000,
        "operatingIncomeRatio": 0.4408894036,
        "totalOtherIncomeExpensesNet": 0,
        "incomeBeforeTax": 39509000,
        "incomeBeforeTaxRatio": 0.4766609963,
        "incomeTaxExpense": 22413000,
        "netIncome": 14281000,
        "netIncomeRatio": 0.172294811,
        "eps": 0.26,
        "epsdiluted": 0.26,
        "weightedAverageShsOut": 35168597,
        "weightedAverageShsOutDil": 46746133,
        "link": "https://www.sec.gov/Archives/edgar/data/912242/000091224201500013/0000912242-01-500013-index.htm",
        "finalLink": "https://www.sec.gov/Archives/edgar/data/912242/000091224201500013/mac3q01.txt"
    },
    {
        "date": "2001-06-30",
        "symbol": "MAC",
        "reportedCurrency": "USD",
        "cik": "0000912242",
        "fillingDate": "2001-08-14",
        "acceptedDate": "2001-08-14 00:00:00",
        "calendarYear": "2001",
        "period": "Q2",
        "revenue": 80691000,
        "costOfRevenue": 0,
        "grossProfit": 80691000,
        "grossProfitRatio": 1,
        "researchAndDevelopmentExpenses": 0,
        "generalAndAdministrativeExpenses": 1832000,
        "sellingAndMarketingExpenses": 0,
        "sellingGeneralAndAdministrativeExpenses": 1832000,
        "otherExpenses": 44212000,
        "operatingExpenses": 46044000,
        "costAndExpenses": 46044000,
        "interestIncome": 0,
        "interestExpense": 0,
        "depreciationAndAmortization": 16379000,
        "ebitda": 50584000,
        "ebitdaratio": 0.6268852784,
        "operatingIncome": 34205000,
        "operatingIncomeRatio": 0.4239010546,
        "totalOtherIncomeExpensesNet": 574000,
        "incomeBeforeTax": 34779000,
        "incomeBeforeTaxRatio": 0.4310146113,
        "incomeTaxExpense": 22990000,
        "netIncome": 11657000,
        "netIncomeRatio": 0.1444646863,
        "eps": 0.19,
        "epsdiluted": 0.19,
        "weightedAverageShsOut": 35056486,
        "weightedAverageShsOutDil": 46634022,
        "link": "https://www.sec.gov/Archives/edgar/data/912242/000091224201500010/0000912242-01-500010-index.htm",
        "finalLink": "https://www.sec.gov/Archives/edgar/data/912242/000091224201500010/mac10q8-01.txt"
    },
    {
        "date": "2001-03-31",
        "symbol": "MAC",
        "reportedCurrency": "USD",
        "cik": "0000912242",
        "fillingDate": "2001-05-15",
        "acceptedDate": "2001-05-15 00:00:00",
        "calendarYear": "2001",
        "period": "Q1",
        "revenue": 77763000,
        "costOfRevenue": 0,
        "grossProfit": 77763000,
        "grossProfitRatio": 1,
        "researchAndDevelopmentExpenses": 0,
        "generalAndAdministrativeExpenses": 1682000,
        "sellingAndMarketingExpenses": 0,
        "sellingGeneralAndAdministrativeExpenses": 1682000,
        "otherExpenses": 40255000,
        "operatingExpenses": 41937000,
        "costAndExpenses": 41937000,
        "interestIncome": 0,
        "interestExpense": 0,
        "depreciationAndAmortization": 16104000,
        "ebitda": 139202000,
        "ebitdaratio": 1.7900801152,
        "operatingIncome": 35826000,
        "operatingIncomeRatio": 0.4607075344,
        "totalOtherIncomeExpensesNet": 0,
        "incomeBeforeTax": 35726000,
        "incomeBeforeTaxRatio": 0.4594215758,
        "incomeTaxExpense": 24576000,
        "netIncome": 11250000,
        "netIncomeRatio": 0.1446703445,
        "eps": 0.18,
        "epsdiluted": 0.18,
        "weightedAverageShsOut": 34920499,
        "weightedAverageShsOutDil": 46501150,
        "link": "https://www.sec.gov/Archives/edgar/data/912242/000091224201500004/0000912242-01-500004-index.htm",
        "finalLink": "https://www.sec.gov/Archives/edgar/data/912242/000091224201500004/mac501.txt"
    },
    {
        "date": "2000-12-31",
        "symbol": "MAC",
        "reportedCurrency": "USD",
        "cik": "0000912242",
        "fillingDate": "2001-03-29",
        "acceptedDate": "2001-03-29 00:00:00",
        "calendarYear": "2000",
        "period": "Q4",
        "revenue": 91596000,
        "costOfRevenue": 0,
        "grossProfit": 91596000,
        "grossProfitRatio": 1,
        "researchAndDevelopmentExpenses": 0,
        "generalAndAdministrativeExpenses": 1477000,
        "sellingAndMarketingExpenses": 0,
        "sellingGeneralAndAdministrativeExpenses": 1477000,
        "otherExpenses": 45458000,
        "operatingExpenses": 46935000,
        "costAndExpenses": 46935000,
        "interestIncome": 0,
        "interestExpense": 0,
        "depreciationAndAmortization": 17015000,
        "ebitda": 61676000,
        "ebitdaratio": 0.6733481811,
        "operatingIncome": 44661000,
        "operatingIncomeRatio": 0.4875867942,
        "totalOtherIncomeExpensesNet": 0,
        "incomeBeforeTax": 49427000,
        "incomeBeforeTaxRatio": 0.539619634,
        "incomeTaxExpense": 22767000,
        "netIncome": 21894000,
        "netIncomeRatio": 0.2390279051,
        "eps": 0.63,
        "epsdiluted": 0.63,
        "weightedAverageShsOut": 34920499,
        "weightedAverageShsOutDil": 34920499,
        "link": "https://www.sec.gov/Archives/edgar/data/912242/000091205701505482/0000912057-01-505482-index.htm",
        "finalLink": "https://www.sec.gov/Archives/edgar/data/912242/000091205701505482/a2042811z10-k.htm"
    },
    {
        "date": "2000-09-30",
        "symbol": "MAC",
        "reportedCurrency": "USD",
        "cik": "0000912242",
        "fillingDate": "2000-11-14",
        "acceptedDate": "2000-11-14 00:00:00",
        "calendarYear": "2000",
        "period": "Q3",
        "revenue": 76937000,
        "costOfRevenue": 0,
        "grossProfit": 76937000,
        "grossProfitRatio": 1,
        "researchAndDevelopmentExpenses": 0,
        "generalAndAdministrativeExpenses": 851000,
        "sellingAndMarketingExpenses": 0,
        "sellingGeneralAndAdministrativeExpenses": 851000,
        "otherExpenses": 40186000,
        "operatingExpenses": 41037000,
        "costAndExpenses": 41037000,
        "interestIncome": 0,
        "interestExpense": 0,
        "depreciationAndAmortization": 15064000,
        "ebitda": 50964000,
        "ebitdaratio": 0.6624121034,
        "operatingIncome": 35900000,
        "operatingIncomeRatio": 0.4666155426,
        "totalOtherIncomeExpensesNet": -35900000,
        "incomeBeforeTax": 39185000,
        "incomeBeforeTaxRatio": 0.5093128144,
        "incomeTaxExpense": 24083000,
        "netIncome": 11817000,
        "netIncomeRatio": 0.1535931996,
        "eps": 0.2,
        "epsdiluted": 0.2,
        "weightedAverageShsOut": 35462369,
        "weightedAverageShsOutDil": 46823988,
        "link": "https://www.sec.gov/Archives/edgar/data/912242/000091224200000017/0000912242-00-000017-index.htm",
        "finalLink": "https://www.sec.gov/Archives/edgar/data/912242/000091224200000017/0000912242-00-000017-0001.htm"
    },
    {
        "date": "2000-06-30",
        "symbol": "MAC",
        "reportedCurrency": "USD",
        "cik": "0000912242",
        "fillingDate": "2000-08-14",
        "acceptedDate": "2000-08-14 00:00:00",
        "calendarYear": "2000",
        "period": "Q2",
        "revenue": 76255000,
        "costOfRevenue": 0,
        "grossProfit": 76255000,
        "grossProfitRatio": 1,
        "researchAndDevelopmentExpenses": 0,
        "generalAndAdministrativeExpenses": 1712000,
        "sellingAndMarketingExpenses": 0,
        "sellingGeneralAndAdministrativeExpenses": 1712000,
        "otherExpenses": 39248000,
        "operatingExpenses": 40960000,
        "costAndExpenses": 40960000,
        "interestIncome": 0,
        "interestExpense": 0,
        "depreciationAndAmortization": 15040000,
        "ebitda": 50335000,
        "ebitdaratio": 0.6600878631,
        "operatingIncome": 35295000,
        "operatingIncomeRatio": 0.4628548948,
        "totalOtherIncomeExpensesNet": -35295000,
        "incomeBeforeTax": 37678000,
        "incomeBeforeTaxRatio": 0.4941053046,
        "incomeTaxExpense": 23050000,
        "netIncome": 12245000,
        "netIncomeRatio": 0.1605796341,
        "eps": 0.21,
        "epsdiluted": 0.21,
        "weightedAverageShsOut": 35447836,
        "weightedAverageShsOutDil": 46809455,
        "link": "https://www.sec.gov/Archives/edgar/data/912242/000091224200000014/0000912242-00-000014-index.htm",
        "finalLink": "https://www.sec.gov/Archives/edgar/data/912242/000091224200000014/0000912242-00-000014-0001.txt"
    },
    {
        "date": "2000-03-31",
        "symbol": "MAC",
        "reportedCurrency": "USD",
        "cik": "0000912242",
        "fillingDate": "2000-05-15",
        "acceptedDate": "2000-05-15 00:00:00",
        "calendarYear": "2000",
        "period": "Q1",
        "revenue": 75303000,
        "costOfRevenue": 0,
        "grossProfit": 75303000,
        "grossProfitRatio": 1,
        "researchAndDevelopmentExpenses": 0,
        "generalAndAdministrativeExpenses": 1469000,
        "sellingAndMarketingExpenses": 0,
        "sellingGeneralAndAdministrativeExpenses": 1469000,
        "otherExpenses": 38428000,
        "operatingExpenses": 39897000,
        "costAndExpenses": 39897000,
        "interestIncome": 0,
        "interestExpense": 0,
        "depreciationAndAmortization": 14528000,
        "ebitda": 49934000,
        "ebitdaratio": 0.6631077115,
        "operatingIncome": 35406000,
        "operatingIncomeRatio": 0.4701804709,
        "totalOtherIncomeExpensesNet": -35406000,
        "incomeBeforeTax": 38408000,
        "incomeBeforeTaxRatio": 0.5100460805,
        "incomeTaxExpense": 24432000,
        "netIncome": 10974000,
        "netIncomeRatio": 0.1457312458,
        "eps": 0.18,
        "epsdiluted": 0.18,
        "weightedAverageShsOut": 35388666,
        "weightedAverageShsOutDil": 47076238,
        "link": "https://www.sec.gov/Archives/edgar/data/912242/000091205700024943/0000912057-00-024943-index.html",
        "finalLink": "https://www.sec.gov/Archives/edgar/data/912242/000091205700024943/"
    },
    {
        "date": "1999-12-31",
        "symbol": "MAC",
        "reportedCurrency": "USD",
        "cik": "0000912242",
        "fillingDate": "2000-03-21",
        "acceptedDate": "2000-03-21 00:00:00",
        "calendarYear": "1999",
        "period": "Q4",
        "revenue": 67844000,
        "costOfRevenue": 0,
        "grossProfit": 67844000,
        "grossProfitRatio": 1,
        "researchAndDevelopmentExpenses": 0,
        "generalAndAdministrativeExpenses": 1388000,
        "sellingAndMarketingExpenses": 0,
        "sellingGeneralAndAdministrativeExpenses": 1388000,
        "otherExpenses": 284810000,
        "operatingExpenses": 286198000,
        "costAndExpenses": 286198000,
        "interestIncome": 0,
        "interestExpense": 0,
        "depreciationAndAmortization": 14783000,
        "ebitda": -203571000,
        "ebitdaratio": -3.0005748482,
        "operatingIncome": -218354000,
        "operatingIncomeRatio": -3.2184717882,
        "totalOtherIncomeExpensesNet": 218354000,
        "incomeBeforeTax": -179541000,
        "incomeBeforeTaxRatio": -2.6463799304,
        "incomeTaxExpense": -306865000,
        "netIncome": 88511000,
        "netIncomeRatio": 1.3046253169,
        "eps": 2.5,
        "epsdiluted": 2.5,
        "weightedAverageShsOut": 35363752,
        "weightedAverageShsOutDil": 35388666,
        "link": "https://www.sec.gov/Archives/edgar/data/912242/000091205700012669/0000912057-00-012669-index.html",
        "finalLink": "https://www.sec.gov/Archives/edgar/data/912242/000091205700012669/"
    },
    {
        "date": "1999-09-30",
        "symbol": "MAC",
        "reportedCurrency": "USD",
        "cik": "0000912242",
        "fillingDate": "1999-11-12",
        "acceptedDate": "1999-11-12 00:00:00",
        "calendarYear": "1999",
        "period": "Q3",
        "revenue": 89500000,
        "costOfRevenue": 0,
        "grossProfit": 89500000,
        "grossProfitRatio": 1,
        "researchAndDevelopmentExpenses": 0,
        "generalAndAdministrativeExpenses": 1200000,
        "sellingAndMarketingExpenses": 0,
        "sellingGeneralAndAdministrativeExpenses": 1200000,
        "otherExpenses": -42400000,
        "operatingExpenses": -41200000,
        "costAndExpenses": -41200000,
        "interestIncome": 0,
        "interestExpense": 0,
        "depreciationAndAmortization": 15900000,
        "ebitda": 56688000,
        "ebitdaratio": 0.6333854749,
        "operatingIncome": 40793000,
        "operatingIncomeRatio": 0.4557877095,
        "totalOtherIncomeExpensesNet": -40793000,
        "incomeBeforeTax": 134000000,
        "incomeBeforeTaxRatio": 1.4972067039,
        "incomeTaxExpense": 116800000,
        "netIncome": 13865000,
        "netIncomeRatio": 0.1549162011,
        "eps": 0.26,
        "epsdiluted": 0.26,
        "weightedAverageShsOut": 35339877,
        "weightedAverageShsOutDil": 48081085,
        "link": "https://www.sec.gov/Archives/edgar/data/912242/000091205799005411/0000912057-99-005411-index.html",
        "finalLink": "https://www.sec.gov/Archives/edgar/data/912242/000091205799005411/"
    },
    {
        "date": "1999-06-30",
        "symbol": "MAC",
        "reportedCurrency": "USD",
        "cik": "0000912242",
        "fillingDate": "1999-08-13",
        "acceptedDate": "1999-08-13 00:00:00",
        "calendarYear": "1999",
        "period": "Q2",
        "revenue": 86000000,
        "costOfRevenue": 0,
        "grossProfit": 86000000,
        "grossProfitRatio": 1,
        "researchAndDevelopmentExpenses": 0,
        "generalAndAdministrativeExpenses": 1400000,
        "sellingAndMarketingExpenses": 0,
        "sellingGeneralAndAdministrativeExpenses": 1400000,
        "otherExpenses": -40700000,
        "operatingExpenses": -39300000,
        "costAndExpenses": -39300000,
        "interestIncome": 0,
        "interestExpense": 0,
        "depreciationAndAmortization": 15300000,
        "ebitda": 55282000,
        "ebitdaratio": 0.6428139535,
        "operatingIncome": 39996000,
        "operatingIncomeRatio": 0.4650697674,
        "totalOtherIncomeExpensesNet": -39996000,
        "incomeBeforeTax": 0,
        "incomeBeforeTaxRatio": 0,
        "incomeTaxExpense": -16680000,
        "netIncome": 13407000,
        "netIncomeRatio": 0.1558953488,
        "eps": 0.25,
        "epsdiluted": 0.25,
        "weightedAverageShsOut": 35273441,
        "weightedAverageShsOutDil": 48053057,
        "link": "https://www.sec.gov/Archives/edgar/data/912242/000091224299000012/0000912242-99-000012-index.html",
        "finalLink": "https://www.sec.gov/Archives/edgar/data/912242/000091224299000012/"
    },
    {
        "date": "1999-03-31",
        "symbol": "MAC",
        "reportedCurrency": "USD",
        "cik": "0000912242",
        "fillingDate": "1999-05-17",
        "acceptedDate": "1999-05-17 00:00:00",
        "calendarYear": "1999",
        "period": "Q1",
        "revenue": 84200000,
        "costOfRevenue": 0,
        "grossProfit": 84200000,
        "grossProfitRatio": 1,
        "researchAndDevelopmentExpenses": 0,
        "generalAndAdministrativeExpenses": 1400000,
        "sellingAndMarketingExpenses": 0,
        "sellingGeneralAndAdministrativeExpenses": 1400000,
        "otherExpenses": -39900000,
        "operatingExpenses": -38500000,
        "costAndExpenses": -38500000,
        "interestIncome": 0,
        "interestExpense": 0,
        "depreciationAndAmortization": 15400000,
        "ebitda": 54181000,
        "ebitdaratio": 0.64347981,
        "operatingIncome": 38928000,
        "operatingIncomeRatio": 0.462327791,
        "totalOtherIncomeExpensesNet": -38928000,
        "incomeBeforeTax": 0,
        "incomeBeforeTaxRatio": 0,
        "incomeTaxExpense": -17521000,
        "netIncome": 13318000,
        "netIncomeRatio": 0.1581710214,
        "eps": 0.25,
        "epsdiluted": 0.25,
        "weightedAverageShsOut": 35218424,
        "weightedAverageShsOutDil": 48337487,
        "link": "https://www.sec.gov/Archives/edgar/data/912242/000091224299000006/0000912242-99-000006-index.html",
        "finalLink": "https://www.sec.gov/Archives/edgar/data/912242/"
    },
    {
        "date": "1998-12-31",
        "symbol": "MAC",
        "reportedCurrency": "USD",
        "cik": "0000912242",
        "fillingDate": "1999-03-30",
        "acceptedDate": "1999-03-30 00:00:00",
        "calendarYear": "1998",
        "period": "Q4",
        "revenue": 77761000,
        "costOfRevenue": 0,
        "grossProfit": 77761000,
        "grossProfitRatio": 1,
        "researchAndDevelopmentExpenses": 0,
        "generalAndAdministrativeExpenses": 1273000,
        "sellingAndMarketingExpenses": 0,
        "sellingGeneralAndAdministrativeExpenses": 1273000,
        "otherExpenses": 247232000,
        "operatingExpenses": 248505000,
        "costAndExpenses": 248505000,
        "interestIncome": 0,
        "interestExpense": 0,
        "depreciationAndAmortization": 14541000,
        "ebitda": -156203000,
        "ebitdaratio": -2.0087576034,
        "operatingIncome": -170744000,
        "operatingIncomeRatio": -2.1957536554,
        "totalOtherIncomeExpensesNet": 170744000,
        "incomeBeforeTax": 0,
        "incomeBeforeTaxRatio": 0,
        "incomeTaxExpense": -31312000,
        "netIncome": 18375000,
        "netIncomeRatio": 0.2363009735,
        "eps": 0.52,
        "epsdiluted": 0.52,
        "weightedAverageShsOut": 35533757,
        "weightedAverageShsOutDil": 35533757,
        "link": "https://www.sec.gov/Archives/edgar/data/912242/000104746999012492/0001047469-99-012492-index.html",
        "finalLink": "https://www.sec.gov/Archives/edgar/data/912242/"
    },
    {
        "date": "1998-09-30",
        "symbol": "MAC",
        "reportedCurrency": "USD",
        "cik": "0000912242",
        "fillingDate": "1998-11-16",
        "acceptedDate": "1998-11-16 00:00:00",
        "calendarYear": "1998",
        "period": "Q3",
        "revenue": 78000000,
        "costOfRevenue": 0,
        "grossProfit": 78000000,
        "grossProfitRatio": 1,
        "researchAndDevelopmentExpenses": 0,
        "generalAndAdministrativeExpenses": 900000,
        "sellingAndMarketingExpenses": 0,
        "sellingGeneralAndAdministrativeExpenses": 900000,
        "otherExpenses": -40300000,
        "operatingExpenses": -39400000,
        "costAndExpenses": -39400000,
        "interestIncome": 0,
        "interestExpense": 0,
        "depreciationAndAmortization": 15000000,
        "ebitda": 132400000,
        "ebitdaratio": 1.6974358974,
        "operatingIncome": 117400000,
        "operatingIncomeRatio": 1.5051282051,
        "totalOtherIncomeExpensesNet": -117400000,
        "incomeBeforeTax": 0,
        "incomeBeforeTaxRatio": 0,
        "incomeTaxExpense": -11100000,
        "netIncome": 8800000,
        "netIncomeRatio": 0.1128205128,
        "eps": 0.13,
        "epsdiluted": 0.13,
        "weightedAverageShsOut": 34107843,
        "weightedAverageShsOutDil": 34107843,
        "link": "https://www.sec.gov/Archives/edgar/data/912242/000104746998041194/0001047469-98-041194-index.html",
        "finalLink": "https://www.sec.gov/Archives/edgar/data/912242/"
    },
    {
        "date": "1998-06-30",
        "symbol": "MAC",
        "reportedCurrency": "USD",
        "cik": "0000912242",
        "fillingDate": "1998-08-14",
        "acceptedDate": "1998-08-14 00:00:00",
        "calendarYear": "1998",
        "period": "Q2",
        "revenue": 65600000,
        "costOfRevenue": 0,
        "grossProfit": 65600000,
        "grossProfitRatio": 1,
        "researchAndDevelopmentExpenses": 0,
        "generalAndAdministrativeExpenses": 1200000,
        "sellingAndMarketingExpenses": 0,
        "sellingGeneralAndAdministrativeExpenses": 1200000,
        "otherExpenses": -32400000,
        "operatingExpenses": -31200000,
        "costAndExpenses": -31200000,
        "interestIncome": 0,
        "interestExpense": 0,
        "depreciationAndAmortization": 11900000,
        "ebitda": 108700000,
        "ebitdaratio": 1.6570121951,
        "operatingIncome": 96800000,
        "operatingIncomeRatio": 1.4756097561,
        "totalOtherIncomeExpensesNet": -96800000,
        "incomeBeforeTax": 96800000,
        "incomeBeforeTaxRatio": 1.4756097561,
        "incomeTaxExpense": 87400000,
        "netIncome": 9400000,
        "netIncomeRatio": 0.1432926829,
        "eps": 0.23,
        "epsdiluted": 0.23,
        "weightedAverageShsOut": 31574471,
        "weightedAverageShsOutDil": 31574471,
        "link": "https://www.sec.gov/Archives/edgar/data/912242/000104746998031649/0001047469-98-031649-index.html",
        "finalLink": "https://www.sec.gov/Archives/edgar/data/912242/0001047469-98-031649.txt"
    },
    {
        "date": "1998-03-31",
        "symbol": "MAC",
        "reportedCurrency": "USD",
        "cik": "0000912242",
        "fillingDate": "1998-05-15",
        "acceptedDate": "1998-05-15 00:00:00",
        "calendarYear": "1998",
        "period": "Q1",
        "revenue": 62600000,
        "costOfRevenue": 0,
        "grossProfit": 62600000,
        "grossProfitRatio": 1,
        "researchAndDevelopmentExpenses": 0,
        "generalAndAdministrativeExpenses": 1000000,
        "sellingAndMarketingExpenses": 0,
        "sellingGeneralAndAdministrativeExpenses": 1000000,
        "otherExpenses": -31400000,
        "operatingExpenses": -30400000,
        "costAndExpenses": -30400000,
        "interestIncome": 0,
        "interestExpense": 0,
        "depreciationAndAmortization": 11700000,
        "ebitda": 104700000,
        "ebitdaratio": 1.6725239617,
        "operatingIncome": 93000000,
        "operatingIncomeRatio": 1.4856230032,
        "totalOtherIncomeExpensesNet": -93000000,
        "incomeBeforeTax": 0,
        "incomeBeforeTaxRatio": 0,
        "incomeTaxExpense": -7600000,
        "netIncome": 7500000,
        "netIncomeRatio": 0.1198083067,
        "eps": 0.24,
        "epsdiluted": 0.24,
        "weightedAverageShsOut": 21497056,
        "weightedAverageShsOutDil": 21497056,
        "link": "https://www.sec.gov/Archives/edgar/data/912242/000104746998020638/0001047469-98-020638-index.html",
        "finalLink": "https://www.sec.gov/Archives/edgar/data/912242/"
    },
    {
        "date": "1997-12-31",
        "symbol": "MAC",
        "reportedCurrency": "USD",
        "cik": "0000912242",
        "fillingDate": "1998-03-26",
        "acceptedDate": "1998-03-26 00:00:00",
        "calendarYear": "1997",
        "period": "Q4",
        "revenue": 67514000,
        "costOfRevenue": 0,
        "grossProfit": 67514000,
        "grossProfitRatio": 1,
        "researchAndDevelopmentExpenses": 0,
        "generalAndAdministrativeExpenses": 659000,
        "sellingAndMarketingExpenses": 0,
        "sellingGeneralAndAdministrativeExpenses": 659000,
        "otherExpenses": 196136000,
        "operatingExpenses": 196795000,
        "costAndExpenses": 196795000,
        "interestIncome": 0,
        "interestExpense": 0,
        "depreciationAndAmortization": 11735000,
        "ebitda": -117546000,
        "ebitdaratio": -1.7410611133,
        "operatingIncome": -129281000,
        "operatingIncomeRatio": -1.9148769144,
        "totalOtherIncomeExpensesNet": 129281000,
        "incomeBeforeTax": 0,
        "incomeBeforeTaxRatio": 0,
        "incomeTaxExpense": -17768000,
        "netIncome": 7246000,
        "netIncomeRatio": 0.107325888,
        "eps": 0.34,
        "epsdiluted": 0.34,
        "weightedAverageShsOut": 21497056,
        "weightedAverageShsOutDil": 21497056,
        "link": "https://www.sec.gov/Archives/edgar/data/912242/000104746998011649/0001047469-98-011649-index.html",
        "finalLink": "https://www.sec.gov/Archives/edgar/data/912242/"
    },
    {
        "date": "1997-09-30",
        "symbol": "MAC",
        "reportedCurrency": "USD",
        "cik": "0000912242",
        "fillingDate": "1997-11-17",
        "acceptedDate": "1997-11-17 00:00:00",
        "calendarYear": "1997",
        "period": "Q3",
        "revenue": 49900000,
        "costOfRevenue": 0,
        "grossProfit": 49900000,
        "grossProfitRatio": 1,
        "researchAndDevelopmentExpenses": 0,
        "generalAndAdministrativeExpenses": 900000,
        "sellingAndMarketingExpenses": 0,
        "sellingGeneralAndAdministrativeExpenses": 900000,
        "otherExpenses": -30900000,
        "operatingExpenses": -30000000,
        "costAndExpenses": -30000000,
        "interestIncome": 0,
        "interestExpense": 0,
        "depreciationAndAmortization": 10100000,
        "ebitda": 90000000,
        "ebitdaratio": 1.8036072144,
        "operatingIncome": 79900000,
        "operatingIncomeRatio": 1.6012024048,
        "totalOtherIncomeExpensesNet": -79900000,
        "incomeBeforeTax": 0,
        "incomeBeforeTaxRatio": 0,
        "incomeTaxExpense": -1900000,
        "netIncome": 1800000,
        "netIncomeRatio": 0.0360721443,
        "eps": 0.0674,
        "epsdiluted": 0.0674,
        "weightedAverageShsOut": 26693095,
        "weightedAverageShsOutDil": 26693095,
        "link": "https://www.sec.gov/Archives/edgar/data/912242/000091224297000015/0000912242-97-000015-index.html",
        "finalLink": "https://www.sec.gov/Archives/edgar/data/912242/"
    },
    {
        "date": "1997-06-30",
        "symbol": "MAC",
        "reportedCurrency": "USD",
        "cik": "0000912242",
        "fillingDate": "1997-08-14",
        "acceptedDate": "1997-08-14 00:00:00",
        "calendarYear": "1997",
        "period": "Q2",
        "revenue": 53100000,
        "costOfRevenue": 0,
        "grossProfit": 53100000,
        "grossProfitRatio": 1,
        "researchAndDevelopmentExpenses": 0,
        "generalAndAdministrativeExpenses": 400000,
        "sellingAndMarketingExpenses": 0,
        "sellingGeneralAndAdministrativeExpenses": 400000,
        "otherExpenses": -26800000,
        "operatingExpenses": -26400000,
        "costAndExpenses": -26400000,
        "interestIncome": 0,
        "interestExpense": 0,
        "depreciationAndAmortization": 10200000,
        "ebitda": 89700000,
        "ebitdaratio": 1.6892655367,
        "operatingIncome": 79900000,
        "operatingIncomeRatio": 1.5047080979,
        "totalOtherIncomeExpensesNet": 0,
        "incomeBeforeTax": 80000000,
        "incomeBeforeTaxRatio": 1.5065913371,
        "incomeTaxExpense": 73400000,
        "netIncome": 6100000,
        "netIncomeRatio": 0.1148775895,
        "eps": 0.23,
        "epsdiluted": 0.23,
        "weightedAverageShsOut": 26384147,
        "weightedAverageShsOutDil": 26384147,
        "link": "https://www.sec.gov/Archives/edgar/data/912242/000091224297000009/0000912242-97-000009-index.html",
        "finalLink": "https://www.sec.gov/Archives/edgar/data/912242/"
    },
    {
        "date": "1997-03-31",
        "symbol": "MAC",
        "reportedCurrency": "USD",
        "cik": "0000912242",
        "fillingDate": "1997-05-15",
        "acceptedDate": "1997-05-15 00:00:00",
        "calendarYear": "1997",
        "period": "Q1",
        "revenue": 50700000,
        "costOfRevenue": 0,
        "grossProfit": 50700000,
        "grossProfitRatio": 1,
        "researchAndDevelopmentExpenses": 0,
        "generalAndAdministrativeExpenses": 800000,
        "sellingAndMarketingExpenses": 0,
        "sellingGeneralAndAdministrativeExpenses": 800000,
        "otherExpenses": -26100000,
        "operatingExpenses": -25300000,
        "costAndExpenses": -25300000,
        "interestIncome": 0,
        "interestExpense": 0,
        "depreciationAndAmortization": 9500000,
        "ebitda": 85500000,
        "ebitdaratio": 1.6863905325,
        "operatingIncome": 76000000,
        "operatingIncomeRatio": 1.4990138067,
        "totalOtherIncomeExpensesNet": -76000000,
        "incomeBeforeTax": 76000000,
        "incomeBeforeTaxRatio": 1.4990138067,
        "incomeTaxExpense": 69200000,
        "netIncome": 6800000,
        "netIncomeRatio": 0.134122288,
        "eps": 0.25,
        "epsdiluted": 0.25,
        "weightedAverageShsOut": 17089946,
        "weightedAverageShsOutDil": 17089946,
        "link": "https://www.sec.gov/Archives/edgar/data/912242/000091224297000008/0000912242-97-000008-index.html",
        "finalLink": "https://www.sec.gov/Archives/edgar/data/912242/"
    },
    {
        "date": "1996-12-31",
        "symbol": "MAC",
        "reportedCurrency": "USD",
        "cik": "0000912242",
        "fillingDate": "1997-03-25",
        "acceptedDate": "1997-03-25 00:00:00",
        "calendarYear": "1996",
        "period": "Q4",
        "revenue": 41159000,
        "costOfRevenue": 0,
        "grossProfit": 41159000,
        "grossProfitRatio": 1,
        "researchAndDevelopmentExpenses": 0,
        "generalAndAdministrativeExpenses": 478000,
        "sellingAndMarketingExpenses": 0,
        "sellingGeneralAndAdministrativeExpenses": 478000,
        "otherExpenses": 112592000,
        "operatingExpenses": 113070000,
        "costAndExpenses": 113070000,
        "interestIncome": 0,
        "interestExpense": 0,
        "depreciationAndAmortization": 8791000,
        "ebitda": -63120000,
        "ebitdaratio": -1.5335649554,
        "operatingIncome": -71911000,
        "operatingIncomeRatio": -1.7471512913,
        "totalOtherIncomeExpensesNet": 71911000,
        "incomeBeforeTax": 0,
        "incomeBeforeTaxRatio": 0,
        "incomeTaxExpense": -16501000,
        "netIncome": 5511000,
        "netIncomeRatio": 0.1338953813,
        "eps": 0.32,
        "epsdiluted": 0.32,
        "weightedAverageShsOut": 17089946,
        "weightedAverageShsOutDil": 17089946,
        "link": "https://www.sec.gov/Archives/edgar/data/912242/0000912242-97-000007-index.html",
        "finalLink": "https://www.sec.gov/Archives/edgar/data/912242/0000912242-97-000007.txt"
    },
    {
        "date": "1996-09-30",
        "symbol": "MAC",
        "reportedCurrency": "USD",
        "cik": "0000912242",
        "fillingDate": "1996-11-14",
        "acceptedDate": "1996-11-14 00:00:00",
        "calendarYear": "1996",
        "period": "Q3",
        "revenue": 38500000,
        "costOfRevenue": 0,
        "grossProfit": 38500000,
        "grossProfitRatio": 1,
        "researchAndDevelopmentExpenses": 0,
        "generalAndAdministrativeExpenses": 500000,
        "sellingAndMarketingExpenses": 0,
        "sellingGeneralAndAdministrativeExpenses": 500000,
        "otherExpenses": -20900000,
        "operatingExpenses": -20400000,
        "costAndExpenses": -20400000,
        "interestIncome": 0,
        "interestExpense": 0,
        "depreciationAndAmortization": 7800000,
        "ebitda": 66700000,
        "ebitdaratio": 1.7324675325,
        "operatingIncome": 58900000,
        "operatingIncomeRatio": 1.5298701299,
        "totalOtherIncomeExpensesNet": -58900000,
        "incomeBeforeTax": 58900000,
        "incomeBeforeTaxRatio": 1.5298701299,
        "incomeTaxExpense": 54200000,
        "netIncome": 4700000,
        "netIncomeRatio": 0.1220779221,
        "eps": 0.22,
        "epsdiluted": 0.22,
        "weightedAverageShsOut": 21212628,
        "weightedAverageShsOutDil": 21212628,
        "link": "https://www.sec.gov/Archives/edgar/data/912242/000091224296000007/0000912242-96-000007-index.html",
        "finalLink": "https://www.sec.gov/Archives/edgar/data/912242/"
    },
    {
        "date": "1996-06-30",
        "symbol": "MAC",
        "reportedCurrency": "USD",
        "cik": "0000912242",
        "fillingDate": "1996-08-14",
        "acceptedDate": "1996-08-14 00:00:00",
        "calendarYear": "1996",
        "period": "Q2",
        "revenue": 38700000,
        "costOfRevenue": 0,
        "grossProfit": 38700000,
        "grossProfitRatio": 1,
        "researchAndDevelopmentExpenses": 0,
        "generalAndAdministrativeExpenses": 600000,
        "sellingAndMarketingExpenses": 0,
        "sellingGeneralAndAdministrativeExpenses": 600000,
        "otherExpenses": -21300000,
        "operatingExpenses": -20700000,
        "costAndExpenses": -20700000,
        "interestIncome": 0,
        "interestExpense": 0,
        "depreciationAndAmortization": 8100000,
        "ebitda": 67500000,
        "ebitdaratio": 1.7441860465,
        "operatingIncome": 59400000,
        "operatingIncomeRatio": 1.5348837209,
        "totalOtherIncomeExpensesNet": -59400000,
        "incomeBeforeTax": 59400000,
        "incomeBeforeTaxRatio": 1.5348837209,
        "incomeTaxExpense": 55100000,
        "netIncome": 4300000,
        "netIncomeRatio": 0.1111111111,
        "eps": 0.21,
        "epsdiluted": 0.2,
        "weightedAverageShsOut": 20289448,
        "weightedAverageShsOutDil": 21255613,
        "link": "https://www.sec.gov/Archives/edgar/data/912242/000091224296000004/0000912242-96-000004-index.html",
        "finalLink": "https://www.sec.gov/Archives/edgar/data/912242/"
    },
    {
        "date": "1996-03-31",
        "symbol": "MAC",
        "reportedCurrency": "USD",
        "cik": "0000912242",
        "fillingDate": "1996-03-31",
        "acceptedDate": "1996-03-30 19:00:00",
        "calendarYear": "1996",
        "period": "Q1",
        "revenue": 36500000,
        "costOfRevenue": 0,
        "grossProfit": 36500000,
        "grossProfitRatio": 1,
        "researchAndDevelopmentExpenses": 0,
        "generalAndAdministrativeExpenses": 800000,
        "sellingAndMarketingExpenses": 0,
        "sellingGeneralAndAdministrativeExpenses": 800000,
        "otherExpenses": -19600000,
        "operatingExpenses": -18800000,
        "costAndExpenses": -18800000,
        "interestIncome": 0,
        "interestExpense": 0,
        "depreciationAndAmortization": 7900000,
        "ebitda": 63200000,
        "ebitdaratio": 1.7315068493,
        "operatingIncome": 55300000,
        "operatingIncomeRatio": 1.5150684932,
        "totalOtherIncomeExpensesNet": -55300000,
        "incomeBeforeTax": 55300000,
        "incomeBeforeTaxRatio": 1.5150684932,
        "incomeTaxExpense": 50900000,
        "netIncome": 4400000,
        "netIncomeRatio": 0.1205479452,
        "eps": 0.21,
        "epsdiluted": 0.21,
        "weightedAverageShsOut": 20761296,
        "weightedAverageShsOutDil": 20761296,
        "link": "",
        "finalLink": ""
    },
    {
        "date": "1995-12-31",
        "symbol": "MAC",
        "reportedCurrency": "USD",
        "cik": "0000912242",
        "fillingDate": "1995-12-31",
        "acceptedDate": "1995-12-30 19:00:00",
        "calendarYear": "1995",
        "period": "Q4",
        "revenue": 29900000,
        "costOfRevenue": 0,
        "grossProfit": 29900000,
        "grossProfitRatio": 1,
        "researchAndDevelopmentExpenses": 0,
        "generalAndAdministrativeExpenses": 300000,
        "sellingAndMarketingExpenses": 0,
        "sellingGeneralAndAdministrativeExpenses": 300000,
        "otherExpenses": -15900000,
        "operatingExpenses": -15600000,
        "costAndExpenses": -15600000,
        "interestIncome": 0,
        "interestExpense": 0,
        "depreciationAndAmortization": 7100000,
        "ebitda": 52600000,
        "ebitdaratio": 1.7591973244,
        "operatingIncome": 45500000,
        "operatingIncomeRatio": 1.5217391304,
        "totalOtherIncomeExpensesNet": -45500000,
        "incomeBeforeTax": 45500000,
        "incomeBeforeTaxRatio": 1.5217391304,
        "incomeTaxExpense": 41400000,
        "netIncome": 4100000,
        "netIncomeRatio": 0.1371237458,
        "eps": 0.28,
        "epsdiluted": 0.28,
        "weightedAverageShsOut": 14532907,
        "weightedAverageShsOutDil": 14532907,
        "link": "",
        "finalLink": ""
    },
    {
        "date": "1995-09-30",
        "symbol": "MAC",
        "reportedCurrency": "USD",
        "cik": "0000912242",
        "fillingDate": "1995-09-30",
        "acceptedDate": "1995-09-29 20:00:00",
        "calendarYear": "1995",
        "period": "Q3",
        "revenue": 27100000,
        "costOfRevenue": 0,
        "grossProfit": 27100000,
        "grossProfitRatio": 1,
        "researchAndDevelopmentExpenses": 0,
        "generalAndAdministrativeExpenses": 500000,
        "sellingAndMarketingExpenses": 0,
        "sellingGeneralAndAdministrativeExpenses": 500000,
        "otherExpenses": -15300000,
        "operatingExpenses": -14800000,
        "costAndExpenses": -14800000,
        "interestIncome": 0,
        "interestExpense": 0,
        "depreciationAndAmortization": 6700000,
        "ebitda": 48600000,
        "ebitdaratio": 1.7933579336,
        "operatingIncome": 41900000,
        "operatingIncomeRatio": 1.5461254613,
        "totalOtherIncomeExpensesNet": -41900000,
        "incomeBeforeTax": 41900000,
        "incomeBeforeTaxRatio": 1.5461254613,
        "incomeTaxExpense": 39100000,
        "netIncome": 2800000,
        "netIncomeRatio": 0.1033210332,
        "eps": 0.19,
        "epsdiluted": 0.19,
        "weightedAverageShsOut": 14532907,
        "weightedAverageShsOutDil": 14532907,
        "link": "",
        "finalLink": ""
    },
    {
        "date": "1995-06-30",
        "symbol": "MAC",
        "reportedCurrency": "USD",
        "cik": "0000912242",
        "fillingDate": "1995-06-30",
        "acceptedDate": "1995-06-29 20:00:00",
        "calendarYear": "1995",
        "period": "Q2",
        "revenue": 24900000,
        "costOfRevenue": 0,
        "grossProfit": 24900000,
        "grossProfitRatio": 1,
        "researchAndDevelopmentExpenses": 0,
        "generalAndAdministrativeExpenses": 500000,
        "sellingAndMarketingExpenses": 0,
        "sellingGeneralAndAdministrativeExpenses": 500000,
        "otherExpenses": -14000000,
        "operatingExpenses": -13500000,
        "costAndExpenses": -13500000,
        "interestIncome": 0,
        "interestExpense": 0,
        "depreciationAndAmortization": 6200000,
        "ebitda": 44600000,
        "ebitdaratio": 1.7911646586,
        "operatingIncome": 38400000,
        "operatingIncomeRatio": 1.5421686747,
        "totalOtherIncomeExpensesNet": -38400000,
        "incomeBeforeTax": 0,
        "incomeBeforeTaxRatio": 0,
        "incomeTaxExpense": -3400000,
        "netIncome": 2100000,
        "netIncomeRatio": 0.0843373494,
        "eps": 0.14,
        "epsdiluted": 0.14,
        "weightedAverageShsOut": 14532907,
        "weightedAverageShsOutDil": 14532907,
        "link": "",
        "finalLink": ""
    },
    {
        "date": "1995-03-31",
        "symbol": "MAC",
        "reportedCurrency": "USD",
        "cik": "0000912242",
        "fillingDate": "1995-03-31",
        "acceptedDate": "1995-03-30 19:00:00",
        "calendarYear": "1995",
        "period": "Q1",
        "revenue": 23900000,
        "costOfRevenue": 0,
        "grossProfit": 23900000,
        "grossProfitRatio": 1,
        "researchAndDevelopmentExpenses": 0,
        "generalAndAdministrativeExpenses": 700000,
        "sellingAndMarketingExpenses": 0,
        "sellingGeneralAndAdministrativeExpenses": 700000,
        "otherExpenses": -14100000,
        "operatingExpenses": -13400000,
        "costAndExpenses": -13400000,
        "interestIncome": 0,
        "interestExpense": 0,
        "depreciationAndAmortization": 6300000,
        "ebitda": 43600000,
        "ebitdaratio": 1.8242677824,
        "operatingIncome": 37300000,
        "operatingIncomeRatio": 1.5606694561,
        "totalOtherIncomeExpensesNet": -37300000,
        "incomeBeforeTax": 37300000,
        "incomeBeforeTaxRatio": 1.5606694561,
        "incomeTaxExpense": 35000000,
        "netIncome": 2300000,
        "netIncomeRatio": 0.0962343096,
        "eps": 0.15,
        "epsdiluted": 0.15,
        "weightedAverageShsOut": 14922181,
        "weightedAverageShsOutDil": 14922181,
        "link": "",
        "finalLink": ""
    },
    {
        "date": "1994-12-31",
        "symbol": "MAC",
        "reportedCurrency": "USD",
        "cik": "0000912242",
        "fillingDate": "1994-12-31",
        "acceptedDate": "1994-12-30 19:00:00",
        "calendarYear": "1994",
        "period": "Q4",
        "revenue": 27700000,
        "costOfRevenue": 0,
        "grossProfit": 27700000,
        "grossProfitRatio": 1,
        "researchAndDevelopmentExpenses": 0,
        "generalAndAdministrativeExpenses": 0,
        "sellingAndMarketingExpenses": 0,
        "sellingGeneralAndAdministrativeExpenses": 13700000,
        "otherExpenses": 27700000,
        "operatingExpenses": 41400000,
        "costAndExpenses": 27700000,
        "interestIncome": 0,
        "interestExpense": 0,
        "depreciationAndAmortization": 0,
        "ebitda": 69100000,
        "ebitdaratio": 2.4945848375,
        "operatingIncome": 69100000,
        "operatingIncomeRatio": 2.4945848375,
        "totalOtherIncomeExpensesNet": -69100000,
        "incomeBeforeTax": 0,
        "incomeBeforeTaxRatio": 0,
        "incomeTaxExpense": -3000000,
        "netIncome": 3000000,
        "netIncomeRatio": 0.1083032491,
        "eps": 0.2,
        "epsdiluted": 0.2,
        "weightedAverageShsOut": 14799078,
        "weightedAverageShsOutDil": 15265659,
        "link": "",
        "finalLink": ""
    },
    {
        "date": "1994-09-30",
        "symbol": "MAC",
        "reportedCurrency": "USD",
        "cik": "0000912242",
        "fillingDate": "1994-09-30",
        "acceptedDate": "1994-09-29 20:00:00",
        "calendarYear": "1994",
        "period": "Q3",
        "revenue": 22900000,
        "costOfRevenue": 0,
        "grossProfit": 22900000,
        "grossProfitRatio": 1,
        "researchAndDevelopmentExpenses": 0,
        "generalAndAdministrativeExpenses": 0,
        "sellingAndMarketingExpenses": 0,
        "sellingGeneralAndAdministrativeExpenses": 22900000,
        "otherExpenses": 0,
        "operatingExpenses": 22900000,
        "costAndExpenses": 0,
        "interestIncome": 0,
        "interestExpense": 0,
        "depreciationAndAmortization": 0,
        "ebitda": 22900000,
        "ebitdaratio": 1,
        "operatingIncome": 22900000,
        "operatingIncomeRatio": 1,
        "totalOtherIncomeExpensesNet": -22900000,
        "incomeBeforeTax": 0,
        "incomeBeforeTaxRatio": 0,
        "incomeTaxExpense": -2500000,
        "netIncome": 2500000,
        "netIncomeRatio": 0.1091703057,
        "eps": 0.16,
        "epsdiluted": 0.16,
        "weightedAverageShsOut": 15265659,
        "weightedAverageShsOutDil": 15265659,
        "link": "",
        "finalLink": ""
    },
    {
        "date": "1994-06-30",
        "symbol": "MAC",
        "reportedCurrency": "USD",
        "cik": "0000912242",
        "fillingDate": "1994-06-30",
        "acceptedDate": "1994-06-29 20:00:00",
        "calendarYear": "1994",
        "period": "Q2",
        "revenue": 20500000,
        "costOfRevenue": 0,
        "grossProfit": 20500000,
        "grossProfitRatio": 1,
        "researchAndDevelopmentExpenses": 0,
        "generalAndAdministrativeExpenses": 0,
        "sellingAndMarketingExpenses": 0,
        "sellingGeneralAndAdministrativeExpenses": 20500000,
        "otherExpenses": 0,
        "operatingExpenses": 20500000,
        "costAndExpenses": 0,
        "interestIncome": 0,
        "interestExpense": 0,
        "depreciationAndAmortization": 0,
        "ebitda": 20500000,
        "ebitdaratio": 1,
        "operatingIncome": 20500000,
        "operatingIncomeRatio": 1,
        "totalOtherIncomeExpensesNet": -20500000,
        "incomeBeforeTax": 0,
        "incomeBeforeTaxRatio": 0,
        "incomeTaxExpense": -2600000,
        "netIncome": 2600000,
        "netIncomeRatio": 0.1268292683,
        "eps": 0.17,
        "epsdiluted": 0.17,
        "weightedAverageShsOut": 14994269,
        "weightedAverageShsOutDil": 14994269,
        "link": "",
        "finalLink": ""
    },
    {
        "date": "1994-03-31",
        "symbol": "MAC",
        "reportedCurrency": "USD",
        "cik": "0000912242",
        "fillingDate": "1994-03-31",
        "acceptedDate": "1994-03-30 19:00:00",
        "calendarYear": "1994",
        "period": "Q1",
        "revenue": 19800000,
        "costOfRevenue": 0,
        "grossProfit": 19800000,
        "grossProfitRatio": 1,
        "researchAndDevelopmentExpenses": 0,
        "generalAndAdministrativeExpenses": 0,
        "sellingAndMarketingExpenses": 0,
        "sellingGeneralAndAdministrativeExpenses": 19800000,
        "otherExpenses": 0,
        "operatingExpenses": 19800000,
        "costAndExpenses": 0,
        "interestIncome": 0,
        "interestExpense": 0,
        "depreciationAndAmortization": 0,
        "ebitda": 19800000,
        "ebitdaratio": 1,
        "operatingIncome": 19800000,
        "operatingIncomeRatio": 1,
        "totalOtherIncomeExpensesNet": -19800000,
        "incomeBeforeTax": 0,
        "incomeBeforeTaxRatio": 0,
        "incomeTaxExpense": -2200000,
        "netIncome": 2200000,
        "netIncomeRatio": 0.1111111111,
        "eps": 0.15,
        "epsdiluted": 0.15,
        "weightedAverageShsOut": 14994269,
        "weightedAverageShsOutDil": 14994269,
        "link": "",
        "finalLink": ""
    }
]