[
    {
        "date": "2025-09-30",
        "symbol": "MAN",
        "reportedCurrency": "USD",
        "cik": "0000871763",
        "fillingDate": "2025-10-31",
        "acceptedDate": "2025-10-31 16:31:03",
        "calendarYear": "2025",
        "period": "Q3",
        "revenue": 4634400000,
        "costOfRevenue": 3857600000,
        "grossProfit": 776800000,
        "grossProfitRatio": 0.1676160884,
        "researchAndDevelopmentExpenses": 0,
        "generalAndAdministrativeExpenses": 0,
        "sellingAndMarketingExpenses": 0,
        "sellingGeneralAndAdministrativeExpenses": 702300000,
        "otherExpenses": 7900000,
        "operatingExpenses": 710200000,
        "costAndExpenses": 4567800000,
        "interestIncome": 6900000,
        "interestExpense": 24000000,
        "depreciationAndAmortization": 22100000,
        "ebitda": 99000000,
        "ebitdaratio": 0.0213619886,
        "operatingIncome": 66599999,
        "operatingIncomeRatio": 0.0143707921,
        "totalOtherIncomeExpensesNet": -13699999,
        "incomeBeforeTax": 52900000,
        "incomeBeforeTaxRatio": 0.0114146384,
        "incomeTaxExpense": 34900000,
        "netIncome": 18000000,
        "netIncomeRatio": 0.0038839979,
        "eps": 0.39,
        "epsdiluted": 0.38,
        "weightedAverageShsOut": 46500000,
        "weightedAverageShsOutDil": 46900000,
        "link": "https://www.sec.gov/Archives/edgar/data/871763/000119312525260851/0001193125-25-260851-index.htm",
        "finalLink": "https://www.sec.gov/Archives/edgar/data/871763/000119312525260851/man-20250930.htm"
    },
    {
        "date": "2025-06-30",
        "symbol": "MAN",
        "reportedCurrency": "USD",
        "cik": "0000871763",
        "fillingDate": "2025-08-05",
        "acceptedDate": "2025-08-05 16:30:40",
        "calendarYear": "2025",
        "period": "Q2",
        "revenue": 4519300000,
        "costOfRevenue": 3755600000,
        "grossProfit": 763700000,
        "grossProfitRatio": 0.1689863474,
        "researchAndDevelopmentExpenses": 0,
        "generalAndAdministrativeExpenses": 700300000,
        "sellingAndMarketingExpenses": 0,
        "sellingGeneralAndAdministrativeExpenses": 700300000,
        "otherExpenses": 88700000,
        "operatingExpenses": 789000000,
        "costAndExpenses": 4544600000,
        "interestIncome": 8200000,
        "interestExpense": 26000000,
        "depreciationAndAmortization": 22200000,
        "ebitda": 6400000,
        "ebitdaratio": 0.0014161485,
        "operatingIncome": -25300000,
        "operatingIncomeRatio": -0.0055982121,
        "totalOtherIncomeExpensesNet": -16500000,
        "incomeBeforeTax": -41800000,
        "incomeBeforeTaxRatio": -0.00924922,
        "incomeTaxExpense": 25300000,
        "netIncome": -67100000,
        "netIncomeRatio": -0.0148474321,
        "eps": -1.44,
        "epsdiluted": -1.44,
        "weightedAverageShsOut": 46500000,
        "weightedAverageShsOutDil": 46500000,
        "link": "https://www.sec.gov/Archives/edgar/data/871763/000095017025103114/0000950170-25-103114-index.htm",
        "finalLink": "https://www.sec.gov/Archives/edgar/data/871763/000095017025103114/man-20250630.htm"
    },
    {
        "date": "2025-03-31",
        "symbol": "MAN",
        "reportedCurrency": "USD",
        "cik": "0000871763",
        "fillingDate": "2025-05-02",
        "acceptedDate": "2025-05-02 16:30:24",
        "calendarYear": "2025",
        "period": "Q1",
        "revenue": 4090300000,
        "costOfRevenue": 3392000000,
        "grossProfit": 698300000,
        "grossProfitRatio": 0.170720974,
        "researchAndDevelopmentExpenses": 0,
        "generalAndAdministrativeExpenses": 0,
        "sellingAndMarketingExpenses": 0,
        "sellingGeneralAndAdministrativeExpenses": 670100000,
        "otherExpenses": 0,
        "operatingExpenses": 670100000,
        "costAndExpenses": 4062100000,
        "interestIncome": 6900000,
        "interestExpense": 22500000,
        "depreciationAndAmortization": 21200000,
        "ebitda": 60400000,
        "ebitdaratio": 0.014766643,
        "operatingIncome": 28200000,
        "operatingIncomeRatio": 0.0068943598,
        "totalOtherIncomeExpensesNet": -11500000,
        "incomeBeforeTax": 16700000,
        "incomeBeforeTaxRatio": 0.0040828301,
        "incomeTaxExpense": 11100000,
        "netIncome": 5600000,
        "netIncomeRatio": 0.0013690927,
        "eps": 0.12,
        "epsdiluted": 0.12,
        "weightedAverageShsOut": 46800000,
        "weightedAverageShsOutDil": 47300000,
        "link": "https://www.sec.gov/Archives/edgar/data/871763/000095017025062835/0000950170-25-062835-index.htm",
        "finalLink": "https://www.sec.gov/Archives/edgar/data/871763/000095017025062835/man-20250331.htm"
    },
    {
        "date": "2024-12-31",
        "symbol": "MAN",
        "reportedCurrency": "USD",
        "cik": "0000871763",
        "fillingDate": "2025-02-19",
        "acceptedDate": "2025-02-19 16:16:23",
        "calendarYear": "2024",
        "period": "Q4",
        "revenue": 4399700000,
        "costOfRevenue": 3644600000,
        "grossProfit": 755100000,
        "grossProfitRatio": 0.1716253381,
        "researchAndDevelopmentExpenses": 0,
        "generalAndAdministrativeExpenses": 0,
        "sellingAndMarketingExpenses": 0,
        "sellingGeneralAndAdministrativeExpenses": 686900000,
        "otherExpenses": 0,
        "operatingExpenses": 686900000,
        "costAndExpenses": 4331500000,
        "interestIncome": -10200000,
        "interestExpense": 23000000,
        "depreciationAndAmortization": 21800000,
        "ebitda": 92500000,
        "ebitdaratio": 0.0210241607,
        "operatingIncome": 68200000,
        "operatingIncomeRatio": 0.0155010569,
        "totalOtherIncomeExpensesNet": -20500000,
        "incomeBeforeTax": 47700000,
        "incomeBeforeTaxRatio": 0.0108416483,
        "incomeTaxExpense": 25200000,
        "netIncome": 22500000,
        "netIncomeRatio": 0.005113985,
        "eps": 0.48,
        "epsdiluted": 0.47,
        "weightedAverageShsOut": 47200000,
        "weightedAverageShsOutDil": 47700000,
        "link": "https://www.sec.gov/Archives/edgar/data/871763/000095017025023186/0000950170-25-023186-index.htm",
        "finalLink": "https://www.sec.gov/Archives/edgar/data/871763/000095017025023186/man-20241231.htm"
    },
    {
        "date": "2024-09-30",
        "symbol": "MAN",
        "reportedCurrency": "USD",
        "cik": "0000871763",
        "fillingDate": "2024-11-08",
        "acceptedDate": "2024-11-08 16:48:48",
        "calendarYear": "2024",
        "period": "Q3",
        "revenue": 4530200000,
        "costOfRevenue": 3748100000,
        "grossProfit": 782100000,
        "grossProfitRatio": 0.1726413845,
        "researchAndDevelopmentExpenses": 0,
        "generalAndAdministrativeExpenses": 0,
        "sellingAndMarketingExpenses": 0,
        "sellingGeneralAndAdministrativeExpenses": 711300000,
        "otherExpenses": 0,
        "operatingExpenses": 711300000,
        "costAndExpenses": 4459400000,
        "interestIncome": 14000000,
        "interestExpense": 24600000,
        "depreciationAndAmortization": 21800000,
        "ebitda": 105600000,
        "ebitdaratio": 0.0233102291,
        "operatingIncome": 70800000,
        "operatingIncomeRatio": 0.0156284491,
        "totalOtherIncomeExpensesNet": -11600000,
        "incomeBeforeTax": 59200000,
        "incomeBeforeTaxRatio": 0.0130678557,
        "incomeTaxExpense": 36400000,
        "netIncome": 22800000,
        "netIncomeRatio": 0.0050328904,
        "eps": 0.48,
        "epsdiluted": 0.47,
        "weightedAverageShsOut": 47600000,
        "weightedAverageShsOutDil": 48100000,
        "link": "https://www.sec.gov/Archives/edgar/data/871763/000095017024124196/0000950170-24-124196-index.htm",
        "finalLink": "https://www.sec.gov/Archives/edgar/data/871763/000095017024124196/man-20240930.htm"
    },
    {
        "date": "2024-06-30",
        "symbol": "MAN",
        "reportedCurrency": "USD",
        "cik": "0000871763",
        "fillingDate": "2024-08-02",
        "acceptedDate": "2024-08-02 16:30:34",
        "calendarYear": "2024",
        "period": "Q2",
        "revenue": 4520700000,
        "costOfRevenue": 3734800000,
        "grossProfit": 785900000,
        "grossProfitRatio": 0.1738447586,
        "researchAndDevelopmentExpenses": 0,
        "generalAndAdministrativeExpenses": 0,
        "sellingAndMarketingExpenses": 0,
        "sellingGeneralAndAdministrativeExpenses": 684800000,
        "otherExpenses": 0,
        "operatingExpenses": 684800000,
        "costAndExpenses": 4419600000,
        "interestIncome": 15100000,
        "interestExpense": 22000000,
        "depreciationAndAmortization": 21400000,
        "ebitda": 122500000,
        "ebitdaratio": 0.0270975734,
        "operatingIncome": 101100000,
        "operatingIncomeRatio": 0.0223637932,
        "totalOtherIncomeExpensesNet": -8700000,
        "incomeBeforeTax": 92400000,
        "incomeBeforeTaxRatio": 0.0204393125,
        "incomeTaxExpense": 32300000,
        "netIncome": 60100000,
        "netIncomeRatio": 0.0132944013,
        "eps": 1.25,
        "epsdiluted": 1.24,
        "weightedAverageShsOut": 47900000,
        "weightedAverageShsOutDil": 48400000,
        "link": "https://www.sec.gov/Archives/edgar/data/871763/000095017024090022/0000950170-24-090022-index.htm",
        "finalLink": "https://www.sec.gov/Archives/edgar/data/871763/000095017024090022/man-20240630.htm"
    },
    {
        "date": "2024-03-31",
        "symbol": "MAN",
        "reportedCurrency": "USD",
        "cik": "0000871763",
        "fillingDate": "2024-05-03",
        "acceptedDate": "2024-05-03 16:30:42",
        "calendarYear": "2024",
        "period": "Q1",
        "revenue": 4403300000,
        "costOfRevenue": 3639600000,
        "grossProfit": 763700000,
        "grossProfitRatio": 0.1734381032,
        "researchAndDevelopmentExpenses": 0,
        "generalAndAdministrativeExpenses": 0,
        "sellingAndMarketingExpenses": 0,
        "sellingGeneralAndAdministrativeExpenses": 697800000,
        "otherExpenses": 0,
        "operatingExpenses": 697800000,
        "costAndExpenses": 4337400000,
        "interestIncome": 8100000,
        "interestExpense": 20400000,
        "depreciationAndAmortization": 21600000,
        "ebitda": 87500000,
        "ebitdaratio": 0.01987146,
        "operatingIncome": 65900000,
        "operatingIncomeRatio": 0.0149660482,
        "totalOtherIncomeExpensesNet": -8400000,
        "incomeBeforeTax": 57500000,
        "incomeBeforeTaxRatio": 0.013058388,
        "incomeTaxExpense": 17800000,
        "netIncome": 39700000,
        "netIncomeRatio": 0.0090159653,
        "eps": 0.82,
        "epsdiluted": 0.81,
        "weightedAverageShsOut": 48300000,
        "weightedAverageShsOutDil": 48900000,
        "link": "https://www.sec.gov/Archives/edgar/data/871763/000095017024052961/0000950170-24-052961-index.htm",
        "finalLink": "https://www.sec.gov/Archives/edgar/data/871763/000095017024052961/man-20240331.htm"
    },
    {
        "date": "2023-12-31",
        "symbol": "MAN",
        "reportedCurrency": "USD",
        "cik": "0000871763",
        "fillingDate": "2024-02-16",
        "acceptedDate": "2024-02-16 16:22:24",
        "calendarYear": "2023",
        "period": "Q4",
        "revenue": 4630500000,
        "costOfRevenue": 3819800000,
        "grossProfit": 810700000,
        "grossProfitRatio": 0.1750782853,
        "researchAndDevelopmentExpenses": 0,
        "generalAndAdministrativeExpenses": 0,
        "sellingAndMarketingExpenses": 0,
        "sellingGeneralAndAdministrativeExpenses": 675400000,
        "otherExpenses": 0,
        "operatingExpenses": 675400000,
        "costAndExpenses": 4495200000,
        "interestIncome": 9700000,
        "interestExpense": 20000000,
        "depreciationAndAmortization": 24300000,
        "ebitda": -10700000,
        "ebitdaratio": -0.0023107656,
        "operatingIncome": 135300000,
        "operatingIncomeRatio": 0.0292193068,
        "totalOtherIncomeExpensesNet": -190300000,
        "incomeBeforeTax": -55000000,
        "incomeBeforeTaxRatio": -0.011877767,
        "incomeTaxExpense": 29500000,
        "netIncome": -84500000,
        "netIncomeRatio": -0.0182485693,
        "eps": -1.74,
        "epsdiluted": -1.74,
        "weightedAverageShsOut": 48700000,
        "weightedAverageShsOutDil": 48700000,
        "link": "https://www.sec.gov/Archives/edgar/data/871763/000095017024016399/0000950170-24-016399-index.htm",
        "finalLink": "https://www.sec.gov/Archives/edgar/data/871763/000095017024016399/man-20231231.htm"
    },
    {
        "date": "2023-09-30",
        "symbol": "MAN",
        "reportedCurrency": "USD",
        "cik": "0000871763",
        "fillingDate": "2023-11-03",
        "acceptedDate": "2023-11-03 16:15:43",
        "calendarYear": "2023",
        "period": "Q3",
        "revenue": 4675600000,
        "costOfRevenue": 3853700000,
        "grossProfit": 821900000,
        "grossProfitRatio": 0.175784926,
        "researchAndDevelopmentExpenses": 0,
        "generalAndAdministrativeExpenses": 0,
        "sellingAndMarketingExpenses": 0,
        "sellingGeneralAndAdministrativeExpenses": 752100000,
        "otherExpenses": 0,
        "operatingExpenses": 752100000,
        "costAndExpenses": 4605800000,
        "interestIncome": 11900000,
        "interestExpense": 21000000,
        "depreciationAndAmortization": 21700000,
        "ebitda": 129600000,
        "ebitdaratio": 0.0277183677,
        "operatingIncome": 69800000,
        "operatingIncomeRatio": 0.0149285653,
        "totalOtherIncomeExpensesNet": -15100000,
        "incomeBeforeTax": 54700000,
        "incomeBeforeTaxRatio": 0.0116990333,
        "incomeTaxExpense": 24400000,
        "netIncome": 30300000,
        "netIncomeRatio": 0.0064804517,
        "eps": 0.61,
        "epsdiluted": 0.6,
        "weightedAverageShsOut": 49500000,
        "weightedAverageShsOutDil": 50100000,
        "link": "https://www.sec.gov/Archives/edgar/data/871763/000095017023058839/0000950170-23-058839-index.htm",
        "finalLink": "https://www.sec.gov/Archives/edgar/data/871763/000095017023058839/man-20230930.htm"
    },
    {
        "date": "2023-06-30",
        "symbol": "MAN",
        "reportedCurrency": "USD",
        "cik": "0000871763",
        "fillingDate": "2023-08-04",
        "acceptedDate": "2023-08-04 16:32:15",
        "calendarYear": "2023",
        "period": "Q2",
        "revenue": 4856100000,
        "costOfRevenue": 3993800000,
        "grossProfit": 862300000,
        "grossProfitRatio": 0.1775704784,
        "researchAndDevelopmentExpenses": 0,
        "generalAndAdministrativeExpenses": 0,
        "sellingAndMarketingExpenses": 0,
        "sellingGeneralAndAdministrativeExpenses": 754700000,
        "otherExpenses": 0,
        "operatingExpenses": 754700000,
        "costAndExpenses": 4748500000,
        "interestIncome": 13300000,
        "interestExpense": 20000000,
        "depreciationAndAmortization": 21600000,
        "ebitda": 137400000,
        "ebitdaratio": 0.0282943102,
        "operatingIncome": 107600000,
        "operatingIncomeRatio": 0.0221576986,
        "totalOtherIncomeExpensesNet": -11800000,
        "incomeBeforeTax": 95800000,
        "incomeBeforeTaxRatio": 0.0197277651,
        "incomeTaxExpense": 30600000,
        "netIncome": 65200000,
        "netIncomeRatio": 0.0134264121,
        "eps": 1.3,
        "epsdiluted": 1.29,
        "weightedAverageShsOut": 50200000,
        "weightedAverageShsOutDil": 50700000,
        "link": "https://www.sec.gov/Archives/edgar/data/871763/000095017023038599/0000950170-23-038599-index.htm",
        "finalLink": "https://www.sec.gov/Archives/edgar/data/871763/000095017023038599/man-20230630.htm"
    },
    {
        "date": "2023-03-31",
        "symbol": "MAN",
        "reportedCurrency": "USD",
        "cik": "0000871763",
        "fillingDate": "2023-05-05",
        "acceptedDate": "2023-05-05 17:07:18",
        "calendarYear": "2023",
        "period": "Q1",
        "revenue": 4752300000,
        "costOfRevenue": 3889200000,
        "grossProfit": 863100000,
        "grossProfitRatio": 0.1816173221,
        "researchAndDevelopmentExpenses": 0,
        "generalAndAdministrativeExpenses": 0,
        "sellingAndMarketingExpenses": 0,
        "sellingGeneralAndAdministrativeExpenses": 745200000,
        "otherExpenses": 0,
        "operatingExpenses": 745200000,
        "costAndExpenses": 4634400000,
        "interestIncome": 8100000,
        "interestExpense": 18700000,
        "depreciationAndAmortization": 21000000,
        "ebitda": 138900000,
        "ebitdaratio": 0.0292279528,
        "operatingIncome": 117900000,
        "operatingIncomeRatio": 0.0248090398,
        "totalOtherIncomeExpensesNet": -7500000,
        "incomeBeforeTax": 110400000,
        "incomeBeforeTaxRatio": 0.0232308566,
        "incomeTaxExpense": 32600000,
        "netIncome": 77800000,
        "netIncomeRatio": 0.0163710203,
        "eps": 1.53,
        "epsdiluted": 1.51,
        "weightedAverageShsOut": 50900000,
        "weightedAverageShsOutDil": 51600000,
        "link": "https://www.sec.gov/Archives/edgar/data/871763/000095017023018384/0000950170-23-018384-index.htm",
        "finalLink": "https://www.sec.gov/Archives/edgar/data/871763/000095017023018384/man-20230331.htm"
    },
    {
        "date": "2022-12-31",
        "symbol": "MAN",
        "reportedCurrency": "USD",
        "cik": "0000871763",
        "fillingDate": "2023-02-17",
        "acceptedDate": "2023-02-17 16:17:14",
        "calendarYear": "2022",
        "period": "Q4",
        "revenue": 4809200000,
        "costOfRevenue": 3933600000,
        "grossProfit": 875600000,
        "grossProfitRatio": 0.1820677036,
        "researchAndDevelopmentExpenses": 0,
        "generalAndAdministrativeExpenses": 0,
        "sellingAndMarketingExpenses": 0,
        "sellingGeneralAndAdministrativeExpenses": 724800000,
        "otherExpenses": 50000000,
        "operatingExpenses": 774800000,
        "costAndExpenses": 4708400000,
        "interestIncome": 7900000,
        "interestExpense": 15200000,
        "depreciationAndAmortization": 20700000,
        "ebitda": 126200000,
        "ebitdaratio": 0.0262413707,
        "operatingIncome": 100800000,
        "operatingIncomeRatio": 0.020959827,
        "totalOtherIncomeExpensesNet": -10500000,
        "incomeBeforeTax": 90300000,
        "incomeBeforeTaxRatio": 0.0187765117,
        "incomeTaxExpense": 41600000,
        "netIncome": 48700000,
        "netIncomeRatio": 0.0101264244,
        "eps": 0.96,
        "epsdiluted": 0.95,
        "weightedAverageShsOut": 50800000,
        "weightedAverageShsOutDil": 51400000,
        "link": "https://www.sec.gov/Archives/edgar/data/871763/000095017023003214/0000950170-23-003214-index.htm",
        "finalLink": "https://www.sec.gov/Archives/edgar/data/871763/000095017023003214/man-20221231.htm"
    },
    {
        "date": "2022-09-30",
        "symbol": "MAN",
        "reportedCurrency": "USD",
        "cik": "0000871763",
        "fillingDate": "2022-11-07",
        "acceptedDate": "2022-11-07 07:45:58",
        "calendarYear": "2022",
        "period": "Q3",
        "revenue": 4800900000,
        "costOfRevenue": 3922400000,
        "grossProfit": 878500000,
        "grossProfitRatio": 0.1829865234,
        "researchAndDevelopmentExpenses": 0,
        "generalAndAdministrativeExpenses": 0,
        "sellingAndMarketingExpenses": 0,
        "sellingGeneralAndAdministrativeExpenses": 717000000,
        "otherExpenses": 0,
        "operatingExpenses": 717000000,
        "costAndExpenses": 4639400000,
        "interestIncome": 4400000,
        "interestExpense": 10700000,
        "depreciationAndAmortization": 21400000,
        "ebitda": 188800000,
        "ebitdaratio": 0.0393259597,
        "operatingIncome": 161500000,
        "operatingIncomeRatio": 0.0336395259,
        "totalOtherIncomeExpensesNet": -4700000,
        "incomeBeforeTax": 156800000,
        "incomeBeforeTaxRatio": 0.0326605428,
        "incomeTaxExpense": 45500000,
        "netIncome": 111300000,
        "netIncomeRatio": 0.0231831532,
        "eps": 2.15,
        "epsdiluted": 2.13,
        "weightedAverageShsOut": 51700000,
        "weightedAverageShsOutDil": 52300000,
        "link": "https://www.sec.gov/Archives/edgar/data/871763/000095017022022330/0000950170-22-022330-index.htm",
        "finalLink": "https://www.sec.gov/Archives/edgar/data/871763/000095017022022330/man-20220930.htm"
    },
    {
        "date": "2022-06-30",
        "symbol": "MAN",
        "reportedCurrency": "USD",
        "cik": "0000871763",
        "fillingDate": "2022-08-05",
        "acceptedDate": "2022-08-05 16:31:41",
        "calendarYear": "2022",
        "period": "Q2",
        "revenue": 5074100000,
        "costOfRevenue": 4152900000,
        "grossProfit": 921200000,
        "grossProfitRatio": 0.1815494373,
        "researchAndDevelopmentExpenses": 0,
        "generalAndAdministrativeExpenses": 0,
        "sellingAndMarketingExpenses": 0,
        "sellingGeneralAndAdministrativeExpenses": 740500000,
        "otherExpenses": 0,
        "operatingExpenses": 740500000,
        "costAndExpenses": 4893400000,
        "interestIncome": 2800000,
        "interestExpense": 10600000,
        "depreciationAndAmortization": 21200000,
        "ebitda": 204900000,
        "ebitdaratio": 0.0403815455,
        "operatingIncome": 180700000,
        "operatingIncomeRatio": 0.0356122268,
        "totalOtherIncomeExpensesNet": -6700000,
        "incomeBeforeTax": 174000000,
        "incomeBeforeTaxRatio": 0.0342917956,
        "incomeTaxExpense": 51800000,
        "netIncome": 122200000,
        "netIncomeRatio": 0.0240830886,
        "eps": 2.32,
        "epsdiluted": 2.29,
        "weightedAverageShsOut": 52700000,
        "weightedAverageShsOutDil": 53400000,
        "link": "https://www.sec.gov/Archives/edgar/data/871763/000095017022015133/0000950170-22-015133-index.htm",
        "finalLink": "https://www.sec.gov/Archives/edgar/data/871763/000095017022015133/man-20220630.htm"
    },
    {
        "date": "2022-03-31",
        "symbol": "MAN",
        "reportedCurrency": "USD",
        "cik": "0000871763",
        "fillingDate": "2022-05-06",
        "acceptedDate": "2022-05-06 17:02:23",
        "calendarYear": "2022",
        "period": "Q1",
        "revenue": 5143300000,
        "costOfRevenue": 4246200000,
        "grossProfit": 897100000,
        "grossProfitRatio": 0.1744210915,
        "researchAndDevelopmentExpenses": 0,
        "generalAndAdministrativeExpenses": 0,
        "sellingAndMarketingExpenses": 0,
        "sellingGeneralAndAdministrativeExpenses": 758400000,
        "otherExpenses": 0,
        "operatingExpenses": 758400000,
        "costAndExpenses": 5004600000,
        "interestIncome": 2800000,
        "interestExpense": 10400000,
        "depreciationAndAmortization": 21300000,
        "ebitda": 163700000,
        "ebitdaratio": 0.0318278148,
        "operatingIncome": 138700000,
        "operatingIncomeRatio": 0.0269671223,
        "totalOtherIncomeExpensesNet": -2700000,
        "incomeBeforeTax": 136000000,
        "incomeBeforeTaxRatio": 0.0264421675,
        "incomeTaxExpense": 44400000,
        "netIncome": 91600000,
        "netIncomeRatio": 0.0178095775,
        "eps": 1.71,
        "epsdiluted": 1.68,
        "weightedAverageShsOut": 53600000,
        "weightedAverageShsOutDil": 54400000,
        "link": "https://www.sec.gov/Archives/edgar/data/871763/000095017022008152/0000950170-22-008152-index.htm",
        "finalLink": "https://www.sec.gov/Archives/edgar/data/871763/000095017022008152/man-20220331.htm"
    },
    {
        "date": "2021-12-31",
        "symbol": "MAN",
        "reportedCurrency": "USD",
        "cik": "0000871763",
        "fillingDate": "2022-02-18",
        "acceptedDate": "2022-02-18 17:24:41",
        "calendarYear": "2021",
        "period": "Q4",
        "revenue": 5382300000,
        "costOfRevenue": 4456000000,
        "grossProfit": 926300000,
        "grossProfitRatio": 0.1721011464,
        "researchAndDevelopmentExpenses": 0,
        "generalAndAdministrativeExpenses": 0,
        "sellingAndMarketingExpenses": 0,
        "sellingGeneralAndAdministrativeExpenses": 759700000,
        "otherExpenses": 0,
        "operatingExpenses": 759700000,
        "costAndExpenses": 5215700000,
        "interestIncome": 2900000,
        "interestExpense": 9300000,
        "depreciationAndAmortization": 22500000,
        "ebitda": 194200000,
        "ebitdaratio": 0.0360812292,
        "operatingIncome": 166600000,
        "operatingIncomeRatio": 0.0309533099,
        "totalOtherIncomeExpensesNet": -4200000,
        "incomeBeforeTax": 162400000,
        "incomeBeforeTaxRatio": 0.0301729744,
        "incomeTaxExpense": 51300000,
        "netIncome": 111100000,
        "netIncomeRatio": 0.0206417331,
        "eps": 2.05,
        "epsdiluted": 2.02,
        "weightedAverageShsOut": 54200000,
        "weightedAverageShsOutDil": 55000000,
        "link": "https://www.sec.gov/Archives/edgar/data/871763/000095017022001500/0000950170-22-001500-index.htm",
        "finalLink": "https://www.sec.gov/Archives/edgar/data/871763/000095017022001500/man-20211231.htm"
    },
    {
        "date": "2021-09-30",
        "symbol": "MAN",
        "reportedCurrency": "USD",
        "cik": "0000871763",
        "fillingDate": "2021-11-08",
        "acceptedDate": "2021-11-08 17:01:46",
        "calendarYear": "2021",
        "period": "Q3",
        "revenue": 5140600000,
        "costOfRevenue": 4287600000,
        "grossProfit": 853000000,
        "grossProfitRatio": 0.1659339377,
        "researchAndDevelopmentExpenses": 0,
        "generalAndAdministrativeExpenses": 0,
        "sellingAndMarketingExpenses": 0,
        "sellingGeneralAndAdministrativeExpenses": 702500000,
        "otherExpenses": 0,
        "operatingExpenses": 702500000,
        "costAndExpenses": 4990100000,
        "interestIncome": 2900000,
        "interestExpense": 9600000,
        "depreciationAndAmortization": 16500000,
        "ebitda": 178500000,
        "ebitdaratio": 0.0347235731,
        "operatingIncome": 150500000,
        "operatingIncomeRatio": 0.0292767381,
        "totalOtherIncomeExpensesNet": -4900000,
        "incomeBeforeTax": 145600000,
        "incomeBeforeTaxRatio": 0.028323542,
        "incomeTaxExpense": 47900000,
        "netIncome": 97700000,
        "netIncomeRatio": 0.0190055636,
        "eps": 1.8,
        "epsdiluted": 1.77,
        "weightedAverageShsOut": 54300000,
        "weightedAverageShsOutDil": 55200000,
        "link": "https://www.sec.gov/Archives/edgar/data/871763/000095017021003499/0000950170-21-003499-index.htm",
        "finalLink": "https://www.sec.gov/Archives/edgar/data/871763/000095017021003499/man-20210930.htm"
    },
    {
        "date": "2021-06-30",
        "symbol": "MAN",
        "reportedCurrency": "USD",
        "cik": "0000871763",
        "fillingDate": "2021-08-06",
        "acceptedDate": "2021-08-06 16:47:07",
        "calendarYear": "2021",
        "period": "Q2",
        "revenue": 5277100000,
        "costOfRevenue": 4417000000,
        "grossProfit": 860100000,
        "grossProfitRatio": 0.1629872468,
        "researchAndDevelopmentExpenses": 0,
        "generalAndAdministrativeExpenses": 0,
        "sellingAndMarketingExpenses": 0,
        "sellingGeneralAndAdministrativeExpenses": 690200000,
        "otherExpenses": 0,
        "operatingExpenses": 690200000,
        "costAndExpenses": 5107200000,
        "interestIncome": 3100000,
        "interestExpense": 9700000,
        "depreciationAndAmortization": 16500000,
        "ebitda": 186400000,
        "ebitdaratio": 0.0353224309,
        "operatingIncome": 169900000,
        "operatingIncomeRatio": 0.0321957136,
        "totalOtherIncomeExpensesNet": -2800000,
        "incomeBeforeTax": 167100000,
        "incomeBeforeTaxRatio": 0.0316651191,
        "incomeTaxExpense": 55500000,
        "netIncome": 111600000,
        "netIncomeRatio": 0.021147979,
        "eps": 2.05,
        "epsdiluted": 2.02,
        "weightedAverageShsOut": 54500000,
        "weightedAverageShsOutDil": 55400000,
        "link": "https://www.sec.gov/Archives/edgar/data/871763/000095017021001018/0000950170-21-001018-index.htm",
        "finalLink": "https://www.sec.gov/Archives/edgar/data/871763/000095017021001018/man-20210630.htm"
    },
    {
        "date": "2021-03-31",
        "symbol": "MAN",
        "reportedCurrency": "USD",
        "cik": "0000871763",
        "fillingDate": "2021-05-07",
        "acceptedDate": "2021-05-07 16:16:17",
        "calendarYear": "2021",
        "period": "Q1",
        "revenue": 4924400000,
        "costOfRevenue": 4156300000,
        "grossProfit": 768100000,
        "grossProfitRatio": 0.1559783933,
        "researchAndDevelopmentExpenses": 0,
        "generalAndAdministrativeExpenses": 0,
        "sellingAndMarketingExpenses": 0,
        "sellingGeneralAndAdministrativeExpenses": 669700000,
        "otherExpenses": 0,
        "operatingExpenses": 669700000,
        "costAndExpenses": 4826000000,
        "interestIncome": 3100000,
        "interestExpense": 10200000,
        "depreciationAndAmortization": 17900000,
        "ebitda": 116300000,
        "ebitdaratio": 0.0236170904,
        "operatingIncome": 98400000,
        "operatingIncomeRatio": 0.0199821298,
        "totalOtherIncomeExpensesNet": -5400000,
        "incomeBeforeTax": 93000000,
        "incomeBeforeTaxRatio": 0.0188855495,
        "incomeTaxExpense": 31000000,
        "netIncome": 62000000,
        "netIncomeRatio": 0.0125903663,
        "eps": 1.12,
        "epsdiluted": 1.11,
        "weightedAverageShsOut": 55100000,
        "weightedAverageShsOutDil": 55700000,
        "link": "https://www.sec.gov/Archives/edgar/data/871763/000156459021025566/0001564590-21-025566-index.htm",
        "finalLink": "https://www.sec.gov/Archives/edgar/data/871763/000156459021025566/man-10q_20210331.htm"
    },
    {
        "date": "2020-12-31",
        "symbol": "MAN",
        "reportedCurrency": "USD",
        "cik": "0000871763",
        "fillingDate": "2021-02-19",
        "acceptedDate": "2021-02-19 17:07:50",
        "calendarYear": "2020",
        "period": "Q4",
        "revenue": 5054900000,
        "costOfRevenue": 4256000000,
        "grossProfit": 798900000,
        "grossProfitRatio": 0.1580446695,
        "researchAndDevelopmentExpenses": 0,
        "generalAndAdministrativeExpenses": 660600000,
        "sellingAndMarketingExpenses": 0,
        "sellingGeneralAndAdministrativeExpenses": 660600000,
        "otherExpenses": 0,
        "operatingExpenses": 660600000,
        "costAndExpenses": 4916600000,
        "interestIncome": 3200000,
        "interestExpense": 11000000,
        "depreciationAndAmortization": 20900000,
        "ebitda": 162600000,
        "ebitdaratio": 0.0321668084,
        "operatingIncome": 138300000,
        "operatingIncomeRatio": 0.0273595917,
        "totalOtherIncomeExpensesNet": -7600000,
        "incomeBeforeTax": 130700000,
        "incomeBeforeTaxRatio": 0.0258561,
        "incomeTaxExpense": 54500000,
        "netIncome": 76200000,
        "netIncomeRatio": 0.0150744822,
        "eps": 1.34,
        "epsdiluted": 1.33,
        "weightedAverageShsOut": 57000000,
        "weightedAverageShsOutDil": 57400000,
        "link": "https://www.sec.gov/Archives/edgar/data/871763/000156459021006974/0001564590-21-006974-index.htm",
        "finalLink": "https://www.sec.gov/Archives/edgar/data/871763/000156459021006974/man-10k_20201231.htm"
    },
    {
        "date": "2020-09-30",
        "symbol": "MAN",
        "reportedCurrency": "USD",
        "cik": "0000871763",
        "fillingDate": "2020-11-06",
        "acceptedDate": "2020-11-06 17:01:03",
        "calendarYear": "2020",
        "period": "Q3",
        "revenue": 4584800000,
        "costOfRevenue": 3859700000,
        "grossProfit": 725100000,
        "grossProfitRatio": 0.1581530274,
        "researchAndDevelopmentExpenses": 0,
        "generalAndAdministrativeExpenses": 0,
        "sellingAndMarketingExpenses": 0,
        "sellingGeneralAndAdministrativeExpenses": 663500000,
        "otherExpenses": 0,
        "operatingExpenses": 663500000,
        "costAndExpenses": 4523200000,
        "interestIncome": 3100000,
        "interestExpense": 10800000,
        "depreciationAndAmortization": 18400000,
        "ebitda": 135700000,
        "ebitdaratio": 0.0295978014,
        "operatingIncome": 61600000,
        "operatingIncomeRatio": 0.0134357006,
        "totalOtherIncomeExpensesNet": -6000000,
        "incomeBeforeTax": 55600000,
        "incomeBeforeTaxRatio": 0.0121270284,
        "incomeTaxExpense": 45300000,
        "netIncome": 10300000,
        "netIncomeRatio": 0.0022465538,
        "eps": 0.18,
        "epsdiluted": 0.18,
        "weightedAverageShsOut": 58200000,
        "weightedAverageShsOutDil": 58500000,
        "link": "https://www.sec.gov/Archives/edgar/data/871763/000156459020052020/0001564590-20-052020-index.htm",
        "finalLink": "https://www.sec.gov/Archives/edgar/data/871763/000156459020052020/man-10q_20200930.htm"
    },
    {
        "date": "2020-06-30",
        "symbol": "MAN",
        "reportedCurrency": "USD",
        "cik": "0000871763",
        "fillingDate": "2020-08-07",
        "acceptedDate": "2020-08-07 08:01:24",
        "calendarYear": "2020",
        "period": "Q2",
        "revenue": 3742200000,
        "costOfRevenue": 3165500000,
        "grossProfit": 576700000,
        "grossProfitRatio": 0.1541072097,
        "researchAndDevelopmentExpenses": 0,
        "generalAndAdministrativeExpenses": 559900000,
        "sellingAndMarketingExpenses": 0,
        "sellingGeneralAndAdministrativeExpenses": 559900000,
        "otherExpenses": 66800000,
        "operatingExpenses": 626700000,
        "costAndExpenses": 3792200000,
        "interestIncome": 3100000,
        "interestExpense": 10400000,
        "depreciationAndAmortization": 18400000,
        "ebitda": -27000000,
        "ebitdaratio": -0.0072150072,
        "operatingIncome": -50000000,
        "operatingIncomeRatio": -0.0133611245,
        "totalOtherIncomeExpensesNet": -5800000,
        "incomeBeforeTax": -55800000,
        "incomeBeforeTaxRatio": -0.0149110149,
        "incomeTaxExpense": 8600000,
        "netIncome": -64400000,
        "netIncomeRatio": -0.0172091283,
        "eps": -1.11,
        "epsdiluted": -1.11,
        "weightedAverageShsOut": 58018018,
        "weightedAverageShsOutDil": 58200000,
        "link": "https://www.sec.gov/Archives/edgar/data/871763/000156459020038077/0001564590-20-038077-index.htm",
        "finalLink": "https://www.sec.gov/Archives/edgar/data/871763/000156459020038077/man-10q_20200630.htm"
    },
    {
        "date": "2020-03-31",
        "symbol": "MAN",
        "reportedCurrency": "USD",
        "cik": "0000871763",
        "fillingDate": "2020-05-08",
        "acceptedDate": "2020-05-08 17:01:50",
        "calendarYear": "2020",
        "period": "Q1",
        "revenue": 4619100000,
        "costOfRevenue": 3895100000,
        "grossProfit": 724000000,
        "grossProfitRatio": 0.1567404906,
        "researchAndDevelopmentExpenses": 0,
        "generalAndAdministrativeExpenses": 686300000,
        "sellingAndMarketingExpenses": 0,
        "sellingGeneralAndAdministrativeExpenses": 686300000,
        "otherExpenses": 0,
        "operatingExpenses": 686300000,
        "costAndExpenses": 4581400000,
        "interestIncome": 3700000,
        "interestExpense": 11100000,
        "depreciationAndAmortization": 18600000,
        "ebitda": 104500000,
        "ebitdaratio": 0.0226234548,
        "operatingIncome": 37700000,
        "operatingIncomeRatio": 0.0081617631,
        "totalOtherIncomeExpensesNet": -20500000,
        "incomeBeforeTax": 17200000,
        "incomeBeforeTaxRatio": 0.0037236691,
        "incomeTaxExpense": 15500000,
        "netIncome": 1700000,
        "netIncomeRatio": 0.0003680371,
        "eps": 0.03,
        "epsdiluted": 0.03,
        "weightedAverageShsOut": 58700000,
        "weightedAverageShsOutDil": 59000000,
        "link": "https://www.sec.gov/Archives/edgar/data/871763/000156459020023637/0001564590-20-023637-index.htm",
        "finalLink": "https://www.sec.gov/Archives/edgar/data/871763/000156459020023637/man-10q_20200331.htm"
    },
    {
        "date": "2019-12-31",
        "symbol": "MAN",
        "reportedCurrency": "USD",
        "cik": "0000871763",
        "fillingDate": "2020-02-21",
        "acceptedDate": "2020-02-21 16:29:22",
        "calendarYear": "2019",
        "period": "Q4",
        "revenue": 5196600000,
        "costOfRevenue": 4337000000,
        "grossProfit": 859600000,
        "grossProfitRatio": 0.1654158488,
        "researchAndDevelopmentExpenses": 0,
        "generalAndAdministrativeExpenses": 668000000,
        "sellingAndMarketingExpenses": 0,
        "sellingGeneralAndAdministrativeExpenses": 668000000,
        "otherExpenses": 0,
        "operatingExpenses": 668000000,
        "costAndExpenses": 5005000000,
        "interestIncome": 2800000,
        "interestExpense": 11100000,
        "depreciationAndAmortization": 20100000,
        "ebitda": 217300000,
        "ebitdaratio": 0.0418158026,
        "operatingIncome": 191600000,
        "operatingIncomeRatio": 0.0368702613,
        "totalOtherIncomeExpensesNet": -5500000,
        "incomeBeforeTax": 186100000,
        "incomeBeforeTaxRatio": 0.035811877,
        "incomeTaxExpense": 47300000,
        "netIncome": 138800000,
        "netIncomeRatio": 0.0267097718,
        "eps": 2.35,
        "epsdiluted": 2.33,
        "weightedAverageShsOut": 59000000,
        "weightedAverageShsOutDil": 59500000,
        "link": "https://www.sec.gov/Archives/edgar/data/871763/000156459020005762/0001564590-20-005762-index.htm",
        "finalLink": "https://www.sec.gov/Archives/edgar/data/871763/000156459020005762/man-10k_20191231.htm"
    },
    {
        "date": "2019-09-30",
        "symbol": "MAN",
        "reportedCurrency": "USD",
        "cik": "0000871763",
        "fillingDate": "2019-11-01",
        "acceptedDate": "2019-11-01 08:39:01",
        "calendarYear": "2019",
        "period": "Q3",
        "revenue": 5248900000,
        "costOfRevenue": 4408600000,
        "grossProfit": 840300000,
        "grossProfitRatio": 0.1600906857,
        "researchAndDevelopmentExpenses": 0,
        "generalAndAdministrativeExpenses": 623300000,
        "sellingAndMarketingExpenses": 0,
        "sellingGeneralAndAdministrativeExpenses": 623300000,
        "otherExpenses": -30400000,
        "operatingExpenses": 623300000,
        "costAndExpenses": 5031900000,
        "interestIncome": 600000,
        "interestExpense": 11900000,
        "depreciationAndAmortization": 18100000,
        "ebitda": 204700000,
        "ebitdaratio": 0.0389986473,
        "operatingIncome": 217000000,
        "operatingIncomeRatio": 0.0413419955,
        "totalOtherIncomeExpensesNet": -12200000,
        "incomeBeforeTax": 204800000,
        "incomeBeforeTaxRatio": 0.0390176989,
        "incomeTaxExpense": 58700000,
        "netIncome": 146100000,
        "netIncomeRatio": 0.0278344034,
        "eps": 2.44,
        "epsdiluted": 2.42,
        "weightedAverageShsOut": 59900000,
        "weightedAverageShsOutDil": 60300000,
        "link": "https://www.sec.gov/Archives/edgar/data/871763/000156459019039284/0001564590-19-039284-index.htm",
        "finalLink": "https://www.sec.gov/Archives/edgar/data/871763/000156459019039284/man-10q_20190930.htm"
    },
    {
        "date": "2019-06-30",
        "symbol": "MAN",
        "reportedCurrency": "USD",
        "cik": "0000871763",
        "fillingDate": "2019-08-02",
        "acceptedDate": "2019-08-02 17:15:24",
        "calendarYear": "2019",
        "period": "Q2",
        "revenue": 5373100000,
        "costOfRevenue": 4502700000,
        "grossProfit": 870400000,
        "grossProfitRatio": 0.1619921461,
        "researchAndDevelopmentExpenses": 0,
        "generalAndAdministrativeExpenses": 675600000,
        "sellingAndMarketingExpenses": 0,
        "sellingGeneralAndAdministrativeExpenses": 675600000,
        "otherExpenses": 64000000,
        "operatingExpenses": 675600000,
        "costAndExpenses": 5178300000,
        "interestIncome": 1100000,
        "interestExpense": 11200000,
        "depreciationAndAmortization": 19600000,
        "ebitda": 216000000,
        "ebitdaratio": 0.0402002568,
        "operatingIncome": 130800000,
        "operatingIncomeRatio": 0.0243434889,
        "totalOtherIncomeExpensesNet": 70200000,
        "incomeBeforeTax": 201000000,
        "incomeBeforeTaxRatio": 0.0374085723,
        "incomeTaxExpense": 73700000,
        "netIncome": 127300000,
        "netIncomeRatio": 0.0236920958,
        "eps": 2.12,
        "epsdiluted": 2.11,
        "weightedAverageShsOut": 60000000,
        "weightedAverageShsOutDil": 60400000,
        "link": "https://www.sec.gov/Archives/edgar/data/871763/000156459019028434/0001564590-19-028434-index.htm",
        "finalLink": "https://www.sec.gov/Archives/edgar/data/871763/000156459019028434/man-10q_20190630.htm"
    },
    {
        "date": "2019-03-31",
        "symbol": "MAN",
        "reportedCurrency": "USD",
        "cik": "0000871763",
        "fillingDate": "2019-05-10",
        "acceptedDate": "2019-05-09 18:08:02",
        "calendarYear": "2019",
        "period": "Q1",
        "revenue": 5044900000,
        "costOfRevenue": 4240100000,
        "grossProfit": 804800000,
        "grossProfitRatio": 0.1595274436,
        "researchAndDevelopmentExpenses": 0,
        "generalAndAdministrativeExpenses": 699300000,
        "sellingAndMarketingExpenses": 0,
        "sellingGeneralAndAdministrativeExpenses": 699300000,
        "otherExpenses": 0,
        "operatingExpenses": 699300000,
        "costAndExpenses": 4939400000,
        "interestIncome": 1500000,
        "interestExpense": 10200000,
        "depreciationAndAmortization": 19400000,
        "ebitda": 164700000,
        "ebitdaratio": 0.0326468315,
        "operatingIncome": 105500000,
        "operatingIncomeRatio": 0.0209122084,
        "totalOtherIncomeExpensesNet": -11900000,
        "incomeBeforeTax": 93600000,
        "incomeBeforeTaxRatio": 0.0185533906,
        "incomeTaxExpense": 40100000,
        "netIncome": 53500000,
        "netIncomeRatio": 0.0106047692,
        "eps": 0.88,
        "epsdiluted": 0.88,
        "weightedAverageShsOut": 60600000,
        "weightedAverageShsOutDil": 61000000,
        "link": "https://www.sec.gov/Archives/edgar/data/871763/000087176319000059/0000871763-19-000059-index.htm",
        "finalLink": "https://www.sec.gov/Archives/edgar/data/871763/000087176319000059/man-033119x10q.htm"
    },
    {
        "date": "2018-12-31",
        "symbol": "MAN",
        "reportedCurrency": "USD",
        "cik": "0000871763",
        "fillingDate": "2019-02-22",
        "acceptedDate": "2019-02-22 17:13:15",
        "calendarYear": "2018",
        "period": "Q4",
        "revenue": 5393200000,
        "costOfRevenue": 4512900000,
        "grossProfit": 880300000,
        "grossProfitRatio": 0.1632240599,
        "researchAndDevelopmentExpenses": 0,
        "generalAndAdministrativeExpenses": 662400000,
        "sellingAndMarketingExpenses": 0,
        "sellingGeneralAndAdministrativeExpenses": 662400000,
        "otherExpenses": 0,
        "operatingExpenses": 662400000,
        "costAndExpenses": 5175300000,
        "interestIncome": 1900000,
        "interestExpense": 9900000,
        "depreciationAndAmortization": 21000000,
        "ebitda": 245200000,
        "ebitdaratio": 0.0454646592,
        "operatingIncome": 217900000,
        "operatingIncomeRatio": 0.0404027294,
        "totalOtherIncomeExpensesNet": -3600000,
        "incomeBeforeTax": 214300000,
        "incomeBeforeTaxRatio": 0.0397352221,
        "incomeTaxExpense": 56000000,
        "netIncome": 158300000,
        "netIncomeRatio": 0.0293517763,
        "eps": 2.56,
        "epsdiluted": 2.54,
        "weightedAverageShsOut": 61900000,
        "weightedAverageShsOutDil": 62300000,
        "link": "https://www.sec.gov/Archives/edgar/data/871763/000087176319000050/0000871763-19-000050-index.htm",
        "finalLink": "https://www.sec.gov/Archives/edgar/data/871763/000087176319000050/man-123118x10k.htm"
    },
    {
        "date": "2018-09-30",
        "symbol": "MAN",
        "reportedCurrency": "USD",
        "cik": "0000871763",
        "fillingDate": "2018-11-09",
        "acceptedDate": "2018-11-08 17:44:42",
        "calendarYear": "2018",
        "period": "Q3",
        "revenue": 5418700000,
        "costOfRevenue": 4528100000,
        "grossProfit": 890600000,
        "grossProfitRatio": 0.1643567645,
        "researchAndDevelopmentExpenses": 0,
        "generalAndAdministrativeExpenses": 673900000,
        "sellingAndMarketingExpenses": 0,
        "sellingGeneralAndAdministrativeExpenses": 673900000,
        "otherExpenses": 0,
        "operatingExpenses": 673900000,
        "costAndExpenses": 5202000000,
        "interestIncome": 1500000,
        "interestExpense": 10200000,
        "depreciationAndAmortization": 21900000,
        "ebitda": 238600000,
        "ebitdaratio": 0.0440327016,
        "operatingIncome": 216700000,
        "operatingIncomeRatio": 0.0399911418,
        "totalOtherIncomeExpensesNet": -11800000,
        "incomeBeforeTax": 204900000,
        "incomeBeforeTaxRatio": 0.0378134977,
        "incomeTaxExpense": 46900000,
        "netIncome": 158000000,
        "netIncomeRatio": 0.0291582852,
        "eps": 2.45,
        "epsdiluted": 2.43,
        "weightedAverageShsOut": 64500000,
        "weightedAverageShsOutDil": 65000000,
        "link": "https://www.sec.gov/Archives/edgar/data/871763/000087176318000109/0000871763-18-000109-index.htm",
        "finalLink": "https://www.sec.gov/Archives/edgar/data/871763/000087176318000109/man-093018x10q.htm"
    },
    {
        "date": "2018-06-30",
        "symbol": "MAN",
        "reportedCurrency": "USD",
        "cik": "0000871763",
        "fillingDate": "2018-08-03",
        "acceptedDate": "2018-08-03 17:19:29",
        "calendarYear": "2018",
        "period": "Q2",
        "revenue": 5656900000,
        "costOfRevenue": 4734200000,
        "grossProfit": 922700000,
        "grossProfitRatio": 0.1631105376,
        "researchAndDevelopmentExpenses": 0,
        "generalAndAdministrativeExpenses": 714400000,
        "sellingAndMarketingExpenses": 0,
        "sellingGeneralAndAdministrativeExpenses": 714400000,
        "otherExpenses": 0,
        "operatingExpenses": 714400000,
        "costAndExpenses": 5448600000,
        "interestIncome": 1400000,
        "interestExpense": 13300000,
        "depreciationAndAmortization": 21200000,
        "ebitda": 244800000,
        "ebitdaratio": 0.043274585,
        "operatingIncome": 208300000,
        "operatingIncomeRatio": 0.0368222878,
        "totalOtherIncomeExpensesNet": -10500000,
        "incomeBeforeTax": 197800000,
        "incomeBeforeTaxRatio": 0.0349661475,
        "incomeTaxExpense": 54400000,
        "netIncome": 143400000,
        "netIncomeRatio": 0.0253495731,
        "eps": 2.18,
        "epsdiluted": 2.17,
        "weightedAverageShsOut": 65700000,
        "weightedAverageShsOutDil": 66100000,
        "link": "https://www.sec.gov/Archives/edgar/data/871763/000087176318000093/0000871763-18-000093-index.htm",
        "finalLink": "https://www.sec.gov/Archives/edgar/data/871763/000087176318000093/man-063018x10q.htm"
    },
    {
        "date": "2018-03-31",
        "symbol": "MAN",
        "reportedCurrency": "USD",
        "cik": "0000871763",
        "fillingDate": "2018-05-04",
        "acceptedDate": "2018-05-04 16:35:41",
        "calendarYear": "2018",
        "period": "Q1",
        "revenue": 5522400000,
        "costOfRevenue": 4637000000,
        "grossProfit": 885400000,
        "grossProfitRatio": 0.1603288425,
        "researchAndDevelopmentExpenses": 0,
        "generalAndAdministrativeExpenses": 731600000,
        "sellingAndMarketingExpenses": 0,
        "sellingGeneralAndAdministrativeExpenses": 731600000,
        "otherExpenses": 24000000,
        "operatingExpenses": 731600000,
        "costAndExpenses": 5368600000,
        "interestIncome": 1200000,
        "interestExpense": 13600000,
        "depreciationAndAmortization": 21700000,
        "ebitda": 199500000,
        "ebitdaratio": 0.0361255976,
        "operatingIncome": 153800000,
        "operatingIncomeRatio": 0.0278502101,
        "totalOtherIncomeExpensesNet": -16100000,
        "incomeBeforeTax": 137700000,
        "incomeBeforeTaxRatio": 0.024934811,
        "incomeTaxExpense": 40700000,
        "netIncome": 97000000,
        "netIncomeRatio": 0.0175648269,
        "eps": 1.46,
        "epsdiluted": 1.45,
        "weightedAverageShsOut": 66300000,
        "weightedAverageShsOutDil": 66900000,
        "link": "https://www.sec.gov/Archives/edgar/data/871763/000087176318000086/0000871763-18-000086-index.htm",
        "finalLink": "https://www.sec.gov/Archives/edgar/data/871763/000087176318000086/man-033118x10q.htm"
    },
    {
        "date": "2017-12-31",
        "symbol": "MAN",
        "reportedCurrency": "USD",
        "cik": "0000871763",
        "fillingDate": "2018-02-23",
        "acceptedDate": "2018-02-23 16:34:15",
        "calendarYear": "2017",
        "period": "Q4",
        "revenue": 5637500000,
        "costOfRevenue": 4703000000,
        "grossProfit": 934500000,
        "grossProfitRatio": 0.1657649667,
        "researchAndDevelopmentExpenses": 0,
        "generalAndAdministrativeExpenses": 695800000,
        "sellingAndMarketingExpenses": 0,
        "sellingGeneralAndAdministrativeExpenses": 695800000,
        "otherExpenses": 0,
        "operatingExpenses": 695800000,
        "costAndExpenses": 5398800000,
        "interestIncome": 1400000,
        "interestExpense": 10100000,
        "depreciationAndAmortization": 22100000,
        "ebitda": 256200000,
        "ebitdaratio": 0.0454456763,
        "operatingIncome": 238700000,
        "operatingIncomeRatio": 0.0423414634,
        "totalOtherIncomeExpensesNet": -14700000,
        "incomeBeforeTax": 224000000,
        "incomeBeforeTaxRatio": 0.0397339246,
        "incomeTaxExpense": 7700000,
        "netIncome": 216300000,
        "netIncomeRatio": 0.038368071,
        "eps": 3.26,
        "epsdiluted": 3.22,
        "weightedAverageShsOut": 66400000,
        "weightedAverageShsOutDil": 67300000,
        "link": "https://www.sec.gov/Archives/edgar/data/871763/000087176318000070/0000871763-18-000070-index.htm",
        "finalLink": "https://www.sec.gov/Archives/edgar/data/871763/000087176318000070/man-123117x10k.htm"
    },
    {
        "date": "2017-09-30",
        "symbol": "MAN",
        "reportedCurrency": "USD",
        "cik": "0000871763",
        "fillingDate": "2017-11-03",
        "acceptedDate": "2017-11-03 08:49:33",
        "calendarYear": "2017",
        "period": "Q3",
        "revenue": 5464800000,
        "costOfRevenue": 4564200000,
        "grossProfit": 900600000,
        "grossProfitRatio": 0.1648001757,
        "researchAndDevelopmentExpenses": 0,
        "generalAndAdministrativeExpenses": 672700000,
        "sellingAndMarketingExpenses": 0,
        "sellingGeneralAndAdministrativeExpenses": 672700000,
        "otherExpenses": 0,
        "operatingExpenses": 672700000,
        "costAndExpenses": 5236900000,
        "interestIncome": 1200000,
        "interestExpense": 12600000,
        "depreciationAndAmortization": 21600000,
        "ebitda": 249500000,
        "ebitdaratio": 0.0456558337,
        "operatingIncome": 227900000,
        "operatingIncomeRatio": 0.0417032645,
        "totalOtherIncomeExpensesNet": -11700000,
        "incomeBeforeTax": 217000000,
        "incomeBeforeTaxRatio": 0.039708681,
        "incomeTaxExpense": 79300000,
        "netIncome": 137700000,
        "netIncomeRatio": 0.0251976285,
        "eps": 2.06,
        "epsdiluted": 2.04,
        "weightedAverageShsOut": 66800000,
        "weightedAverageShsOutDil": 67600000,
        "link": "https://www.sec.gov/Archives/edgar/data/871763/000087176317000113/0000871763-17-000113-index.htm",
        "finalLink": "https://www.sec.gov/Archives/edgar/data/871763/000087176317000113/man-093017x10q.htm"
    },
    {
        "date": "2017-06-30",
        "symbol": "MAN",
        "reportedCurrency": "USD",
        "cik": "0000871763",
        "fillingDate": "2017-08-04",
        "acceptedDate": "2017-08-04 08:47:13",
        "calendarYear": "2017",
        "period": "Q2",
        "revenue": 5174800000,
        "costOfRevenue": 4313100000,
        "grossProfit": 861700000,
        "grossProfitRatio": 0.1665185128,
        "researchAndDevelopmentExpenses": 0,
        "generalAndAdministrativeExpenses": 667100000,
        "sellingAndMarketingExpenses": 0,
        "sellingGeneralAndAdministrativeExpenses": 667100000,
        "otherExpenses": 0,
        "operatingExpenses": 667100000,
        "costAndExpenses": 4980200000,
        "interestIncome": 1200000,
        "interestExpense": 11900000,
        "depreciationAndAmortization": 20400000,
        "ebitda": 225500000,
        "ebitdaratio": 0.0435765633,
        "operatingIncome": 194600000,
        "operatingIncomeRatio": 0.0376053181,
        "totalOtherIncomeExpensesNet": -11000000,
        "incomeBeforeTax": 184200000,
        "incomeBeforeTaxRatio": 0.0355955786,
        "incomeTaxExpense": 67200000,
        "netIncome": 117000000,
        "netIncomeRatio": 0.0226095695,
        "eps": 1.74,
        "epsdiluted": 1.72,
        "weightedAverageShsOut": 67400000,
        "weightedAverageShsOutDil": 68000000,
        "link": "https://www.sec.gov/Archives/edgar/data/871763/000087176317000098/0000871763-17-000098-index.htm",
        "finalLink": "https://www.sec.gov/Archives/edgar/data/871763/000087176317000098/man-063017x10q.htm"
    },
    {
        "date": "2017-03-31",
        "symbol": "MAN",
        "reportedCurrency": "USD",
        "cik": "0000871763",
        "fillingDate": "2017-05-05",
        "acceptedDate": "2017-05-05 08:46:00",
        "calendarYear": "2017",
        "period": "Q1",
        "revenue": 4757200000,
        "costOfRevenue": 3969400000,
        "grossProfit": 787800000,
        "grossProfitRatio": 0.1656016144,
        "researchAndDevelopmentExpenses": 0,
        "generalAndAdministrativeExpenses": 660800000,
        "sellingAndMarketingExpenses": 0,
        "sellingGeneralAndAdministrativeExpenses": 660800000,
        "otherExpenses": 24000000,
        "operatingExpenses": 660800000,
        "costAndExpenses": 4630200000,
        "interestIncome": 1000000,
        "interestExpense": 11900000,
        "depreciationAndAmortization": 20300000,
        "ebitda": 171300000,
        "ebitdaratio": 0.0360085765,
        "operatingIncome": 127000000,
        "operatingIncomeRatio": 0.026696376,
        "totalOtherIncomeExpensesNet": -15800000,
        "incomeBeforeTax": 112100000,
        "incomeBeforeTaxRatio": 0.0235642815,
        "incomeTaxExpense": 37700000,
        "netIncome": 74400000,
        "netIncomeRatio": 0.0156394518,
        "eps": 1.1,
        "epsdiluted": 1.09,
        "weightedAverageShsOut": 67700000,
        "weightedAverageShsOutDil": 68400000,
        "link": "https://www.sec.gov/Archives/edgar/data/871763/000087176317000086/0000871763-17-000086-index.htm",
        "finalLink": "https://www.sec.gov/Archives/edgar/data/871763/000087176317000086/man-033117x10q.htm"
    },
    {
        "date": "2016-12-31",
        "symbol": "MAN",
        "reportedCurrency": "USD",
        "cik": "0000871763",
        "fillingDate": "2017-02-21",
        "acceptedDate": "2017-02-21 08:45:53",
        "calendarYear": "2016",
        "period": "Q4",
        "revenue": 4956100000,
        "costOfRevenue": 4115100000,
        "grossProfit": 841000000,
        "grossProfitRatio": 0.1696898771,
        "researchAndDevelopmentExpenses": 0,
        "generalAndAdministrativeExpenses": 629000000,
        "sellingAndMarketingExpenses": 0,
        "sellingGeneralAndAdministrativeExpenses": 629000000,
        "otherExpenses": 0,
        "operatingExpenses": 629000000,
        "costAndExpenses": 4744100000,
        "interestIncome": 1100000,
        "interestExpense": 10000000,
        "depreciationAndAmortization": 21300000,
        "ebitda": 228200000,
        "ebitdaratio": 0.0460442687,
        "operatingIncome": 212000000,
        "operatingIncomeRatio": 0.0427755695,
        "totalOtherIncomeExpensesNet": -15100000,
        "incomeBeforeTax": 196900000,
        "incomeBeforeTaxRatio": 0.039728819,
        "incomeTaxExpense": 69500000,
        "netIncome": 127400000,
        "netIncomeRatio": 0.025705696,
        "eps": 1.89,
        "epsdiluted": 1.87,
        "weightedAverageShsOut": 67500000,
        "weightedAverageShsOutDil": 68300000,
        "link": "https://www.sec.gov/Archives/edgar/data/871763/000087176317000071/0000871763-17-000071-index.htm",
        "finalLink": "https://www.sec.gov/Archives/edgar/data/871763/000087176317000071/man-123116x10k.htm"
    },
    {
        "date": "2016-09-30",
        "symbol": "MAN",
        "reportedCurrency": "USD",
        "cik": "0000871763",
        "fillingDate": "2016-11-04",
        "acceptedDate": "2016-11-04 08:47:21",
        "calendarYear": "2016",
        "period": "Q3",
        "revenue": 5088200000,
        "costOfRevenue": 4229900000,
        "grossProfit": 858300000,
        "grossProfitRatio": 0.1686844071,
        "researchAndDevelopmentExpenses": 0,
        "generalAndAdministrativeExpenses": 647200000,
        "sellingAndMarketingExpenses": 0,
        "sellingGeneralAndAdministrativeExpenses": 647200000,
        "otherExpenses": 0,
        "operatingExpenses": 647200000,
        "costAndExpenses": 4877100000,
        "interestIncome": 1000000,
        "interestExpense": 9200000,
        "depreciationAndAmortization": 21400000,
        "ebitda": 224400000,
        "ebitdaratio": 0.04410204,
        "operatingIncome": 211100000,
        "operatingIncomeRatio": 0.0414881491,
        "totalOtherIncomeExpensesNet": -11400000,
        "incomeBeforeTax": 199700000,
        "incomeBeforeTaxRatio": 0.0392476711,
        "incomeTaxExpense": 70500000,
        "netIncome": 129200000,
        "netIncomeRatio": 0.0253920836,
        "eps": 1.89,
        "epsdiluted": 1.87,
        "weightedAverageShsOut": 68400000,
        "weightedAverageShsOutDil": 69000000,
        "link": "https://www.sec.gov/Archives/edgar/data/871763/000087176316000205/0000871763-16-000205-index.htm",
        "finalLink": "https://www.sec.gov/Archives/edgar/data/871763/000087176316000205/man-093016x10q.htm"
    },
    {
        "date": "2016-06-30",
        "symbol": "MAN",
        "reportedCurrency": "USD",
        "cik": "0000871763",
        "fillingDate": "2016-07-29",
        "acceptedDate": "2016-07-29 16:14:34",
        "calendarYear": "2016",
        "period": "Q2",
        "revenue": 5022100000,
        "costOfRevenue": 4161400000,
        "grossProfit": 860700000,
        "grossProfitRatio": 0.1713824894,
        "researchAndDevelopmentExpenses": 0,
        "generalAndAdministrativeExpenses": 664700000,
        "sellingAndMarketingExpenses": 0,
        "sellingGeneralAndAdministrativeExpenses": 664700000,
        "otherExpenses": 0,
        "operatingExpenses": 664700000,
        "costAndExpenses": 4826100000,
        "interestIncome": 800000,
        "interestExpense": 9200000,
        "depreciationAndAmortization": 21300000,
        "ebitda": 217300000,
        "ebitdaratio": 0.0432687521,
        "operatingIncome": 196000000,
        "operatingIncomeRatio": 0.0390274985,
        "totalOtherIncomeExpensesNet": -10300000,
        "incomeBeforeTax": 185700000,
        "incomeBeforeTaxRatio": 0.0369765636,
        "incomeTaxExpense": 70300000,
        "netIncome": 115400000,
        "netIncomeRatio": 0.0229784353,
        "eps": 1.61,
        "epsdiluted": 1.6,
        "weightedAverageShsOut": 71600000,
        "weightedAverageShsOutDil": 72300000,
        "link": "https://www.sec.gov/Archives/edgar/data/871763/000087176316000184/0000871763-16-000184-index.htm",
        "finalLink": "https://www.sec.gov/Archives/edgar/data/871763/000087176316000184/man-063016x10q.htm"
    },
    {
        "date": "2016-03-31",
        "symbol": "MAN",
        "reportedCurrency": "USD",
        "cik": "0000871763",
        "fillingDate": "2016-05-06",
        "acceptedDate": "2016-05-06 08:46:52",
        "calendarYear": "2016",
        "period": "Q1",
        "revenue": 4587700000,
        "costOfRevenue": 3813900000,
        "grossProfit": 773800000,
        "grossProfitRatio": 0.1686683959,
        "researchAndDevelopmentExpenses": 0,
        "generalAndAdministrativeExpenses": 642100000,
        "sellingAndMarketingExpenses": 0,
        "sellingGeneralAndAdministrativeExpenses": 642100000,
        "otherExpenses": 0,
        "operatingExpenses": 642100000,
        "costAndExpenses": 4456000000,
        "interestIncome": 700000,
        "interestExpense": 9500000,
        "depreciationAndAmortization": 21300000,
        "ebitda": 153000000,
        "ebitdaratio": 0.0333500447,
        "operatingIncome": 131700000,
        "operatingIncomeRatio": 0.0287071953,
        "totalOtherIncomeExpensesNet": -12700000,
        "incomeBeforeTax": 119000000,
        "incomeBeforeTaxRatio": 0.0259389236,
        "incomeTaxExpense": 47300000,
        "netIncome": 71700000,
        "netIncomeRatio": 0.0156287464,
        "eps": 0.98,
        "epsdiluted": 0.98,
        "weightedAverageShsOut": 72800000,
        "weightedAverageShsOutDil": 73500000,
        "link": "https://www.sec.gov/Archives/edgar/data/871763/000087176316000175/0000871763-16-000175-index.htm",
        "finalLink": "https://www.sec.gov/Archives/edgar/data/871763/000087176316000175/man-033116x10q.htm"
    },
    {
        "date": "2015-12-31",
        "symbol": "MAN",
        "reportedCurrency": "USD",
        "cik": "0000871763",
        "fillingDate": "2016-02-22",
        "acceptedDate": "2016-02-22 16:26:05",
        "calendarYear": "2015",
        "period": "Q4",
        "revenue": 4953900000,
        "costOfRevenue": 4102800000,
        "grossProfit": 851100000,
        "grossProfitRatio": 0.1718040332,
        "researchAndDevelopmentExpenses": 0,
        "generalAndAdministrativeExpenses": 670000000,
        "sellingAndMarketingExpenses": 0,
        "sellingGeneralAndAdministrativeExpenses": 670000000,
        "otherExpenses": 0,
        "operatingExpenses": 670000000,
        "costAndExpenses": 4772800000,
        "interestIncome": 600000,
        "interestExpense": 10600000,
        "depreciationAndAmortization": 20600000,
        "ebitda": 211300000,
        "ebitdaratio": 0.0426532631,
        "operatingIncome": 181100000,
        "operatingIncomeRatio": 0.0365570561,
        "totalOtherIncomeExpensesNet": -1000000,
        "incomeBeforeTax": 180100000,
        "incomeBeforeTaxRatio": 0.0363551949,
        "incomeTaxExpense": 56200000,
        "netIncome": 123900000,
        "netIncomeRatio": 0.0250105977,
        "eps": 1.67,
        "epsdiluted": 1.66,
        "weightedAverageShsOut": 74100000,
        "weightedAverageShsOutDil": 74900000,
        "link": "https://www.sec.gov/Archives/edgar/data/871763/000087176316000150/0000871763-16-000150-index.htm",
        "finalLink": "https://www.sec.gov/Archives/edgar/data/871763/000087176316000150/man-123115x10k.htm"
    },
    {
        "date": "2015-09-30",
        "symbol": "MAN",
        "reportedCurrency": "USD",
        "cik": "0000871763",
        "fillingDate": "2015-10-30",
        "acceptedDate": "2015-10-30 08:45:46",
        "calendarYear": "2015",
        "period": "Q3",
        "revenue": 4972500000,
        "costOfRevenue": 4120400000,
        "grossProfit": 852100000,
        "grossProfitRatio": 0.1713624937,
        "researchAndDevelopmentExpenses": 0,
        "generalAndAdministrativeExpenses": 645800000,
        "sellingAndMarketingExpenses": 0,
        "sellingGeneralAndAdministrativeExpenses": 645800000,
        "otherExpenses": 0,
        "operatingExpenses": 645800000,
        "costAndExpenses": 4766200000,
        "interestIncome": 700000,
        "interestExpense": 9200000,
        "depreciationAndAmortization": 19500000,
        "ebitda": 225800000,
        "ebitdaratio": 0.0454097536,
        "operatingIncome": 206300000,
        "operatingIncomeRatio": 0.041488185,
        "totalOtherIncomeExpensesNet": -9400000,
        "incomeBeforeTax": 196900000,
        "incomeBeforeTaxRatio": 0.0395977878,
        "incomeTaxExpense": 73000000,
        "netIncome": 123900000,
        "netIncomeRatio": 0.0249170437,
        "eps": 1.63,
        "epsdiluted": 1.61,
        "weightedAverageShsOut": 76100000,
        "weightedAverageShsOutDil": 77000000,
        "link": "https://www.sec.gov/Archives/edgar/data/871763/000087176315000054/0000871763-15-000054-index.htm",
        "finalLink": "https://www.sec.gov/Archives/edgar/data/871763/000087176315000054/man-093015x10q.htm"
    },
    {
        "date": "2015-06-30",
        "symbol": "MAN",
        "reportedCurrency": "USD",
        "cik": "0000871763",
        "fillingDate": "2015-07-31",
        "acceptedDate": "2015-07-31 08:46:30",
        "calendarYear": "2015",
        "period": "Q2",
        "revenue": 4861300000,
        "costOfRevenue": 4030700000,
        "grossProfit": 830600000,
        "grossProfitRatio": 0.1708596466,
        "researchAndDevelopmentExpenses": 0,
        "generalAndAdministrativeExpenses": 651900000,
        "sellingAndMarketingExpenses": 0,
        "sellingGeneralAndAdministrativeExpenses": 651900000,
        "otherExpenses": 0,
        "operatingExpenses": 651900000,
        "costAndExpenses": 4682600000,
        "interestIncome": 700000,
        "interestExpense": 8200000,
        "depreciationAndAmortization": 18900000,
        "ebitda": 197600000,
        "ebitdaratio": 0.0406475634,
        "operatingIncome": 178700000,
        "operatingIncomeRatio": 0.0367597145,
        "totalOtherIncomeExpensesNet": -7200000,
        "incomeBeforeTax": 171500000,
        "incomeBeforeTaxRatio": 0.0352786292,
        "incomeTaxExpense": 65800000,
        "netIncome": 105700000,
        "netIncomeRatio": 0.0217431551,
        "eps": 1.35,
        "epsdiluted": 1.33,
        "weightedAverageShsOut": 78300000,
        "weightedAverageShsOutDil": 79300000,
        "link": "https://www.sec.gov/Archives/edgar/data/871763/000087176315000027/0000871763-15-000027-index.htm",
        "finalLink": "https://www.sec.gov/Archives/edgar/data/871763/000087176315000027/man-063015x10q.htm"
    },
    {
        "date": "2015-03-31",
        "symbol": "MAN",
        "reportedCurrency": "USD",
        "cik": "0000871763",
        "fillingDate": "2015-05-01",
        "acceptedDate": "2015-05-01 08:47:06",
        "calendarYear": "2015",
        "period": "Q1",
        "revenue": 4542200000,
        "costOfRevenue": 3780200000,
        "grossProfit": 762000000,
        "grossProfitRatio": 0.1677601162,
        "researchAndDevelopmentExpenses": 0,
        "generalAndAdministrativeExpenses": 639200000,
        "sellingAndMarketingExpenses": 0,
        "sellingGeneralAndAdministrativeExpenses": 639200000,
        "otherExpenses": 0,
        "operatingExpenses": 639200000,
        "costAndExpenses": 4419400000,
        "interestIncome": 500000,
        "interestExpense": 8000000,
        "depreciationAndAmortization": 18700000,
        "ebitda": 141500000,
        "ebitdaratio": 0.0311523051,
        "operatingIncome": 122800000,
        "operatingIncomeRatio": 0.0270353573,
        "totalOtherIncomeExpensesNet": -10600000,
        "incomeBeforeTax": 112200000,
        "incomeBeforeTaxRatio": 0.0247016864,
        "incomeTaxExpense": 46500000,
        "netIncome": 65700000,
        "netIncomeRatio": 0.0144643565,
        "eps": 0.83,
        "epsdiluted": 0.83,
        "weightedAverageShsOut": 78700000,
        "weightedAverageShsOutDil": 79600000,
        "link": "https://www.sec.gov/Archives/edgar/data/871763/000087176315000015/0000871763-15-000015-index.htm",
        "finalLink": "https://www.sec.gov/Archives/edgar/data/871763/000087176315000015/form10q.htm"
    },
    {
        "date": "2014-12-31",
        "symbol": "MAN",
        "reportedCurrency": "USD",
        "cik": "0000871763",
        "fillingDate": "2015-02-20",
        "acceptedDate": "2015-02-20 07:23:14",
        "calendarYear": "2014",
        "period": "Q4",
        "revenue": 5121100000,
        "costOfRevenue": 4252300000,
        "grossProfit": 868800000,
        "grossProfitRatio": 0.1696510515,
        "researchAndDevelopmentExpenses": 0,
        "generalAndAdministrativeExpenses": 675500000,
        "sellingAndMarketingExpenses": 0,
        "sellingGeneralAndAdministrativeExpenses": 675500000,
        "otherExpenses": 0,
        "operatingExpenses": 675500000,
        "costAndExpenses": 4927800000,
        "interestIncome": 1000000,
        "interestExpense": 8400000,
        "depreciationAndAmortization": 19500000,
        "ebitda": 210600000,
        "ebitdaratio": 0.0411239773,
        "operatingIncome": 193300000,
        "operatingIncomeRatio": 0.0377457968,
        "totalOtherIncomeExpensesNet": -11300000,
        "incomeBeforeTax": 182000000,
        "incomeBeforeTaxRatio": 0.0355392396,
        "incomeTaxExpense": 64800000,
        "netIncome": 117200000,
        "netIncomeRatio": 0.0228857081,
        "eps": 1.49,
        "epsdiluted": 1.47,
        "weightedAverageShsOut": 78800000,
        "weightedAverageShsOutDil": 79800000,
        "link": "https://www.sec.gov/Archives/edgar/data/871763/000087176315000008/0000871763-15-000008-index.htm",
        "finalLink": "https://www.sec.gov/Archives/edgar/data/871763/000087176315000008/form10_k.htm"
    },
    {
        "date": "2014-09-30",
        "symbol": "MAN",
        "reportedCurrency": "USD",
        "cik": "0000871763",
        "fillingDate": "2014-10-31",
        "acceptedDate": "2014-10-31 08:33:01",
        "calendarYear": "2014",
        "period": "Q3",
        "revenue": 5416000000,
        "costOfRevenue": 4510400000,
        "grossProfit": 905600000,
        "grossProfitRatio": 0.1672082718,
        "researchAndDevelopmentExpenses": 0,
        "generalAndAdministrativeExpenses": 693300000,
        "sellingAndMarketingExpenses": 0,
        "sellingGeneralAndAdministrativeExpenses": 693300000,
        "otherExpenses": 0,
        "operatingExpenses": 693300000,
        "costAndExpenses": 5203700000,
        "interestIncome": 1400000,
        "interestExpense": 9600000,
        "depreciationAndAmortization": 21100000,
        "ebitda": 233400000,
        "ebitdaratio": 0.0430945347,
        "operatingIncome": 212300000,
        "operatingIncomeRatio": 0.0391986706,
        "totalOtherIncomeExpensesNet": -9900000,
        "incomeBeforeTax": 202400000,
        "incomeBeforeTaxRatio": 0.0373707533,
        "incomeTaxExpense": 71900000,
        "netIncome": 130500000,
        "netIncomeRatio": 0.0240952733,
        "eps": 1.64,
        "epsdiluted": 1.61,
        "weightedAverageShsOut": 79700000,
        "weightedAverageShsOutDil": 81100000,
        "link": "https://www.sec.gov/Archives/edgar/data/871763/000087176314000037/0000871763-14-000037-index.htm",
        "finalLink": "https://www.sec.gov/Archives/edgar/data/871763/000087176314000037/form10q.htm"
    },
    {
        "date": "2014-06-30",
        "symbol": "MAN",
        "reportedCurrency": "USD",
        "cik": "0000871763",
        "fillingDate": "2014-08-06",
        "acceptedDate": "2014-08-06 07:50:47",
        "calendarYear": "2014",
        "period": "Q2",
        "revenue": 5321700000,
        "costOfRevenue": 4424400000,
        "grossProfit": 897300000,
        "grossProfitRatio": 0.1686115339,
        "researchAndDevelopmentExpenses": 0,
        "generalAndAdministrativeExpenses": 709900000,
        "sellingAndMarketingExpenses": 0,
        "sellingGeneralAndAdministrativeExpenses": 709900000,
        "otherExpenses": 0,
        "operatingExpenses": 709900000,
        "costAndExpenses": 5134300000,
        "interestIncome": 1100000,
        "interestExpense": 9300000,
        "depreciationAndAmortization": 21600000,
        "ebitda": 218000000,
        "ebitdaratio": 0.0409643535,
        "operatingIncome": 187400000,
        "operatingIncomeRatio": 0.0352143112,
        "totalOtherIncomeExpensesNet": -7900000,
        "incomeBeforeTax": 179500000,
        "incomeBeforeTaxRatio": 0.0337298232,
        "incomeTaxExpense": 69700000,
        "netIncome": 109800000,
        "netIncomeRatio": 0.0206325047,
        "eps": 1.37,
        "epsdiluted": 1.35,
        "weightedAverageShsOut": 79900000,
        "weightedAverageShsOutDil": 81400000,
        "link": "https://www.sec.gov/Archives/edgar/data/871763/000087176314000030/0000871763-14-000030-index.htm",
        "finalLink": "https://www.sec.gov/Archives/edgar/data/871763/000087176314000030/form10q.htm"
    },
    {
        "date": "2014-03-31",
        "symbol": "MAN",
        "reportedCurrency": "USD",
        "cik": "0000871763",
        "fillingDate": "2014-04-30",
        "acceptedDate": "2014-04-30 08:48:04",
        "calendarYear": "2014",
        "period": "Q1",
        "revenue": 4904000000,
        "costOfRevenue": 4087500000,
        "grossProfit": 816500000,
        "grossProfitRatio": 0.1664967374,
        "researchAndDevelopmentExpenses": 0,
        "generalAndAdministrativeExpenses": 689600000,
        "sellingAndMarketingExpenses": 0,
        "sellingGeneralAndAdministrativeExpenses": 689600000,
        "otherExpenses": 0,
        "operatingExpenses": 689600000,
        "costAndExpenses": 4777100000,
        "interestIncome": 900000,
        "interestExpense": 8600000,
        "depreciationAndAmortization": 21600000,
        "ebitda": 148500000,
        "ebitdaratio": 0.0302814029,
        "operatingIncome": 126900000,
        "operatingIncomeRatio": 0.0258768352,
        "totalOtherIncomeExpensesNet": -9200000,
        "incomeBeforeTax": 117700000,
        "incomeBeforeTaxRatio": 0.0240008157,
        "incomeTaxExpense": 47600000,
        "netIncome": 70100000,
        "netIncomeRatio": 0.0142944535,
        "eps": 0.88,
        "epsdiluted": 0.86,
        "weightedAverageShsOut": 79800000,
        "weightedAverageShsOutDil": 81200000,
        "link": "https://www.sec.gov/Archives/edgar/data/871763/000087176314000019/0000871763-14-000019-index.htm",
        "finalLink": "https://www.sec.gov/Archives/edgar/data/871763/000087176314000019/form10q.htm"
    },
    {
        "date": "2013-12-31",
        "symbol": "MAN",
        "reportedCurrency": "USD",
        "cik": "0000871763",
        "fillingDate": "2014-02-21",
        "acceptedDate": "2014-02-21 17:20:26",
        "calendarYear": "2013",
        "period": "Q4",
        "revenue": 5252100000,
        "costOfRevenue": 4365500000,
        "grossProfit": 886600000,
        "grossProfitRatio": 0.168808667,
        "researchAndDevelopmentExpenses": 0,
        "generalAndAdministrativeExpenses": 719600000,
        "sellingAndMarketingExpenses": 0,
        "sellingGeneralAndAdministrativeExpenses": 719600000,
        "otherExpenses": 0,
        "operatingExpenses": 719600000,
        "costAndExpenses": 5085100000,
        "interestIncome": 1000000,
        "interestExpense": 8200000,
        "depreciationAndAmortization": 23400000,
        "ebitda": 189400000,
        "ebitdaratio": 0.0360617658,
        "operatingIncome": 167000000,
        "operatingIncomeRatio": 0.0317968051,
        "totalOtherIncomeExpensesNet": -9200000,
        "incomeBeforeTax": 157800000,
        "incomeBeforeTaxRatio": 0.0300451248,
        "incomeTaxExpense": 56600000,
        "netIncome": 101200000,
        "netIncomeRatio": 0.0192684831,
        "eps": 1.28,
        "epsdiluted": 1.25,
        "weightedAverageShsOut": 79300000,
        "weightedAverageShsOutDil": 80800000,
        "link": "https://www.sec.gov/Archives/edgar/data/871763/000087176314000011/0000871763-14-000011-index.htm",
        "finalLink": "https://www.sec.gov/Archives/edgar/data/871763/000087176314000011/form10-k.htm"
    },
    {
        "date": "2013-09-30",
        "symbol": "MAN",
        "reportedCurrency": "USD",
        "cik": "0000871763",
        "fillingDate": "2013-11-01",
        "acceptedDate": "2013-11-01 16:29:57",
        "calendarYear": "2013",
        "period": "Q3",
        "revenue": 5188800000,
        "costOfRevenue": 4335200000,
        "grossProfit": 853600000,
        "grossProfitRatio": 0.1645081714,
        "researchAndDevelopmentExpenses": 0,
        "generalAndAdministrativeExpenses": 691200000,
        "sellingAndMarketingExpenses": 0,
        "sellingGeneralAndAdministrativeExpenses": 691200000,
        "otherExpenses": 0,
        "operatingExpenses": 691200000,
        "costAndExpenses": 5026400000,
        "interestIncome": 900000,
        "interestExpense": 7900000,
        "depreciationAndAmortization": 22900000,
        "ebitda": 193400000,
        "ebitdaratio": 0.0372725871,
        "operatingIncome": 162400000,
        "operatingIncomeRatio": 0.0312981807,
        "totalOtherIncomeExpensesNet": -5400000,
        "incomeBeforeTax": 157000000,
        "incomeBeforeTaxRatio": 0.0302574776,
        "incomeTaxExpense": 62300000,
        "netIncome": 94700000,
        "netIncomeRatio": 0.018250848,
        "eps": 1.21,
        "epsdiluted": 1.18,
        "weightedAverageShsOut": 78400000,
        "weightedAverageShsOutDil": 80000000,
        "link": "https://www.sec.gov/Archives/edgar/data/871763/000087176313000034/0000871763-13-000034-index.htm",
        "finalLink": "https://www.sec.gov/Archives/edgar/data/871763/000087176313000034/form10q.htm"
    },
    {
        "date": "2013-06-30",
        "symbol": "MAN",
        "reportedCurrency": "USD",
        "cik": "0000871763",
        "fillingDate": "2013-08-02",
        "acceptedDate": "2013-08-02 16:33:25",
        "calendarYear": "2013",
        "period": "Q2",
        "revenue": 5040700000,
        "costOfRevenue": 4204300000,
        "grossProfit": 836400000,
        "grossProfitRatio": 0.1659293352,
        "researchAndDevelopmentExpenses": 0,
        "generalAndAdministrativeExpenses": 708300000,
        "sellingAndMarketingExpenses": 0,
        "sellingGeneralAndAdministrativeExpenses": 708300000,
        "otherExpenses": 0,
        "operatingExpenses": 708300000,
        "costAndExpenses": 4912600000,
        "interestIncome": 900000,
        "interestExpense": 10300000,
        "depreciationAndAmortization": 23800000,
        "ebitda": 171900000,
        "ebitdaratio": 0.0341024064,
        "operatingIncome": 128100000,
        "operatingIncomeRatio": 0.0254131371,
        "totalOtherIncomeExpensesNet": -10300000,
        "incomeBeforeTax": 117800000,
        "incomeBeforeTaxRatio": 0.0233697701,
        "incomeTaxExpense": 49600000,
        "netIncome": 68200000,
        "netIncomeRatio": 0.0135298669,
        "eps": 0.88,
        "epsdiluted": 0.87,
        "weightedAverageShsOut": 77400000,
        "weightedAverageShsOutDil": 78600000,
        "link": "https://www.sec.gov/Archives/edgar/data/871763/000087176313000024/0000871763-13-000024-index.htm",
        "finalLink": "https://www.sec.gov/Archives/edgar/data/871763/000087176313000024/form10q.htm"
    },
    {
        "date": "2013-03-31",
        "symbol": "MAN",
        "reportedCurrency": "USD",
        "cik": "0000871763",
        "fillingDate": "2013-05-03",
        "acceptedDate": "2013-05-03 10:36:50",
        "calendarYear": "2013",
        "period": "Q1",
        "revenue": 4768900000,
        "costOfRevenue": 3978800000,
        "grossProfit": 790100000,
        "grossProfitRatio": 0.1656776196,
        "researchAndDevelopmentExpenses": 0,
        "generalAndAdministrativeExpenses": 735700000,
        "sellingAndMarketingExpenses": 0,
        "sellingGeneralAndAdministrativeExpenses": 735700000,
        "otherExpenses": 0,
        "operatingExpenses": 735700000,
        "costAndExpenses": 4714500000,
        "interestIncome": 900000,
        "interestExpense": 10700000,
        "depreciationAndAmortization": 24200000,
        "ebitda": 77800000,
        "ebitdaratio": 0.0163140347,
        "operatingIncome": 54400000,
        "operatingIncomeRatio": 0.0114072428,
        "totalOtherIncomeExpensesNet": -11500000,
        "incomeBeforeTax": 42900000,
        "incomeBeforeTaxRatio": 0.0089957852,
        "incomeTaxExpense": 19000000,
        "netIncome": 23900000,
        "netIncomeRatio": 0.0050116379,
        "eps": 0.31,
        "epsdiluted": 0.31,
        "weightedAverageShsOut": 77100000,
        "weightedAverageShsOutDil": 78200000,
        "link": "https://www.sec.gov/Archives/edgar/data/871763/000087176313000017/0000871763-13-000017-index.htm",
        "finalLink": "https://www.sec.gov/Archives/edgar/data/871763/000087176313000017/form10_q.htm"
    },
    {
        "date": "2012-12-31",
        "symbol": "MAN",
        "reportedCurrency": "USD",
        "cik": "0000871763",
        "fillingDate": "2013-02-22",
        "acceptedDate": "2013-02-22 12:15:59",
        "calendarYear": "2012",
        "period": "Q4",
        "revenue": 5202600000,
        "costOfRevenue": 4325900000,
        "grossProfit": 876700000,
        "grossProfitRatio": 0.1685118979,
        "researchAndDevelopmentExpenses": 0,
        "generalAndAdministrativeExpenses": 771800000,
        "sellingAndMarketingExpenses": 0,
        "sellingGeneralAndAdministrativeExpenses": 771800000,
        "otherExpenses": 0,
        "operatingExpenses": 771800000,
        "costAndExpenses": 5097700000,
        "interestIncome": 1900000,
        "interestExpense": 10700000,
        "depreciationAndAmortization": 25500000,
        "ebitda": 131000000,
        "ebitdaratio": 0.0251797178,
        "operatingIncome": 104900000,
        "operatingIncomeRatio": 0.0201629954,
        "totalOtherIncomeExpensesNet": -10100000,
        "incomeBeforeTax": 94800000,
        "incomeBeforeTaxRatio": 0.0182216584,
        "incomeTaxExpense": 41500000,
        "netIncome": 53300000,
        "netIncomeRatio": 0.0102448776,
        "eps": 0.68,
        "epsdiluted": 0.68,
        "weightedAverageShsOut": 78100000,
        "weightedAverageShsOutDil": 78600000,
        "link": "https://www.sec.gov/Archives/edgar/data/871763/000087176313000006/0000871763-13-000006-index.htm",
        "finalLink": "https://www.sec.gov/Archives/edgar/data/871763/000087176313000006/form_10-k.htm"
    },
    {
        "date": "2012-09-30",
        "symbol": "MAN",
        "reportedCurrency": "USD",
        "cik": "0000871763",
        "fillingDate": "2012-11-02",
        "acceptedDate": "2012-11-02 13:04:14",
        "calendarYear": "2012",
        "period": "Q3",
        "revenue": 5172300000,
        "costOfRevenue": 4316100000,
        "grossProfit": 856200000,
        "grossProfitRatio": 0.1655356418,
        "researchAndDevelopmentExpenses": 0,
        "generalAndAdministrativeExpenses": 737600000,
        "sellingAndMarketingExpenses": 0,
        "sellingGeneralAndAdministrativeExpenses": 737600000,
        "otherExpenses": 0,
        "operatingExpenses": 737600000,
        "costAndExpenses": 5053700000,
        "interestIncome": 1500000,
        "interestExpense": 10100000,
        "depreciationAndAmortization": 25800000,
        "ebitda": 144400000,
        "ebitdaratio": 0.0279179475,
        "operatingIncome": 118600000,
        "operatingIncomeRatio": 0.0229298378,
        "totalOtherIncomeExpensesNet": -10100000,
        "incomeBeforeTax": 108500000,
        "incomeBeforeTaxRatio": 0.0209771282,
        "incomeTaxExpense": 45400000,
        "netIncome": 63100000,
        "netIncomeRatio": 0.0121996017,
        "eps": 0.79,
        "epsdiluted": 0.79,
        "weightedAverageShsOut": 79500000,
        "weightedAverageShsOutDil": 80000000,
        "link": "https://www.sec.gov/Archives/edgar/data/871763/000087176312000040/0000871763-12-000040-index.htm",
        "finalLink": "https://www.sec.gov/Archives/edgar/data/871763/000087176312000040/form10_q.htm"
    },
    {
        "date": "2012-06-30",
        "symbol": "MAN",
        "reportedCurrency": "USD",
        "cik": "0000871763",
        "fillingDate": "2012-08-03",
        "acceptedDate": "2012-08-03 11:04:45",
        "calendarYear": "2012",
        "period": "Q2",
        "revenue": 5206700000,
        "costOfRevenue": 4345000000,
        "grossProfit": 861700000,
        "grossProfitRatio": 0.1654983003,
        "researchAndDevelopmentExpenses": 0,
        "generalAndAdministrativeExpenses": 767300000,
        "sellingAndMarketingExpenses": 0,
        "sellingGeneralAndAdministrativeExpenses": 767300000,
        "otherExpenses": 0,
        "operatingExpenses": 767300000,
        "costAndExpenses": 5112300000,
        "interestIncome": 1400000,
        "interestExpense": 11300000,
        "depreciationAndAmortization": 24900000,
        "ebitda": 119300000,
        "ebitdaratio": 0.0229127854,
        "operatingIncome": 94400000,
        "operatingIncomeRatio": 0.0181304857,
        "totalOtherIncomeExpensesNet": -11300000,
        "incomeBeforeTax": 83100000,
        "incomeBeforeTaxRatio": 0.0159602051,
        "incomeTaxExpense": 42100000,
        "netIncome": 41000000,
        "netIncomeRatio": 0.0078744694,
        "eps": 0.51,
        "epsdiluted": 0.51,
        "weightedAverageShsOut": 80100000,
        "weightedAverageShsOutDil": 80400000,
        "link": "https://www.sec.gov/Archives/edgar/data/871763/000087176312000033/0000871763-12-000033-index.htm",
        "finalLink": "https://www.sec.gov/Archives/edgar/data/871763/000087176312000033/form10-q.htm"
    },
    {
        "date": "2012-03-31",
        "symbol": "MAN",
        "reportedCurrency": "USD",
        "cik": "0000871763",
        "fillingDate": "2012-05-03",
        "acceptedDate": "2012-05-03 15:28:27",
        "calendarYear": "2012",
        "period": "Q1",
        "revenue": 5096400000,
        "costOfRevenue": 4249000000,
        "grossProfit": 847400000,
        "grossProfitRatio": 0.1662742328,
        "researchAndDevelopmentExpenses": 0,
        "generalAndAdministrativeExpenses": 753600000,
        "sellingAndMarketingExpenses": 0,
        "sellingGeneralAndAdministrativeExpenses": 753600000,
        "otherExpenses": 0,
        "operatingExpenses": 753600000,
        "costAndExpenses": 5002600000,
        "interestIncome": 1800000,
        "interestExpense": 11800000,
        "depreciationAndAmortization": 24300000,
        "ebitda": 118100000,
        "ebitdaratio": 0.0231732203,
        "operatingIncome": 93800000,
        "operatingIncomeRatio": 0.0184051487,
        "totalOtherIncomeExpensesNet": -11800000,
        "incomeBeforeTax": 82000000,
        "incomeBeforeTaxRatio": 0.0160897889,
        "incomeTaxExpense": 41800000,
        "netIncome": 40200000,
        "netIncomeRatio": 0.0078879209,
        "eps": 0.5,
        "epsdiluted": 0.5,
        "weightedAverageShsOut": 80200000,
        "weightedAverageShsOutDil": 80900000,
        "link": "https://www.sec.gov/Archives/edgar/data/871763/000087176312000023/0000871763-12-000023-index.htm",
        "finalLink": "https://www.sec.gov/Archives/edgar/data/871763/000087176312000023/form10q.htm"
    },
    {
        "date": "2011-12-31",
        "symbol": "MAN",
        "reportedCurrency": "USD",
        "cik": "0000871763",
        "fillingDate": "2012-02-23",
        "acceptedDate": "2012-02-23 15:38:32",
        "calendarYear": "2011",
        "period": "Q4",
        "revenue": 5484000000,
        "costOfRevenue": 4548800000,
        "grossProfit": 935200000,
        "grossProfitRatio": 0.1705324581,
        "researchAndDevelopmentExpenses": 0,
        "generalAndAdministrativeExpenses": 805400000,
        "sellingAndMarketingExpenses": 0,
        "sellingGeneralAndAdministrativeExpenses": 805400000,
        "otherExpenses": 0,
        "operatingExpenses": 805400000,
        "costAndExpenses": 5354200000,
        "interestIncome": 2300000,
        "interestExpense": 10300000,
        "depreciationAndAmortization": 26100000,
        "ebitda": 155800000,
        "ebitdaratio": 0.0284099198,
        "operatingIncome": 129800000,
        "operatingIncomeRatio": 0.0236688549,
        "totalOtherIncomeExpensesNet": -10400000,
        "incomeBeforeTax": 119400000,
        "incomeBeforeTaxRatio": 0.0217724289,
        "incomeTaxExpense": 55800000,
        "netIncome": 63600000,
        "netIncomeRatio": 0.0115973742,
        "eps": 0.79,
        "epsdiluted": 0.79,
        "weightedAverageShsOut": 80200000,
        "weightedAverageShsOutDil": 80200000,
        "link": "https://www.sec.gov/Archives/edgar/data/871763/000087176312000015/0000871763-12-000015-index.htm",
        "finalLink": "https://www.sec.gov/Archives/edgar/data/871763/000087176312000015/form10k.htm"
    },
    {
        "date": "2011-09-30",
        "symbol": "MAN",
        "reportedCurrency": "USD",
        "cik": "0000871763",
        "fillingDate": "2011-11-04",
        "acceptedDate": "2011-11-04 10:59:40",
        "calendarYear": "2011",
        "period": "Q3",
        "revenue": 5782300000,
        "costOfRevenue": 4831000000,
        "grossProfit": 951300000,
        "grossProfitRatio": 0.1645193089,
        "researchAndDevelopmentExpenses": 0,
        "generalAndAdministrativeExpenses": 793300000,
        "sellingAndMarketingExpenses": 0,
        "sellingGeneralAndAdministrativeExpenses": 793300000,
        "otherExpenses": 0,
        "operatingExpenses": 793300000,
        "costAndExpenses": 5624300000,
        "interestIncome": 2000000,
        "interestExpense": 11000000,
        "depreciationAndAmortization": 26200000,
        "ebitda": 184200000,
        "ebitdaratio": 0.0318558359,
        "operatingIncome": 158000000,
        "operatingIncomeRatio": 0.027324767,
        "totalOtherIncomeExpensesNet": -11000000,
        "incomeBeforeTax": 147000000,
        "incomeBeforeTaxRatio": 0.0254224098,
        "incomeTaxExpense": 67400000,
        "netIncome": 79600000,
        "netIncomeRatio": 0.0137661484,
        "eps": 0.97,
        "epsdiluted": 0.97,
        "weightedAverageShsOut": 81700000,
        "weightedAverageShsOutDil": 82400000,
        "link": "https://www.sec.gov/Archives/edgar/data/871763/000087176311000052/0000871763-11-000052-index.htm",
        "finalLink": "https://www.sec.gov/Archives/edgar/data/871763/000087176311000052/form10q.htm"
    },
    {
        "date": "2011-06-30",
        "symbol": "MAN",
        "reportedCurrency": "USD",
        "cik": "0000871763",
        "fillingDate": "2011-08-04",
        "acceptedDate": "2011-08-04 12:04:02",
        "calendarYear": "2011",
        "period": "Q2",
        "revenue": 5667300000,
        "costOfRevenue": 4705100000,
        "grossProfit": 962200000,
        "grossProfitRatio": 0.1697810245,
        "researchAndDevelopmentExpenses": 0,
        "generalAndAdministrativeExpenses": 811400000,
        "sellingAndMarketingExpenses": 0,
        "sellingGeneralAndAdministrativeExpenses": 811400000,
        "otherExpenses": 0,
        "operatingExpenses": 811400000,
        "costAndExpenses": 5516500000,
        "interestIncome": 1600000,
        "interestExpense": 11800000,
        "depreciationAndAmortization": 26200000,
        "ebitda": 177000000,
        "ebitdaratio": 0.0312318035,
        "operatingIncome": 150800000,
        "operatingIncomeRatio": 0.0266087908,
        "totalOtherIncomeExpensesNet": -11800000,
        "incomeBeforeTax": 139000000,
        "incomeBeforeTaxRatio": 0.0245266705,
        "incomeTaxExpense": 66300000,
        "netIncome": 72700000,
        "netIncomeRatio": 0.012827978,
        "eps": 0.89,
        "epsdiluted": 0.87,
        "weightedAverageShsOut": 82000000,
        "weightedAverageShsOutDil": 83300000,
        "link": "https://www.sec.gov/Archives/edgar/data/871763/000087176311000038/0000871763-11-000038-index.htm",
        "finalLink": "https://www.sec.gov/Archives/edgar/data/871763/000087176311000038/form_10q.htm"
    },
    {
        "date": "2011-03-31",
        "symbol": "MAN",
        "reportedCurrency": "USD",
        "cik": "0000871763",
        "fillingDate": "2011-05-05",
        "acceptedDate": "2011-05-05 12:18:22",
        "calendarYear": "2011",
        "period": "Q1",
        "revenue": 5072400000,
        "costOfRevenue": 4214800000,
        "grossProfit": 857600000,
        "grossProfitRatio": 0.1690718398,
        "researchAndDevelopmentExpenses": 0,
        "generalAndAdministrativeExpenses": 772000000,
        "sellingAndMarketingExpenses": 0,
        "sellingGeneralAndAdministrativeExpenses": 772000000,
        "otherExpenses": 0,
        "operatingExpenses": 772000000,
        "costAndExpenses": 4986800000,
        "interestIncome": 1400000,
        "interestExpense": 10200000,
        "depreciationAndAmortization": 25900000,
        "ebitda": 111500000,
        "ebitdaratio": 0.0219817049,
        "operatingIncome": 85600000,
        "operatingIncomeRatio": 0.0168756407,
        "totalOtherIncomeExpensesNet": -11100000,
        "incomeBeforeTax": 74500000,
        "incomeBeforeTaxRatio": 0.0146873275,
        "incomeTaxExpense": 38800000,
        "netIncome": 35700000,
        "netIncomeRatio": 0.0070380885,
        "eps": 0.44,
        "epsdiluted": 0.43,
        "weightedAverageShsOut": 81900000,
        "weightedAverageShsOutDil": 83600000,
        "link": "https://www.sec.gov/Archives/edgar/data/871763/000087176311000029/0000871763-11-000029-index.htm",
        "finalLink": "https://www.sec.gov/Archives/edgar/data/871763/000087176311000029/form10q.htm"
    },
    {
        "date": "2010-12-31",
        "symbol": "MAN",
        "reportedCurrency": "USD",
        "cik": "0000871763",
        "fillingDate": "2011-02-24",
        "acceptedDate": "2011-02-24 15:58:31",
        "calendarYear": "2010",
        "period": "Q4",
        "revenue": 5209600000,
        "costOfRevenue": 4303900000,
        "grossProfit": 905700000,
        "grossProfitRatio": 0.1738521192,
        "researchAndDevelopmentExpenses": 0,
        "generalAndAdministrativeExpenses": 819500000,
        "sellingAndMarketingExpenses": 0,
        "sellingGeneralAndAdministrativeExpenses": 819500000,
        "otherExpenses": 0,
        "operatingExpenses": 819500000,
        "costAndExpenses": 5123400000,
        "interestIncome": 2000000,
        "interestExpense": 10100000,
        "depreciationAndAmortization": 29900000,
        "ebitda": -312600000,
        "ebitdaratio": -0.0600046069,
        "operatingIncome": -342600000,
        "operatingIncomeRatio": -0.0657632064,
        "totalOtherIncomeExpensesNet": -10000000,
        "incomeBeforeTax": -352600000,
        "incomeBeforeTaxRatio": -0.0676827396,
        "incomeTaxExpense": -2200000,
        "netIncome": -350400000,
        "netIncomeRatio": -0.0672604423,
        "eps": -4.28,
        "epsdiluted": -4.28,
        "weightedAverageShsOut": 81900000,
        "weightedAverageShsOutDil": 81900000,
        "link": "https://www.sec.gov/Archives/edgar/data/871763/000087176311000011/0000871763-11-000011-index.htm",
        "finalLink": "https://www.sec.gov/Archives/edgar/data/871763/000087176311000011/form_10k.htm"
    },
    {
        "date": "2010-09-30",
        "symbol": "MAN",
        "reportedCurrency": "USD",
        "cik": "0000871763",
        "fillingDate": "2010-11-03",
        "acceptedDate": "2010-11-03 09:47:45",
        "calendarYear": "2010",
        "period": "Q3",
        "revenue": 4972000000,
        "costOfRevenue": 4130800000,
        "grossProfit": 841200000,
        "grossProfitRatio": 0.1691874497,
        "researchAndDevelopmentExpenses": 0,
        "generalAndAdministrativeExpenses": 732300000,
        "sellingAndMarketingExpenses": 0,
        "sellingGeneralAndAdministrativeExpenses": 732300000,
        "otherExpenses": 0,
        "operatingExpenses": 732300000,
        "costAndExpenses": 4863100000,
        "interestIncome": 1200000,
        "interestExpense": 8400000,
        "depreciationAndAmortization": 29700000,
        "ebitda": 138600000,
        "ebitdaratio": 0.0278761062,
        "operatingIncome": 108900000,
        "operatingIncomeRatio": 0.0219026549,
        "totalOtherIncomeExpensesNet": -8400000,
        "incomeBeforeTax": 100500000,
        "incomeBeforeTaxRatio": 0.0202131939,
        "incomeTaxExpense": 49200000,
        "netIncome": 51300000,
        "netIncomeRatio": 0.0103177796,
        "eps": 0.63,
        "epsdiluted": 0.62,
        "weightedAverageShsOut": 81900000,
        "weightedAverageShsOutDil": 82700000,
        "link": "https://www.sec.gov/Archives/edgar/data/871763/000087176310000041/0000871763-10-000041-index.htm",
        "finalLink": "https://www.sec.gov/Archives/edgar/data/871763/000087176310000041/form10q.htm"
    },
    {
        "date": "2010-06-30",
        "symbol": "MAN",
        "reportedCurrency": "USD",
        "cik": "0000871763",
        "fillingDate": "2010-08-05",
        "acceptedDate": "2010-08-05 14:26:02",
        "calendarYear": "2010",
        "period": "Q2",
        "revenue": 4585600000,
        "costOfRevenue": 3788600000,
        "grossProfit": 797000000,
        "grossProfitRatio": 0.1738049546,
        "researchAndDevelopmentExpenses": 0,
        "generalAndAdministrativeExpenses": 717900000,
        "sellingAndMarketingExpenses": 0,
        "sellingGeneralAndAdministrativeExpenses": 717900000,
        "otherExpenses": 0,
        "operatingExpenses": 717900000,
        "costAndExpenses": 4506500000,
        "interestIncome": 1400000,
        "interestExpense": 12500000,
        "depreciationAndAmortization": 29100000,
        "ebitda": 108800000,
        "ebitdaratio": 0.023726448,
        "operatingIncome": 79100000,
        "operatingIncomeRatio": 0.0172496511,
        "totalOtherIncomeExpensesNet": -11900000,
        "incomeBeforeTax": 67200000,
        "incomeBeforeTaxRatio": 0.0146545708,
        "incomeTaxExpense": 34500000,
        "netIncome": 32700000,
        "netIncomeRatio": 0.0071310188,
        "eps": 0.4,
        "epsdiluted": 0.4,
        "weightedAverageShsOut": 81500000,
        "weightedAverageShsOutDil": 82500000,
        "link": "https://www.sec.gov/Archives/edgar/data/871763/000087176310000033/0000871763-10-000033-index.htm",
        "finalLink": "https://www.sec.gov/Archives/edgar/data/871763/000087176310000033/form10q.htm"
    },
    {
        "date": "2010-03-31",
        "symbol": "MAN",
        "reportedCurrency": "USD",
        "cik": "0000871763",
        "fillingDate": "2010-04-29",
        "acceptedDate": "2010-04-29 16:53:08",
        "calendarYear": "2010",
        "period": "Q1",
        "revenue": 4099300000,
        "costOfRevenue": 3397800000,
        "grossProfit": 701500000,
        "grossProfitRatio": 0.1711267777,
        "researchAndDevelopmentExpenses": 0,
        "generalAndAdministrativeExpenses": 668900000,
        "sellingAndMarketingExpenses": 0,
        "sellingGeneralAndAdministrativeExpenses": 668900000,
        "otherExpenses": 0,
        "operatingExpenses": 668900000,
        "costAndExpenses": 4066700000,
        "interestIncome": 1600000,
        "interestExpense": 11100000,
        "depreciationAndAmortization": 21400000,
        "ebitda": 55600000,
        "ebitdaratio": 0.0135632913,
        "operatingIncome": 32600000,
        "operatingIncomeRatio": 0.0079525773,
        "totalOtherIncomeExpensesNet": -12900000,
        "incomeBeforeTax": 19700000,
        "incomeBeforeTaxRatio": 0.0048056985,
        "incomeTaxExpense": 16900000,
        "netIncome": 2800000,
        "netIncomeRatio": 0.0006830434,
        "eps": 0.04,
        "epsdiluted": 0.04,
        "weightedAverageShsOut": 78600000,
        "weightedAverageShsOutDil": 79900000,
        "link": "https://www.sec.gov/Archives/edgar/data/871763/000087176310000023/0000871763-10-000023-index.htm",
        "finalLink": "https://www.sec.gov/Archives/edgar/data/871763/000087176310000023/form10q.htm"
    },
    {
        "date": "2009-12-31",
        "symbol": "MAN",
        "reportedCurrency": "USD",
        "cik": "0000871763",
        "fillingDate": "2010-02-19",
        "acceptedDate": "2010-02-19 14:06:55",
        "calendarYear": "2009",
        "period": "Q4",
        "revenue": 4402900000,
        "costOfRevenue": 3656500000,
        "grossProfit": 746400000,
        "grossProfitRatio": 0.1695246315,
        "researchAndDevelopmentExpenses": 0,
        "generalAndAdministrativeExpenses": 713300000,
        "sellingAndMarketingExpenses": 0,
        "sellingGeneralAndAdministrativeExpenses": 713300000,
        "otherExpenses": 0,
        "operatingExpenses": 713300000,
        "costAndExpenses": 4369800000,
        "interestIncome": 2400000,
        "interestExpense": 13200000,
        "depreciationAndAmortization": 24400000,
        "ebitda": 58100000,
        "ebitdaratio": 0.0131958482,
        "operatingIncome": 33100000,
        "operatingIncomeRatio": 0.0075177724,
        "totalOtherIncomeExpensesNet": -12600000,
        "incomeBeforeTax": 20500000,
        "incomeBeforeTaxRatio": 0.0046560222,
        "incomeTaxExpense": 900000,
        "netIncome": 19600000,
        "netIncomeRatio": 0.0044516114,
        "eps": 0.25,
        "epsdiluted": 0.25,
        "weightedAverageShsOut": 78300000,
        "weightedAverageShsOutDil": 78600000,
        "link": "https://www.sec.gov/Archives/edgar/data/871763/000087176310000010/0000871763-10-000010-index.htm",
        "finalLink": "https://www.sec.gov/Archives/edgar/data/871763/000087176310000010/form10-k.htm"
    },
    {
        "date": "2009-09-30",
        "symbol": "MAN",
        "reportedCurrency": "USD",
        "cik": "0000871763",
        "fillingDate": "2009-10-29",
        "acceptedDate": "2009-10-29 11:24:35",
        "calendarYear": "2009",
        "period": "Q3",
        "revenue": 4192100000,
        "costOfRevenue": 3485500000,
        "grossProfit": 706600000,
        "grossProfitRatio": 0.1685551394,
        "researchAndDevelopmentExpenses": 0,
        "generalAndAdministrativeExpenses": 664600000,
        "sellingAndMarketingExpenses": 0,
        "sellingGeneralAndAdministrativeExpenses": 664600000,
        "otherExpenses": 61000000,
        "operatingExpenses": 664600000,
        "costAndExpenses": 4150100000,
        "interestIncome": 1700000,
        "interestExpense": 29300000,
        "depreciationAndAmortization": 25900000,
        "ebitda": -3400000,
        "ebitdaratio": -0.0008110494,
        "operatingIncome": -19000000,
        "operatingIncomeRatio": -0.0045323346,
        "totalOtherIncomeExpensesNet": -31800000,
        "incomeBeforeTax": -48300000,
        "incomeBeforeTaxRatio": -0.0115216717,
        "incomeTaxExpense": 2100000,
        "netIncome": -50400000,
        "netIncomeRatio": -0.012022614,
        "eps": -0.64,
        "epsdiluted": -0.64,
        "weightedAverageShsOut": 78400000,
        "weightedAverageShsOutDil": 78400000,
        "link": "https://www.sec.gov/Archives/edgar/data/871763/000087176309000035/0000871763-09-000035-index.htm",
        "finalLink": "https://www.sec.gov/Archives/edgar/data/871763/000087176309000035/form10q.htm"
    },
    {
        "date": "2009-06-30",
        "symbol": "MAN",
        "reportedCurrency": "USD",
        "cik": "0000871763",
        "fillingDate": "2009-07-31",
        "acceptedDate": "2009-07-31 12:06:01",
        "calendarYear": "2009",
        "period": "Q2",
        "revenue": 3796600000,
        "costOfRevenue": 3101200000,
        "grossProfit": 695400000,
        "grossProfitRatio": 0.1831638835,
        "researchAndDevelopmentExpenses": 0,
        "generalAndAdministrativeExpenses": 673300000,
        "sellingAndMarketingExpenses": 0,
        "sellingGeneralAndAdministrativeExpenses": 673300000,
        "otherExpenses": 0,
        "operatingExpenses": 673300000,
        "costAndExpenses": 3774500000,
        "interestIncome": 3200000,
        "interestExpense": 10800000,
        "depreciationAndAmortization": 23700000,
        "ebitda": 45800000,
        "ebitdaratio": 0.0120634252,
        "operatingIncome": 22100000,
        "operatingIncomeRatio": 0.0058209977,
        "totalOtherIncomeExpensesNet": -13900000,
        "incomeBeforeTax": 11300000,
        "incomeBeforeTaxRatio": 0.0029763473,
        "incomeTaxExpense": -8000000,
        "netIncome": 19300000,
        "netIncomeRatio": 0.0050834958,
        "eps": 0.21,
        "epsdiluted": 0.21,
        "weightedAverageShsOut": 78300000,
        "weightedAverageShsOutDil": 78800000,
        "link": "https://www.sec.gov/Archives/edgar/data/871763/000087176309000027/0000871763-09-000027-index.htm",
        "finalLink": "https://www.sec.gov/Archives/edgar/data/871763/000087176309000027/form10-q.htm"
    },
    {
        "date": "2009-03-31",
        "symbol": "MAN",
        "reportedCurrency": "USD",
        "cik": "0000871763",
        "fillingDate": "2009-05-11",
        "acceptedDate": "2009-05-11 13:14:24",
        "calendarYear": "2009",
        "period": "Q1",
        "revenue": 3647100000,
        "costOfRevenue": 2977300000,
        "grossProfit": 669800000,
        "grossProfitRatio": 0.1836527652,
        "researchAndDevelopmentExpenses": 0,
        "generalAndAdministrativeExpenses": 664300000,
        "sellingAndMarketingExpenses": 0,
        "sellingGeneralAndAdministrativeExpenses": 664300000,
        "otherExpenses": 0,
        "operatingExpenses": 664300000,
        "costAndExpenses": 3641600000,
        "interestIncome": 4400000,
        "interestExpense": 13100000,
        "depreciationAndAmortization": 23200000,
        "ebitda": 25800000,
        "ebitdaratio": 0.0070741137,
        "operatingIncome": 5500000,
        "operatingIncomeRatio": 0.0015080475,
        "totalOtherIncomeExpensesNet": -16000000,
        "incomeBeforeTax": -6400000,
        "incomeBeforeTaxRatio": -0.0017548189,
        "incomeTaxExpense": -8700000,
        "netIncome": 2300000,
        "netIncomeRatio": 0.000630638,
        "eps": -0.02,
        "epsdiluted": -0.02,
        "weightedAverageShsOut": 78100000,
        "weightedAverageShsOutDil": 78100000,
        "link": "https://www.sec.gov/Archives/edgar/data/871763/000087176309000017/0000871763-09-000017-index.htm",
        "finalLink": "https://www.sec.gov/Archives/edgar/data/871763/000087176309000017/form10-q.htm"
    },
    {
        "date": "2008-12-31",
        "symbol": "MAN",
        "reportedCurrency": "USD",
        "cik": "0000871763",
        "fillingDate": "2009-02-20",
        "acceptedDate": "2009-02-20 16:24:16",
        "calendarYear": "2008",
        "period": "Q4",
        "revenue": 4592900000,
        "costOfRevenue": 3639200000,
        "grossProfit": 953700000,
        "grossProfitRatio": 0.2076465849,
        "researchAndDevelopmentExpenses": 0,
        "generalAndAdministrativeExpenses": 804800000,
        "sellingAndMarketingExpenses": 0,
        "sellingGeneralAndAdministrativeExpenses": 804800000,
        "otherExpenses": 0,
        "operatingExpenses": 641700000,
        "costAndExpenses": 4280900000,
        "interestIncome": 0,
        "interestExpense": 12300000,
        "depreciationAndAmortization": 25200000,
        "ebitda": 187100000,
        "ebitdaratio": 0.0407367894,
        "operatingIncome": 148900000,
        "operatingIncomeRatio": 0.0324196042,
        "totalOtherIncomeExpensesNet": -12300000,
        "incomeBeforeTax": 136600000,
        "incomeBeforeTaxRatio": 0.0297415576,
        "incomeTaxExpense": 57400000,
        "netIncome": 79200000,
        "netIncomeRatio": 0.0172440071,
        "eps": 1.01,
        "epsdiluted": 1.01,
        "weightedAverageShsOut": 77500000,
        "weightedAverageShsOutDil": 78100000,
        "link": "https://www.sec.gov/Archives/edgar/data/871763/000087176309000009/0000871763-09-000009-index.htm",
        "finalLink": "https://www.sec.gov/Archives/edgar/data/871763/000087176309000009/form10-k.htm"
    },
    {
        "date": "2008-09-30",
        "symbol": "MAN",
        "reportedCurrency": "USD",
        "cik": "0000871763",
        "fillingDate": "2008-10-28",
        "acceptedDate": "2008-10-28 17:16:54",
        "calendarYear": "2008",
        "period": "Q3",
        "revenue": 5668400000,
        "costOfRevenue": 4640800000,
        "grossProfit": 1027600000,
        "grossProfitRatio": 0.1812857244,
        "researchAndDevelopmentExpenses": 0,
        "generalAndAdministrativeExpenses": 843500000,
        "sellingAndMarketingExpenses": 0,
        "sellingGeneralAndAdministrativeExpenses": 843500000,
        "otherExpenses": 163100000,
        "operatingExpenses": 1006600000,
        "costAndExpenses": 5647400000,
        "interestIncome": 5400000,
        "interestExpense": 13400000,
        "depreciationAndAmortization": 28500000,
        "ebitda": 52300000,
        "ebitdaratio": 0.0092265895,
        "operatingIncome": 21000000,
        "operatingIncomeRatio": 0.0037047491,
        "totalOtherIncomeExpensesNet": -13400000,
        "incomeBeforeTax": 7600000,
        "incomeBeforeTaxRatio": 0.0013407664,
        "incomeTaxExpense": 50800000,
        "netIncome": -43200000,
        "netIncomeRatio": -0.0076211982,
        "eps": -0.55,
        "epsdiluted": -0.55,
        "weightedAverageShsOut": 78600000,
        "weightedAverageShsOutDil": 78600000,
        "link": "https://www.sec.gov/Archives/edgar/data/871763/000119312508218046/0001193125-08-218046-index.htm",
        "finalLink": "https://www.sec.gov/Archives/edgar/data/871763/000119312508218046/d10q.htm"
    },
    {
        "date": "2008-06-30",
        "symbol": "MAN",
        "reportedCurrency": "USD",
        "cik": "0000871763",
        "fillingDate": "2008-08-01",
        "acceptedDate": "2008-08-01 11:30:19",
        "calendarYear": "2008",
        "period": "Q2",
        "revenue": 5904900000,
        "costOfRevenue": 4751300000,
        "grossProfit": 1153600000,
        "grossProfitRatio": 0.195363173,
        "researchAndDevelopmentExpenses": 0,
        "generalAndAdministrativeExpenses": 946300000,
        "sellingAndMarketingExpenses": 0,
        "sellingGeneralAndAdministrativeExpenses": 946300000,
        "otherExpenses": 0,
        "operatingExpenses": 946300000,
        "costAndExpenses": 5697600000,
        "interestIncome": 6000000,
        "interestExpense": 13900000,
        "depreciationAndAmortization": 28700000,
        "ebitda": 239200000,
        "ebitdaratio": 0.04050873,
        "operatingIncome": 207300000,
        "operatingIncomeRatio": 0.035106437,
        "totalOtherIncomeExpensesNet": -13900000,
        "incomeBeforeTax": 193400000,
        "incomeBeforeTaxRatio": 0.0327524598,
        "incomeTaxExpense": 86000000,
        "netIncome": 107400000,
        "netIncomeRatio": 0.0181882843,
        "eps": 1.36,
        "epsdiluted": 1.34,
        "weightedAverageShsOut": 79200000,
        "weightedAverageShsOutDil": 80300000,
        "link": "https://www.sec.gov/Archives/edgar/data/871763/000119312508163497/0001193125-08-163497-index.htm",
        "finalLink": "https://www.sec.gov/Archives/edgar/data/871763/000119312508163497/d10q.htm"
    },
    {
        "date": "2008-03-31",
        "symbol": "MAN",
        "reportedCurrency": "USD",
        "cik": "0000871763",
        "fillingDate": "2008-05-06",
        "acceptedDate": "2008-05-06 11:12:34",
        "calendarYear": "2008",
        "period": "Q1",
        "revenue": 5386600000,
        "costOfRevenue": 4418900000,
        "grossProfit": 967700000,
        "grossProfitRatio": 0.1796495006,
        "researchAndDevelopmentExpenses": 0,
        "generalAndAdministrativeExpenses": 835700000,
        "sellingAndMarketingExpenses": 0,
        "sellingGeneralAndAdministrativeExpenses": 835700000,
        "otherExpenses": 0,
        "operatingExpenses": 835700000,
        "costAndExpenses": 5254600000,
        "interestIncome": 0,
        "interestExpense": 11300000,
        "depreciationAndAmortization": 24700000,
        "ebitda": 156700000,
        "ebitdaratio": 0.0290907066,
        "operatingIncome": 132000000,
        "operatingIncomeRatio": 0.0245052538,
        "totalOtherIncomeExpensesNet": -11300000,
        "incomeBeforeTax": 120700000,
        "incomeBeforeTaxRatio": 0.0224074555,
        "incomeTaxExpense": 45200000,
        "netIncome": 75500000,
        "netIncomeRatio": 0.0140162626,
        "eps": 0.95,
        "epsdiluted": 0.94,
        "weightedAverageShsOut": 79500000,
        "weightedAverageShsOutDil": 80300000,
        "link": "https://www.sec.gov/Archives/edgar/data/871763/000119312508103549/0001193125-08-103549-index.htm",
        "finalLink": "https://www.sec.gov/Archives/edgar/data/871763/000119312508103549/d10q.htm"
    },
    {
        "date": "2007-12-31",
        "symbol": "MAN",
        "reportedCurrency": "USD",
        "cik": "0000871763",
        "fillingDate": "2008-02-25",
        "acceptedDate": "2008-02-25 14:20:29",
        "calendarYear": "2007",
        "period": "Q4",
        "revenue": 5634900000,
        "costOfRevenue": 4584800000,
        "grossProfit": 1050100000,
        "grossProfitRatio": 0.1863564571,
        "researchAndDevelopmentExpenses": 0,
        "generalAndAdministrativeExpenses": 826900000,
        "sellingAndMarketingExpenses": 0,
        "sellingGeneralAndAdministrativeExpenses": 826900000,
        "otherExpenses": 0,
        "operatingExpenses": 826900000,
        "costAndExpenses": 5411700000,
        "interestIncome": 0,
        "interestExpense": 7800000,
        "depreciationAndAmortization": 30800000,
        "ebitda": 254000000,
        "ebitdaratio": 0.0450762214,
        "operatingIncome": 223200000,
        "operatingIncomeRatio": 0.0396102859,
        "totalOtherIncomeExpensesNet": -7800000,
        "incomeBeforeTax": 215400000,
        "incomeBeforeTaxRatio": 0.0382260555,
        "incomeTaxExpense": 82300000,
        "netIncome": 133100000,
        "netIncomeRatio": 0.0236206499,
        "eps": 1.67,
        "epsdiluted": 1.67,
        "weightedAverageShsOut": 79500000,
        "weightedAverageShsOutDil": 79500000,
        "link": "https://www.sec.gov/Archives/edgar/data/871763/000119312508037291/0001193125-08-037291-index.htm",
        "finalLink": "https://www.sec.gov/Archives/edgar/data/871763/000119312508037291/d10k.htm"
    },
    {
        "date": "2007-09-30",
        "symbol": "MAN",
        "reportedCurrency": "USD",
        "cik": "0000871763",
        "fillingDate": "2007-11-08",
        "acceptedDate": "2007-11-08 12:21:02",
        "calendarYear": "2007",
        "period": "Q3",
        "revenue": 5295400000,
        "costOfRevenue": 4321000000,
        "grossProfit": 974400000,
        "grossProfitRatio": 0.1840087623,
        "researchAndDevelopmentExpenses": 0,
        "generalAndAdministrativeExpenses": 752500000,
        "sellingAndMarketingExpenses": 0,
        "sellingGeneralAndAdministrativeExpenses": 752500000,
        "otherExpenses": 0,
        "operatingExpenses": 752500000,
        "costAndExpenses": 5073500000,
        "interestIncome": 0,
        "interestExpense": 9100000,
        "depreciationAndAmortization": 24100000,
        "ebitda": 221900000,
        "ebitdaratio": 0.0419042943,
        "operatingIncome": 221900000,
        "operatingIncomeRatio": 0.0419042943,
        "totalOtherIncomeExpensesNet": -9100000,
        "incomeBeforeTax": 212800000,
        "incomeBeforeTaxRatio": 0.0401858217,
        "incomeTaxExpense": 81100000,
        "netIncome": 131700000,
        "netIncomeRatio": 0.0248706424,
        "eps": 1.59,
        "epsdiluted": 1.57,
        "weightedAverageShsOut": 82700000,
        "weightedAverageShsOutDil": 84100000,
        "link": "https://www.sec.gov/Archives/edgar/data/871763/000119312507239884/0001193125-07-239884-index.htm",
        "finalLink": "https://www.sec.gov/Archives/edgar/data/871763/000119312507239884/d10q.htm"
    },
    {
        "date": "2007-06-30",
        "symbol": "MAN",
        "reportedCurrency": "USD",
        "cik": "0000871763",
        "fillingDate": "2007-07-31",
        "acceptedDate": "2007-07-31 17:20:36",
        "calendarYear": "2007",
        "period": "Q2",
        "revenue": 5034400000,
        "costOfRevenue": 4010300000,
        "grossProfit": 1024100000,
        "grossProfitRatio": 0.2034204672,
        "researchAndDevelopmentExpenses": 0,
        "generalAndAdministrativeExpenses": 747100000,
        "sellingAndMarketingExpenses": 0,
        "sellingGeneralAndAdministrativeExpenses": 747100000,
        "otherExpenses": 0,
        "operatingExpenses": 747100000,
        "costAndExpenses": 4757400000,
        "interestIncome": 0,
        "interestExpense": 7700000,
        "depreciationAndAmortization": 22600000,
        "ebitda": 299600000,
        "ebitdaratio": 0.0595105673,
        "operatingIncome": 277000000,
        "operatingIncomeRatio": 0.0550214524,
        "totalOtherIncomeExpensesNet": -7700000,
        "incomeBeforeTax": 269300000,
        "incomeBeforeTaxRatio": 0.0534919752,
        "incomeTaxExpense": 108900000,
        "netIncome": 160400000,
        "netIncomeRatio": 0.0318607977,
        "eps": 1.9,
        "epsdiluted": 1.86,
        "weightedAverageShsOut": 84400000,
        "weightedAverageShsOutDil": 86200000,
        "link": "https://www.sec.gov/Archives/edgar/data/871763/000119312507166824/0001193125-07-166824-index.htm",
        "finalLink": "https://www.sec.gov/Archives/edgar/data/871763/000119312507166824/d10q.htm"
    },
    {
        "date": "2007-03-31",
        "symbol": "MAN",
        "reportedCurrency": "USD",
        "cik": "0000871763",
        "fillingDate": "2007-05-04",
        "acceptedDate": "2007-05-04 15:54:21",
        "calendarYear": "2007",
        "period": "Q1",
        "revenue": 4535600000,
        "costOfRevenue": 3735600000,
        "grossProfit": 800000000,
        "grossProfitRatio": 0.176382397,
        "researchAndDevelopmentExpenses": 0,
        "generalAndAdministrativeExpenses": 696700000,
        "sellingAndMarketingExpenses": 0,
        "sellingGeneralAndAdministrativeExpenses": 696700000,
        "otherExpenses": 0,
        "operatingExpenses": 696700000,
        "costAndExpenses": 4432300000,
        "interestIncome": 0,
        "interestExpense": 9600000,
        "depreciationAndAmortization": 21500000,
        "ebitda": 124800000,
        "ebitdaratio": 0.0275156539,
        "operatingIncome": 103300000,
        "operatingIncomeRatio": 0.022775377,
        "totalOtherIncomeExpensesNet": -9600000,
        "incomeBeforeTax": 93700000,
        "incomeBeforeTaxRatio": 0.0206587883,
        "incomeTaxExpense": 34200000,
        "netIncome": 59500000,
        "netIncomeRatio": 0.0131184408,
        "eps": 0.7,
        "epsdiluted": 0.69,
        "weightedAverageShsOut": 84900000,
        "weightedAverageShsOutDil": 86500000,
        "link": "https://www.sec.gov/Archives/edgar/data/871763/000119312507102807/0001193125-07-102807-index.htm",
        "finalLink": "https://www.sec.gov/Archives/edgar/data/871763/000119312507102807/d10q.htm"
    },
    {
        "date": "2006-12-31",
        "symbol": "MAN",
        "reportedCurrency": "USD",
        "cik": "0000871763",
        "fillingDate": "2007-02-28",
        "acceptedDate": "2007-02-28 11:47:19",
        "calendarYear": "2006",
        "period": "Q4",
        "revenue": 4547800000,
        "costOfRevenue": 3779800000,
        "grossProfit": 768000000,
        "grossProfitRatio": 0.1688728616,
        "researchAndDevelopmentExpenses": 0,
        "generalAndAdministrativeExpenses": 603600000,
        "sellingAndMarketingExpenses": 0,
        "sellingGeneralAndAdministrativeExpenses": 603600000,
        "otherExpenses": 0,
        "operatingExpenses": 603600000,
        "costAndExpenses": 4383400000,
        "interestIncome": 0,
        "interestExpense": 43400000,
        "depreciationAndAmortization": 23000000,
        "ebitda": 187400000,
        "ebitdaratio": 0.0412067373,
        "operatingIncome": 164400000,
        "operatingIncomeRatio": 0.0361493469,
        "totalOtherIncomeExpensesNet": -43400000,
        "incomeBeforeTax": 121000000,
        "incomeBeforeTaxRatio": 0.0266062712,
        "incomeTaxExpense": 48900000,
        "netIncome": 164400000,
        "netIncomeRatio": 0.0361493469,
        "eps": 0.85,
        "epsdiluted": 0.85,
        "weightedAverageShsOut": 84900000,
        "weightedAverageShsOutDil": 84900000,
        "link": "https://www.sec.gov/Archives/edgar/data/871763/000119312507042164/0001193125-07-042164-index.htm",
        "finalLink": "https://www.sec.gov/Archives/edgar/data/871763/000119312507042164/d10k.htm"
    },
    {
        "date": "2006-09-30",
        "symbol": "MAN",
        "reportedCurrency": "USD",
        "cik": "0000871763",
        "fillingDate": "2006-11-02",
        "acceptedDate": "2006-11-02 15:33:16",
        "calendarYear": "2006",
        "period": "Q3",
        "revenue": 4644800000,
        "costOfRevenue": 3800600000,
        "grossProfit": 844200000,
        "grossProfitRatio": 0.1817516362,
        "researchAndDevelopmentExpenses": 0,
        "generalAndAdministrativeExpenses": 675300000,
        "sellingAndMarketingExpenses": 0,
        "sellingGeneralAndAdministrativeExpenses": 675300000,
        "otherExpenses": 0,
        "operatingExpenses": 675300000,
        "costAndExpenses": 4475900000,
        "interestIncome": 0,
        "interestExpense": 10600000,
        "depreciationAndAmortization": 22000000,
        "ebitda": 185900000,
        "ebitdaratio": 0.0400232518,
        "operatingIncome": 168900000,
        "operatingIncomeRatio": 0.0363632449,
        "totalOtherIncomeExpensesNet": -5600000,
        "incomeBeforeTax": 158300000,
        "incomeBeforeTaxRatio": 0.034081123,
        "incomeTaxExpense": 57700000,
        "netIncome": 100600000,
        "netIncomeRatio": 0.021658629,
        "eps": 1.18,
        "epsdiluted": 1.16,
        "weightedAverageShsOut": 85300000,
        "weightedAverageShsOutDil": 86700000,
        "link": "https://www.sec.gov/Archives/edgar/data/871763/000119312506222009/0001193125-06-222009-index.htm",
        "finalLink": "https://www.sec.gov/Archives/edgar/data/871763/000119312506222009/d10q.htm"
    },
    {
        "date": "2006-06-30",
        "symbol": "MAN",
        "reportedCurrency": "USD",
        "cik": "0000871763",
        "fillingDate": "2006-08-03",
        "acceptedDate": "2006-08-02 17:56:10",
        "calendarYear": "2006",
        "period": "Q2",
        "revenue": 4440000000,
        "costOfRevenue": 3623600000,
        "grossProfit": 816400000,
        "grossProfitRatio": 0.1838738739,
        "researchAndDevelopmentExpenses": 0,
        "generalAndAdministrativeExpenses": 677300000,
        "sellingAndMarketingExpenses": 0,
        "sellingGeneralAndAdministrativeExpenses": 677300000,
        "otherExpenses": 0,
        "operatingExpenses": 677300000,
        "costAndExpenses": 4300900000,
        "interestIncome": 0,
        "interestExpense": 12500000,
        "depreciationAndAmortization": 22000000,
        "ebitda": 160100000,
        "ebitdaratio": 0.0360585586,
        "operatingIncome": 139100000,
        "operatingIncomeRatio": 0.0313288288,
        "totalOtherIncomeExpensesNet": -12500000,
        "incomeBeforeTax": 126600000,
        "incomeBeforeTaxRatio": 0.0285135135,
        "incomeTaxExpense": 46200000,
        "netIncome": 80400000,
        "netIncomeRatio": 0.0181081081,
        "eps": 0.92,
        "epsdiluted": 0.91,
        "weightedAverageShsOut": 87300000,
        "weightedAverageShsOutDil": 88700000,
        "link": "https://www.sec.gov/Archives/edgar/data/871763/000119312506159496/0001193125-06-159496-index.htm",
        "finalLink": "https://www.sec.gov/Archives/edgar/data/871763/000119312506159496/d10q.htm"
    },
    {
        "date": "2006-03-31",
        "symbol": "MAN",
        "reportedCurrency": "USD",
        "cik": "0000871763",
        "fillingDate": "2006-05-01",
        "acceptedDate": "2006-04-28 18:51:31",
        "calendarYear": "2006",
        "period": "Q1",
        "revenue": 3929900000,
        "costOfRevenue": 3212500000,
        "grossProfit": 717400000,
        "grossProfitRatio": 0.1825491743,
        "researchAndDevelopmentExpenses": 0,
        "generalAndAdministrativeExpenses": 657700000,
        "sellingAndMarketingExpenses": 0,
        "sellingGeneralAndAdministrativeExpenses": 657700000,
        "otherExpenses": 0,
        "operatingExpenses": 657700000,
        "costAndExpenses": 3870200000,
        "interestIncome": 0,
        "interestExpense": 0,
        "depreciationAndAmortization": 21800000,
        "ebitda": 81500000,
        "ebitdaratio": 0.0207384412,
        "operatingIncome": 59700000,
        "operatingIncomeRatio": 0.0151912262,
        "totalOtherIncomeExpensesNet": 16300000,
        "incomeBeforeTax": 76000000,
        "incomeBeforeTaxRatio": 0.0193389145,
        "incomeTaxExpense": 23400000,
        "netIncome": 52600000,
        "netIncomeRatio": 0.0133845645,
        "eps": 0.6,
        "epsdiluted": 0.59,
        "weightedAverageShsOut": 87400000,
        "weightedAverageShsOutDil": 88700000,
        "link": "https://www.sec.gov/Archives/edgar/data/871763/000119312506093331/0001193125-06-093331-index.htm",
        "finalLink": "https://www.sec.gov/Archives/edgar/data/871763/000119312506093331/d10q.htm"
    },
    {
        "date": "2005-12-31",
        "symbol": "MAN",
        "reportedCurrency": "USD",
        "cik": "0000871763",
        "fillingDate": "2006-02-28",
        "acceptedDate": "2006-02-28 17:12:20",
        "calendarYear": "2005",
        "period": "Q4",
        "revenue": 4123200000,
        "costOfRevenue": 3352400000,
        "grossProfit": 770800000,
        "grossProfitRatio": 0.1869421808,
        "researchAndDevelopmentExpenses": 0,
        "generalAndAdministrativeExpenses": 638500000,
        "sellingAndMarketingExpenses": 0,
        "sellingGeneralAndAdministrativeExpenses": 638500000,
        "otherExpenses": 0,
        "operatingExpenses": 638500000,
        "costAndExpenses": 3990900000,
        "interestIncome": 0,
        "interestExpense": 6900000,
        "depreciationAndAmortization": 25200000,
        "ebitda": 157500000,
        "ebitdaratio": 0.0381984866,
        "operatingIncome": 132300000,
        "operatingIncomeRatio": 0.0320867288,
        "totalOtherIncomeExpensesNet": -6900000,
        "incomeBeforeTax": 125400000,
        "incomeBeforeTaxRatio": 0.0304132712,
        "incomeTaxExpense": 36300000,
        "netIncome": 89100000,
        "netIncomeRatio": 0.0216094296,
        "eps": 1.02,
        "epsdiluted": 1.02,
        "weightedAverageShsOut": 87200000,
        "weightedAverageShsOutDil": 87400000,
        "link": "https://www.sec.gov/Archives/edgar/data/871763/000119312506041441/0001193125-06-041441-index.htm",
        "finalLink": "https://www.sec.gov/Archives/edgar/data/871763/000119312506041441/d10k.htm"
    },
    {
        "date": "2005-09-30",
        "symbol": "MAN",
        "reportedCurrency": "USD",
        "cik": "0000871763",
        "fillingDate": "2005-10-28",
        "acceptedDate": "2005-10-28 16:34:32",
        "calendarYear": "2005",
        "period": "Q3",
        "revenue": 4144800000,
        "costOfRevenue": 3388200000,
        "grossProfit": 756600000,
        "grossProfitRatio": 0.1825419803,
        "researchAndDevelopmentExpenses": 0,
        "generalAndAdministrativeExpenses": 624600000,
        "sellingAndMarketingExpenses": 0,
        "sellingGeneralAndAdministrativeExpenses": 624600000,
        "otherExpenses": 0,
        "operatingExpenses": 624600000,
        "costAndExpenses": 4012800000,
        "interestIncome": 0,
        "interestExpense": 11900000,
        "depreciationAndAmortization": 22200000,
        "ebitda": 132000000,
        "ebitdaratio": 0.0318471338,
        "operatingIncome": 132000000,
        "operatingIncomeRatio": 0.0318471338,
        "totalOtherIncomeExpensesNet": -11900000,
        "incomeBeforeTax": 120100000,
        "incomeBeforeTaxRatio": 0.0289760664,
        "incomeTaxExpense": 43800000,
        "netIncome": 76300000,
        "netIncomeRatio": 0.0184086084,
        "eps": 0.88,
        "epsdiluted": 0.87,
        "weightedAverageShsOut": 87000000,
        "weightedAverageShsOutDil": 88200000,
        "link": "https://www.sec.gov/Archives/edgar/data/871763/000119312505211148/0001193125-05-211148-index.htm",
        "finalLink": "https://www.sec.gov/Archives/edgar/data/871763/000119312505211148/d10q.htm"
    },
    {
        "date": "2005-06-30",
        "symbol": "MAN",
        "reportedCurrency": "USD",
        "cik": "0000871763",
        "fillingDate": "2005-07-29",
        "acceptedDate": "2005-07-29 15:01:27",
        "calendarYear": "2005",
        "period": "Q2",
        "revenue": 4053700000,
        "costOfRevenue": 3314500000,
        "grossProfit": 739200000,
        "grossProfitRatio": 0.1823519254,
        "researchAndDevelopmentExpenses": 0,
        "generalAndAdministrativeExpenses": 629500000,
        "sellingAndMarketingExpenses": 0,
        "sellingGeneralAndAdministrativeExpenses": 629500000,
        "otherExpenses": 0,
        "operatingExpenses": 629500000,
        "costAndExpenses": 3944000000,
        "interestIncome": 0,
        "interestExpense": 11300000,
        "depreciationAndAmortization": 22400000,
        "ebitda": 132100000,
        "ebitdaratio": 0.0325875126,
        "operatingIncome": 109700000,
        "operatingIncomeRatio": 0.0270616967,
        "totalOtherIncomeExpensesNet": -11300000,
        "incomeBeforeTax": 98400000,
        "incomeBeforeTaxRatio": 0.0242741199,
        "incomeTaxExpense": 35900000,
        "netIncome": 62500000,
        "netIncomeRatio": 0.0154180132,
        "eps": 0.71,
        "epsdiluted": 0.7,
        "weightedAverageShsOut": 88600000,
        "weightedAverageShsOutDil": 89500000,
        "link": "https://www.sec.gov/Archives/edgar/data/871763/000119312505152598/0001193125-05-152598-index.htm",
        "finalLink": "https://www.sec.gov/Archives/edgar/data/871763/000119312505152598/d10q.htm"
    },
    {
        "date": "2005-03-31",
        "symbol": "MAN",
        "reportedCurrency": "USD",
        "cik": "0000871763",
        "fillingDate": "2005-04-29",
        "acceptedDate": "2005-04-29 16:18:49",
        "calendarYear": "2005",
        "period": "Q1",
        "revenue": 3758700000,
        "costOfRevenue": 3076700000,
        "grossProfit": 682000000,
        "grossProfitRatio": 0.1814457126,
        "researchAndDevelopmentExpenses": 0,
        "generalAndAdministrativeExpenses": 619500000,
        "sellingAndMarketingExpenses": 0,
        "sellingGeneralAndAdministrativeExpenses": 619500000,
        "otherExpenses": 0,
        "operatingExpenses": 619500000,
        "costAndExpenses": 3696200000,
        "interestIncome": 0,
        "interestExpense": 11700000,
        "depreciationAndAmortization": 25000000,
        "ebitda": 87500000,
        "ebitdaratio": 0.0232793253,
        "operatingIncome": 62500000,
        "operatingIncomeRatio": 0.0166280895,
        "totalOtherIncomeExpensesNet": -11700000,
        "incomeBeforeTax": 50800000,
        "incomeBeforeTaxRatio": 0.0135153111,
        "incomeTaxExpense": 18600000,
        "netIncome": 32200000,
        "netIncomeRatio": 0.0085667917,
        "eps": 0.36,
        "epsdiluted": 0.35,
        "weightedAverageShsOut": 89800000,
        "weightedAverageShsOutDil": 96900000,
        "link": "https://www.sec.gov/Archives/edgar/data/871763/000119312505090469/0001193125-05-090469-index.htm",
        "finalLink": "https://www.sec.gov/Archives/edgar/data/871763/000119312505090469/d10q.htm"
    },
    {
        "date": "2004-12-31",
        "symbol": "MAN",
        "reportedCurrency": "USD",
        "cik": "0000871763",
        "fillingDate": "2005-02-23",
        "acceptedDate": "2005-02-23 10:01:45",
        "calendarYear": "2004",
        "period": "Q4",
        "revenue": 4072700000,
        "costOfRevenue": 3308500000,
        "grossProfit": 764200000,
        "grossProfitRatio": 0.1876396494,
        "researchAndDevelopmentExpenses": 0,
        "generalAndAdministrativeExpenses": 646700000,
        "sellingAndMarketingExpenses": 0,
        "sellingGeneralAndAdministrativeExpenses": 646700000,
        "otherExpenses": 0,
        "operatingExpenses": 646700000,
        "costAndExpenses": 3955200000,
        "interestIncome": 0,
        "interestExpense": 8900000,
        "depreciationAndAmortization": 25900000,
        "ebitda": 143400000,
        "ebitdaratio": 0.0352100572,
        "operatingIncome": 117500000,
        "operatingIncomeRatio": 0.0288506396,
        "totalOtherIncomeExpensesNet": -8900000,
        "incomeBeforeTax": 108600000,
        "incomeBeforeTaxRatio": 0.0266653571,
        "incomeTaxExpense": 39000000,
        "netIncome": 69600000,
        "netIncomeRatio": 0.0170894002,
        "eps": 0.78,
        "epsdiluted": 0.78,
        "weightedAverageShsOut": 89800000,
        "weightedAverageShsOutDil": 89800000,
        "link": "https://www.sec.gov/Archives/edgar/data/871763/000119312505034776/0001193125-05-034776-index.htm",
        "finalLink": "https://www.sec.gov/Archives/edgar/data/871763/000119312505034776/d10k.htm"
    },
    {
        "date": "2004-09-30",
        "symbol": "MAN",
        "reportedCurrency": "USD",
        "cik": "0000871763",
        "fillingDate": "2004-11-09",
        "acceptedDate": "2004-11-09 17:00:29",
        "calendarYear": "2004",
        "period": "Q3",
        "revenue": 3900800000,
        "costOfRevenue": 3172700000,
        "grossProfit": 728100000,
        "grossProfitRatio": 0.1866540197,
        "researchAndDevelopmentExpenses": 0,
        "generalAndAdministrativeExpenses": 601200000,
        "sellingAndMarketingExpenses": 0,
        "sellingGeneralAndAdministrativeExpenses": 601200000,
        "otherExpenses": 0,
        "operatingExpenses": 601200000,
        "costAndExpenses": 3773900000,
        "interestIncome": 0,
        "interestExpense": 9100000,
        "depreciationAndAmortization": 23100000,
        "ebitda": 150000000,
        "ebitdaratio": 0.0384536505,
        "operatingIncome": 126900000,
        "operatingIncomeRatio": 0.0325317884,
        "totalOtherIncomeExpensesNet": -9100000,
        "incomeBeforeTax": 117800000,
        "incomeBeforeTaxRatio": 0.0301989336,
        "incomeTaxExpense": 34400000,
        "netIncome": 83400000,
        "netIncomeRatio": 0.0213802297,
        "eps": 0.93,
        "epsdiluted": 0.89,
        "weightedAverageShsOut": 90000000,
        "weightedAverageShsOutDil": 93900000,
        "link": "https://www.sec.gov/Archives/edgar/data/871763/000119312504191437/0001193125-04-191437-index.htm",
        "finalLink": "https://www.sec.gov/Archives/edgar/data/871763/000119312504191437/d10q.htm"
    },
    {
        "date": "2004-06-30",
        "symbol": "MAN",
        "reportedCurrency": "USD",
        "cik": "0000871763",
        "fillingDate": "2004-08-04",
        "acceptedDate": "2004-08-04 16:51:13",
        "calendarYear": "2004",
        "period": "Q2",
        "revenue": 3622400000,
        "costOfRevenue": 2943100000,
        "grossProfit": 679300000,
        "grossProfitRatio": 0.187527606,
        "researchAndDevelopmentExpenses": 0,
        "generalAndAdministrativeExpenses": 584100000,
        "sellingAndMarketingExpenses": 0,
        "sellingGeneralAndAdministrativeExpenses": 584100000,
        "otherExpenses": 0,
        "operatingExpenses": 584100000,
        "costAndExpenses": 3527200000,
        "interestIncome": 0,
        "interestExpense": 12300000,
        "depreciationAndAmortization": 23700000,
        "ebitda": 118900000,
        "ebitdaratio": 0.0328235424,
        "operatingIncome": 95200000,
        "operatingIncomeRatio": 0.0262809187,
        "totalOtherIncomeExpensesNet": -12300000,
        "incomeBeforeTax": 82900000,
        "incomeBeforeTaxRatio": 0.0228853799,
        "incomeTaxExpense": 29800000,
        "netIncome": 53100000,
        "netIncomeRatio": 0.0146587898,
        "eps": 0.59,
        "epsdiluted": 0.56,
        "weightedAverageShsOut": 89600000,
        "weightedAverageShsOutDil": 97400000,
        "link": "https://www.sec.gov/Archives/edgar/data/871763/000119312504131408/0001193125-04-131408-index.htm",
        "finalLink": "https://www.sec.gov/Archives/edgar/data/871763/000119312504131408/d10q.htm"
    },
    {
        "date": "2004-03-31",
        "symbol": "MAN",
        "reportedCurrency": "USD",
        "cik": "0000871763",
        "fillingDate": "2004-05-04",
        "acceptedDate": "2004-05-04 13:38:23",
        "calendarYear": "2004",
        "period": "Q1",
        "revenue": 3334100000,
        "costOfRevenue": 2717600000,
        "grossProfit": 616500000,
        "grossProfitRatio": 0.1849074713,
        "researchAndDevelopmentExpenses": 0,
        "generalAndAdministrativeExpenses": 560300000,
        "sellingAndMarketingExpenses": 0,
        "sellingGeneralAndAdministrativeExpenses": 560300000,
        "otherExpenses": 0,
        "operatingExpenses": 560300000,
        "costAndExpenses": 3277900000,
        "interestIncome": 0,
        "interestExpense": 0,
        "depreciationAndAmortization": 21600000,
        "ebitda": 77800000,
        "ebitdaratio": 0.023334633,
        "operatingIncome": 56200000,
        "operatingIncomeRatio": 0.0168561231,
        "totalOtherIncomeExpensesNet": 4000000,
        "incomeBeforeTax": 60200000,
        "incomeBeforeTaxRatio": 0.0180558472,
        "incomeTaxExpense": 20600000,
        "netIncome": 39600000,
        "netIncomeRatio": 0.0118772682,
        "eps": 0.46,
        "epsdiluted": 0.45,
        "weightedAverageShsOut": 85900000,
        "weightedAverageShsOutDil": 87800000,
        "link": "https://www.sec.gov/Archives/edgar/data/871763/000119312504077729/0001193125-04-077729-index.htm",
        "finalLink": "https://www.sec.gov/Archives/edgar/data/871763/000119312504077729/d10q.htm"
    },
    {
        "date": "2003-12-31",
        "symbol": "MAN",
        "reportedCurrency": "USD",
        "cik": "0000871763",
        "fillingDate": "2004-02-24",
        "acceptedDate": "2004-02-24 16:55:57",
        "calendarYear": "2003",
        "period": "Q4",
        "revenue": 3289200000,
        "costOfRevenue": 2689500000,
        "grossProfit": 599700000,
        "grossProfitRatio": 0.1823239694,
        "researchAndDevelopmentExpenses": 0,
        "generalAndAdministrativeExpenses": 510600000,
        "sellingAndMarketingExpenses": 0,
        "sellingGeneralAndAdministrativeExpenses": 510600000,
        "otherExpenses": 0,
        "operatingExpenses": 510600000,
        "costAndExpenses": 3200100000,
        "interestIncome": 0,
        "interestExpense": 0,
        "depreciationAndAmortization": 19900000,
        "ebitda": 109000000,
        "ebitdaratio": 0.0331387571,
        "operatingIncome": 89100000,
        "operatingIncomeRatio": 0.0270886538,
        "totalOtherIncomeExpensesNet": 1990300000,
        "incomeBeforeTax": 2079400000,
        "incomeBeforeTaxRatio": 0.6321901982,
        "incomeTaxExpense": 30600000,
        "netIncome": 49900000,
        "netIncomeRatio": 0.0151708622,
        "eps": 23.85,
        "epsdiluted": 23.85,
        "weightedAverageShsOut": 85900000,
        "weightedAverageShsOutDil": 85900000,
        "link": "https://www.sec.gov/Archives/edgar/data/871763/000119312504028721/0001193125-04-028721-index.htm",
        "finalLink": "https://www.sec.gov/Archives/edgar/data/871763/000119312504028721/d10k.htm"
    },
    {
        "date": "2003-09-30",
        "symbol": "MAN",
        "reportedCurrency": "USD",
        "cik": "0000871763",
        "fillingDate": "2003-11-03",
        "acceptedDate": "2003-11-03 13:50:36",
        "calendarYear": "2003",
        "period": "Q3",
        "revenue": 3203200000,
        "costOfRevenue": 2653600000,
        "grossProfit": 549600000,
        "grossProfitRatio": 0.1715784216,
        "researchAndDevelopmentExpenses": 0,
        "generalAndAdministrativeExpenses": 470800000,
        "sellingAndMarketingExpenses": 0,
        "sellingGeneralAndAdministrativeExpenses": 470800000,
        "otherExpenses": 0,
        "operatingExpenses": 470800000,
        "costAndExpenses": 3124400000,
        "interestIncome": 0,
        "interestExpense": 9400000,
        "depreciationAndAmortization": 16900000,
        "ebitda": 95700000,
        "ebitdaratio": 0.0298763736,
        "operatingIncome": 78800000,
        "operatingIncomeRatio": 0.0246003996,
        "totalOtherIncomeExpensesNet": -9400000,
        "incomeBeforeTax": 69400000,
        "incomeBeforeTaxRatio": 0.0216658342,
        "incomeTaxExpense": 25600000,
        "netIncome": 43800000,
        "netIncomeRatio": 0.0136738262,
        "eps": 0.56,
        "epsdiluted": 0.56,
        "weightedAverageShsOut": 77700000,
        "weightedAverageShsOutDil": 78800000,
        "link": "https://www.sec.gov/Archives/edgar/data/871763/000095013403014313/0000950134-03-014313-index.htm",
        "finalLink": "https://www.sec.gov/Archives/edgar/data/871763/000095013403014313/c80474e10vq.txt"
    },
    {
        "date": "2003-06-30",
        "symbol": "MAN",
        "reportedCurrency": "USD",
        "cik": "0000871763",
        "fillingDate": "2003-08-04",
        "acceptedDate": "2003-08-04 11:45:17",
        "calendarYear": "2003",
        "period": "Q2",
        "revenue": 3013400000,
        "costOfRevenue": 2491900000,
        "grossProfit": 521500000,
        "grossProfitRatio": 0.1730603305,
        "researchAndDevelopmentExpenses": 0,
        "generalAndAdministrativeExpenses": 464500000,
        "sellingAndMarketingExpenses": 0,
        "sellingGeneralAndAdministrativeExpenses": 464500000,
        "otherExpenses": 0,
        "operatingExpenses": 464500000,
        "costAndExpenses": 2956400000,
        "interestIncome": 0,
        "interestExpense": 9200000,
        "depreciationAndAmortization": 17200000,
        "ebitda": 74200000,
        "ebitdaratio": 0.024623349,
        "operatingIncome": 57000000,
        "operatingIncomeRatio": 0.0189155107,
        "totalOtherIncomeExpensesNet": -9200000,
        "incomeBeforeTax": 47800000,
        "incomeBeforeTaxRatio": 0.0158624809,
        "incomeTaxExpense": 18700000,
        "netIncome": 29100000,
        "netIncomeRatio": 0.009656866,
        "eps": 0.38,
        "epsdiluted": 0.37,
        "weightedAverageShsOut": 77500000,
        "weightedAverageShsOutDil": 78300000,
        "link": "https://www.sec.gov/Archives/edgar/data/871763/000095013403010879/0000950134-03-010879-index.htm",
        "finalLink": "https://www.sec.gov/Archives/edgar/data/871763/000095013403010879/c78559e10vq.txt"
    },
    {
        "date": "2003-03-31",
        "symbol": "MAN",
        "reportedCurrency": "USD",
        "cik": "0000871763",
        "fillingDate": "2003-05-05",
        "acceptedDate": "2003-05-05 11:47:05",
        "calendarYear": "2003",
        "period": "Q1",
        "revenue": 2679000000,
        "costOfRevenue": 2213000000,
        "grossProfit": 466000000,
        "grossProfitRatio": 0.1739455021,
        "researchAndDevelopmentExpenses": 0,
        "generalAndAdministrativeExpenses": 433000000,
        "sellingAndMarketingExpenses": 0,
        "sellingGeneralAndAdministrativeExpenses": 433000000,
        "otherExpenses": 0,
        "operatingExpenses": 433000000,
        "costAndExpenses": 2646000000,
        "interestIncome": 0,
        "interestExpense": 8000000,
        "depreciationAndAmortization": 18000000,
        "ebitda": 51000000,
        "ebitdaratio": 0.0190369541,
        "operatingIncome": 33000000,
        "operatingIncomeRatio": 0.0123180291,
        "totalOtherIncomeExpensesNet": -9000000,
        "incomeBeforeTax": 24000000,
        "incomeBeforeTaxRatio": 0.0089585666,
        "incomeTaxExpense": 10000000,
        "netIncome": 15000000,
        "netIncomeRatio": 0.0055991041,
        "eps": 0.19,
        "epsdiluted": 0.19,
        "weightedAverageShsOut": 77300000,
        "weightedAverageShsOutDil": 77900000,
        "link": "https://www.sec.gov/Archives/edgar/data/871763/000095013403007098/0000950134-03-007098-index.htm",
        "finalLink": "https://www.sec.gov/Archives/edgar/data/871763/000095013403007098/c76626e10vq.txt"
    },
    {
        "date": "2002-12-31",
        "symbol": "MAN",
        "reportedCurrency": "USD",
        "cik": "0000871763",
        "fillingDate": "2003-02-27",
        "acceptedDate": "2003-02-27 14:05:41",
        "calendarYear": "2002",
        "period": "Q4",
        "revenue": 2838100000,
        "costOfRevenue": 2322400000,
        "grossProfit": 515700000,
        "grossProfitRatio": 0.181706071,
        "researchAndDevelopmentExpenses": 0,
        "generalAndAdministrativeExpenses": 428600000,
        "sellingAndMarketingExpenses": 0,
        "sellingGeneralAndAdministrativeExpenses": 428600000,
        "otherExpenses": 0,
        "operatingExpenses": 428600000,
        "costAndExpenses": 2751000000,
        "interestIncome": 0,
        "interestExpense": 17900000,
        "depreciationAndAmortization": 23800000,
        "ebitda": 110900000,
        "ebitdaratio": 0.0390754378,
        "operatingIncome": 87100000,
        "operatingIncomeRatio": 0.0306895458,
        "totalOtherIncomeExpensesNet": -17900000,
        "incomeBeforeTax": 69200000,
        "incomeBeforeTaxRatio": 0.0243825094,
        "incomeTaxExpense": 29100000,
        "netIncome": 40100000,
        "netIncomeRatio": 0.0141291709,
        "eps": 0.52,
        "epsdiluted": 0.52,
        "weightedAverageShsOut": 77300000,
        "weightedAverageShsOutDil": 77300000,
        "link": "https://www.sec.gov/Archives/edgar/data/871763/000095013403003159/0000950134-03-003159-index.htm",
        "finalLink": "https://www.sec.gov/Archives/edgar/data/871763/000095013403003159/c75053e10vk.txt"
    },
    {
        "date": "2002-09-30",
        "symbol": "MAN",
        "reportedCurrency": "USD",
        "cik": "0000871763",
        "fillingDate": "2002-11-04",
        "acceptedDate": "2002-11-04 15:49:41",
        "calendarYear": "2002",
        "period": "Q3",
        "revenue": 2885900000,
        "costOfRevenue": 2373600000,
        "grossProfit": 512300000,
        "grossProfitRatio": 0.1775182785,
        "researchAndDevelopmentExpenses": 0,
        "generalAndAdministrativeExpenses": 435100000,
        "sellingAndMarketingExpenses": 0,
        "sellingGeneralAndAdministrativeExpenses": 435100000,
        "otherExpenses": 0,
        "operatingExpenses": 435100000,
        "costAndExpenses": 2808700000,
        "interestIncome": 0,
        "interestExpense": 11300000,
        "depreciationAndAmortization": 16100000,
        "ebitda": 93300000,
        "ebitdaratio": 0.0323296026,
        "operatingIncome": 77200000,
        "operatingIncomeRatio": 0.0267507537,
        "totalOtherIncomeExpensesNet": -11300000,
        "incomeBeforeTax": 65900000,
        "incomeBeforeTaxRatio": 0.0228351641,
        "incomeTaxExpense": 25400000,
        "netIncome": 40500000,
        "netIncomeRatio": 0.0140337503,
        "eps": 0.53,
        "epsdiluted": 0.52,
        "weightedAverageShsOut": 76600000,
        "weightedAverageShsOutDil": 77400000,
        "link": "https://www.sec.gov/Archives/edgar/data/871763/000095013402013315/0000950134-02-013315-index.htm",
        "finalLink": "https://www.sec.gov/Archives/edgar/data/871763/000095013402013315/c72715e10vq.txt"
    },
    {
        "date": "2002-06-30",
        "symbol": "MAN",
        "reportedCurrency": "USD",
        "cik": "0000871763",
        "fillingDate": "2002-08-14",
        "acceptedDate": "2002-08-13 18:30:55",
        "calendarYear": "2002",
        "period": "Q2",
        "revenue": 2602900000,
        "costOfRevenue": 2135300000,
        "grossProfit": 467600000,
        "grossProfitRatio": 0.1796457797,
        "researchAndDevelopmentExpenses": 0,
        "generalAndAdministrativeExpenses": 415800000,
        "sellingAndMarketingExpenses": 0,
        "sellingGeneralAndAdministrativeExpenses": 415800000,
        "otherExpenses": 0,
        "operatingExpenses": 415800000,
        "costAndExpenses": 2551100000,
        "interestIncome": 0,
        "interestExpense": 9600000,
        "depreciationAndAmortization": 17900000,
        "ebitda": 69700000,
        "ebitdaratio": 0.0267778247,
        "operatingIncome": 51800000,
        "operatingIncomeRatio": 0.0199008798,
        "totalOtherIncomeExpensesNet": -9600000,
        "incomeBeforeTax": 42200000,
        "incomeBeforeTaxRatio": 0.0162126859,
        "incomeTaxExpense": 16500000,
        "netIncome": 25700000,
        "netIncomeRatio": 0.0098736025,
        "eps": 0.34,
        "epsdiluted": 0.33,
        "weightedAverageShsOut": 75900000,
        "weightedAverageShsOutDil": 77500000,
        "link": "https://www.sec.gov/Archives/edgar/data/871763/000095013402009799/0000950134-02-009799-index.htm",
        "finalLink": "https://www.sec.gov/Archives/edgar/data/871763/000095013402009799/c71289e10vq.txt"
    },
    {
        "date": "2002-03-31",
        "symbol": "MAN",
        "reportedCurrency": "USD",
        "cik": "0000871763",
        "fillingDate": "2002-05-15",
        "acceptedDate": "2002-05-15 14:13:10",
        "calendarYear": "2002",
        "period": "Q1",
        "revenue": 2284000000,
        "costOfRevenue": 1869200000,
        "grossProfit": 414800000,
        "grossProfitRatio": 0.1816112084,
        "researchAndDevelopmentExpenses": 0,
        "generalAndAdministrativeExpenses": 396100000,
        "sellingAndMarketingExpenses": 0,
        "sellingGeneralAndAdministrativeExpenses": 396100000,
        "otherExpenses": 0,
        "operatingExpenses": 396100000,
        "costAndExpenses": 2265300000,
        "interestIncome": 0,
        "interestExpense": 8000000,
        "depreciationAndAmortization": 14900000,
        "ebitda": 33600000,
        "ebitdaratio": 0.0147110333,
        "operatingIncome": 18700000,
        "operatingIncomeRatio": 0.0081873905,
        "totalOtherIncomeExpensesNet": -8000000,
        "incomeBeforeTax": 10700000,
        "incomeBeforeTaxRatio": 0.0046847636,
        "incomeTaxExpense": 3800000,
        "netIncome": 6900000,
        "netIncomeRatio": 0.0030210158,
        "eps": 0.09,
        "epsdiluted": 0.09,
        "weightedAverageShsOut": 76100000,
        "weightedAverageShsOutDil": 77300000,
        "link": "https://www.sec.gov/Archives/edgar/data/871763/000095012402001831/0000950124-02-001831-index.htm",
        "finalLink": "https://www.sec.gov/Archives/edgar/data/871763/000095012402001831/c69699e10-q.txt"
    },
    {
        "date": "2001-12-31",
        "symbol": "MAN",
        "reportedCurrency": "USD",
        "cik": "0000871763",
        "fillingDate": "2002-04-01",
        "acceptedDate": "2002-04-01 00:00:00",
        "calendarYear": "2001",
        "period": "Q4",
        "revenue": 2536600000,
        "costOfRevenue": 2057200000,
        "grossProfit": 479400000,
        "grossProfitRatio": 0.1889931404,
        "researchAndDevelopmentExpenses": 0,
        "generalAndAdministrativeExpenses": 424600000,
        "sellingAndMarketingExpenses": 0,
        "sellingGeneralAndAdministrativeExpenses": 424600000,
        "otherExpenses": 0,
        "operatingExpenses": 424600000,
        "costAndExpenses": 2481800000,
        "interestIncome": 0,
        "interestExpense": 10800000,
        "depreciationAndAmortization": 17700000,
        "ebitda": 72500000,
        "ebitdaratio": 0.0285815659,
        "operatingIncome": 54800000,
        "operatingIncomeRatio": 0.0216037215,
        "totalOtherIncomeExpensesNet": -10800000,
        "incomeBeforeTax": 44000000,
        "incomeBeforeTaxRatio": 0.0173460538,
        "incomeTaxExpense": 17600000,
        "netIncome": 26400000,
        "netIncomeRatio": 0.0104076323,
        "eps": 0.35,
        "epsdiluted": 0.35,
        "weightedAverageShsOut": 76100000,
        "weightedAverageShsOutDil": 76100000,
        "link": "https://www.sec.gov/Archives/edgar/data/871763/000095012402001155/0000950124-02-001155-index.htm",
        "finalLink": "https://www.sec.gov/Archives/edgar/data/871763/000095012402001155/c68288e10-k405.txt"
    },
    {
        "date": "2001-09-30",
        "symbol": "MAN",
        "reportedCurrency": "USD",
        "cik": "0000871763",
        "fillingDate": "2001-11-14",
        "acceptedDate": "2001-11-14 00:00:00",
        "calendarYear": "2001",
        "period": "Q3",
        "revenue": 2675400000,
        "costOfRevenue": 2170800000,
        "grossProfit": 504600000,
        "grossProfitRatio": 0.1886073111,
        "researchAndDevelopmentExpenses": 0,
        "generalAndAdministrativeExpenses": 436200000,
        "sellingAndMarketingExpenses": 0,
        "sellingGeneralAndAdministrativeExpenses": 436200000,
        "otherExpenses": 0,
        "operatingExpenses": 436200000,
        "costAndExpenses": 2607000000,
        "interestIncome": 0,
        "interestExpense": 10400000,
        "depreciationAndAmortization": 25200000,
        "ebitda": 93600000,
        "ebitdaratio": 0.0349854227,
        "operatingIncome": 68400000,
        "operatingIncomeRatio": 0.0255662705,
        "totalOtherIncomeExpensesNet": -10400000,
        "incomeBeforeTax": 58000000,
        "incomeBeforeTaxRatio": 0.0216790013,
        "incomeTaxExpense": 20900000,
        "netIncome": 37100000,
        "netIncomeRatio": 0.0138670853,
        "eps": 0.49,
        "epsdiluted": 0.48,
        "weightedAverageShsOut": 76000000,
        "weightedAverageShsOutDil": 76900000,
        "link": "https://www.sec.gov/Archives/edgar/data/871763/000095012401504049/0000950124-01-504049-index.htm",
        "finalLink": "https://www.sec.gov/Archives/edgar/data/871763/000095012401504049/c66109e10-q.txt"
    },
    {
        "date": "2001-06-30",
        "symbol": "MAN",
        "reportedCurrency": "USD",
        "cik": "0000871763",
        "fillingDate": "2001-08-13",
        "acceptedDate": "2001-08-13 00:00:00",
        "calendarYear": "2001",
        "period": "Q2",
        "revenue": 2620100000,
        "costOfRevenue": 2131000000,
        "grossProfit": 489100000,
        "grossProfitRatio": 0.1866722644,
        "researchAndDevelopmentExpenses": 0,
        "generalAndAdministrativeExpenses": 426400000,
        "sellingAndMarketingExpenses": 0,
        "sellingGeneralAndAdministrativeExpenses": 426400000,
        "otherExpenses": 0,
        "operatingExpenses": 426400000,
        "costAndExpenses": 2557400000,
        "interestIncome": 0,
        "interestExpense": 8600000,
        "depreciationAndAmortization": 18900000,
        "ebitda": 81600000,
        "ebitdaratio": 0.0311438495,
        "operatingIncome": 62700000,
        "operatingIncomeRatio": 0.0239303843,
        "totalOtherIncomeExpensesNet": -8600000,
        "incomeBeforeTax": 54100000,
        "incomeBeforeTaxRatio": 0.0206480669,
        "incomeTaxExpense": 19500000,
        "netIncome": 34600000,
        "netIncomeRatio": 0.0132056028,
        "eps": 0.46,
        "epsdiluted": 0.45,
        "weightedAverageShsOut": 75800000,
        "weightedAverageShsOutDil": 76900000,
        "link": "https://www.sec.gov/Archives/edgar/data/871763/000095013401505046/0000950134-01-505046-index.htm",
        "finalLink": "https://www.sec.gov/Archives/edgar/data/871763/000095013401505046/c64199e10-q.txt"
    },
    {
        "date": "2001-03-31",
        "symbol": "MAN",
        "reportedCurrency": "USD",
        "cik": "0000871763",
        "fillingDate": "2001-05-14",
        "acceptedDate": "2001-05-14 00:00:00",
        "calendarYear": "2001",
        "period": "Q1",
        "revenue": 2651900000,
        "costOfRevenue": 2149800000,
        "grossProfit": 502100000,
        "grossProfitRatio": 0.1893359478,
        "researchAndDevelopmentExpenses": 0,
        "generalAndAdministrativeExpenses": 431700000,
        "sellingAndMarketingExpenses": 0,
        "sellingGeneralAndAdministrativeExpenses": 431700000,
        "otherExpenses": 36400000,
        "operatingExpenses": 449900000,
        "costAndExpenses": 2599700000,
        "interestIncome": 0,
        "interestExpense": 0,
        "depreciationAndAmortization": 18200000,
        "ebitda": 70400000,
        "ebitdaratio": 0.026547004,
        "operatingIncome": 34000000,
        "operatingIncomeRatio": 0.0128209963,
        "totalOtherIncomeExpensesNet": 7900000,
        "incomeBeforeTax": 41900000,
        "incomeBeforeTaxRatio": 0.0157999925,
        "incomeTaxExpense": 15100000,
        "netIncome": 26800000,
        "netIncomeRatio": 0.0101059618,
        "eps": 0.35,
        "epsdiluted": 0.35,
        "weightedAverageShsOut": 75800000,
        "weightedAverageShsOutDil": 76900000,
        "link": "https://www.sec.gov/Archives/edgar/data/871763/000095012401501044/0000950124-01-501044-index.htm",
        "finalLink": "https://www.sec.gov/Archives/edgar/data/871763/000095012401501044/c62349e10-q.txt"
    },
    {
        "date": "2000-12-31",
        "symbol": "MAN",
        "reportedCurrency": "USD",
        "cik": "0000871763",
        "fillingDate": "2001-04-02",
        "acceptedDate": "2001-04-02 00:00:00",
        "calendarYear": "2000",
        "period": "Q4",
        "revenue": 2739500000,
        "costOfRevenue": 2209100000,
        "grossProfit": 530400000,
        "grossProfitRatio": 0.193611973,
        "researchAndDevelopmentExpenses": 0,
        "generalAndAdministrativeExpenses": 420700000,
        "sellingAndMarketingExpenses": 0,
        "sellingGeneralAndAdministrativeExpenses": 420700000,
        "otherExpenses": 14800000,
        "operatingExpenses": 435500000,
        "costAndExpenses": 2644600000,
        "interestIncome": 0,
        "interestExpense": 12200000,
        "depreciationAndAmortization": 14800000,
        "ebitda": 109700000,
        "ebitdaratio": 0.0400438036,
        "operatingIncome": 94900000,
        "operatingIncomeRatio": 0.0346413579,
        "totalOtherIncomeExpensesNet": -12200000,
        "incomeBeforeTax": 82700000,
        "incomeBeforeTaxRatio": 0.0301879905,
        "incomeTaxExpense": 29200000,
        "netIncome": 53500000,
        "netIncomeRatio": 0.0195291112,
        "eps": 0.71,
        "epsdiluted": 0.71,
        "weightedAverageShsOut": 74654867,
        "weightedAverageShsOutDil": 75800000,
        "link": "https://www.sec.gov/Archives/edgar/data/871763/000095012401001871/0000950124-01-001871-index.htm",
        "finalLink": "https://www.sec.gov/Archives/edgar/data/871763/000095012401001871/c61295e10-k405.txt"
    },
    {
        "date": "2000-09-30",
        "symbol": "MAN",
        "reportedCurrency": "USD",
        "cik": "0000871763",
        "fillingDate": "2000-11-13",
        "acceptedDate": "2000-11-13 00:00:00",
        "calendarYear": "2000",
        "period": "Q3",
        "revenue": 2820900000,
        "costOfRevenue": 2296900000,
        "grossProfit": 524000000,
        "grossProfitRatio": 0.1857563189,
        "researchAndDevelopmentExpenses": 0,
        "generalAndAdministrativeExpenses": 411500000,
        "sellingAndMarketingExpenses": 0,
        "sellingGeneralAndAdministrativeExpenses": 411500000,
        "otherExpenses": 16600000,
        "operatingExpenses": 428100000,
        "costAndExpenses": 2725000000,
        "interestIncome": 0,
        "interestExpense": 12100000,
        "depreciationAndAmortization": 16600000,
        "ebitda": 112500000,
        "ebitdaratio": 0.0398808891,
        "operatingIncome": 95900000,
        "operatingIncomeRatio": 0.0339962423,
        "totalOtherIncomeExpensesNet": -12100000,
        "incomeBeforeTax": 83800000,
        "incomeBeforeTaxRatio": 0.0297068312,
        "incomeTaxExpense": 29700000,
        "netIncome": 54100000,
        "netIncomeRatio": 0.0191782764,
        "eps": 0.71,
        "epsdiluted": 0.7,
        "weightedAverageShsOut": 75800000,
        "weightedAverageShsOutDil": 77100000,
        "link": "https://www.sec.gov/Archives/edgar/data/871763/000089271200000181/0000892712-00-000181-index.htm",
        "finalLink": "https://www.sec.gov/Archives/edgar/data/871763/000089271200000181/0000892712-00-000181-0001.txt"
    },
    {
        "date": "2000-06-30",
        "symbol": "MAN",
        "reportedCurrency": "USD",
        "cik": "0000871763",
        "fillingDate": "2000-08-14",
        "acceptedDate": "2000-08-14 00:00:00",
        "calendarYear": "2000",
        "period": "Q2",
        "revenue": 2714100000,
        "costOfRevenue": 2218800000,
        "grossProfit": 495300000,
        "grossProfitRatio": 0.1824914336,
        "researchAndDevelopmentExpenses": 0,
        "generalAndAdministrativeExpenses": 408100000,
        "sellingAndMarketingExpenses": 0,
        "sellingGeneralAndAdministrativeExpenses": 408100000,
        "otherExpenses": 17500000,
        "operatingExpenses": 425600000,
        "costAndExpenses": 2644400000,
        "interestIncome": 0,
        "interestExpense": 10700000,
        "depreciationAndAmortization": 17500000,
        "ebitda": 87200000,
        "ebitdaratio": 0.0321285141,
        "operatingIncome": 69700000,
        "operatingIncomeRatio": 0.0256807045,
        "totalOtherIncomeExpensesNet": -10700000,
        "incomeBeforeTax": 59000000,
        "incomeBeforeTaxRatio": 0.0217383295,
        "incomeTaxExpense": 21000000,
        "netIncome": 38000000,
        "netIncomeRatio": 0.014000958,
        "eps": 0.5,
        "epsdiluted": 0.49,
        "weightedAverageShsOut": 76000000,
        "weightedAverageShsOutDil": 77100000,
        "link": "https://www.sec.gov/Archives/edgar/data/871763/000089271200000119/0000892712-00-000119-index.htm",
        "finalLink": "https://www.sec.gov/Archives/edgar/data/871763/000089271200000119/0000892712-00-000119-0001.txt"
    },
    {
        "date": "2000-03-31",
        "symbol": "MAN",
        "reportedCurrency": "USD",
        "cik": "0000871763",
        "fillingDate": "2000-05-15",
        "acceptedDate": "2000-05-15 00:00:00",
        "calendarYear": "2000",
        "period": "Q1",
        "revenue": 2568300000,
        "costOfRevenue": 2104400000,
        "grossProfit": 463900000,
        "grossProfitRatio": 0.1806253164,
        "researchAndDevelopmentExpenses": 0,
        "generalAndAdministrativeExpenses": 395500000,
        "sellingAndMarketingExpenses": 0,
        "sellingGeneralAndAdministrativeExpenses": 395500000,
        "otherExpenses": 17900000,
        "operatingExpenses": 413400000,
        "costAndExpenses": 2517800000,
        "interestIncome": 0,
        "interestExpense": 10800000,
        "depreciationAndAmortization": 17900000,
        "ebitda": 68400000,
        "ebitdaratio": 0.0266324028,
        "operatingIncome": 50500000,
        "operatingIncomeRatio": 0.019662812,
        "totalOtherIncomeExpensesNet": -10800000,
        "incomeBeforeTax": 39700000,
        "incomeBeforeTaxRatio": 0.0154576958,
        "incomeTaxExpense": 14100000,
        "netIncome": 25600000,
        "netIncomeRatio": 0.0099676829,
        "eps": 0.34,
        "epsdiluted": 0.33,
        "weightedAverageShsOut": 76100000,
        "weightedAverageShsOutDil": 77200000,
        "link": "https://www.sec.gov/Archives/edgar/data/871763/000095012400003256/0000950124-00-003256-index.html",
        "finalLink": "https://www.sec.gov/Archives/edgar/data/871763/000095012400003256/"
    },
    {
        "date": "1999-12-31",
        "symbol": "MAN",
        "reportedCurrency": "USD",
        "cik": "0000871763",
        "fillingDate": "2000-03-30",
        "acceptedDate": "2000-03-30 00:00:00",
        "calendarYear": "1999",
        "period": "Q4",
        "revenue": 2660500000,
        "costOfRevenue": 2179900000,
        "grossProfit": 480600000,
        "grossProfitRatio": 0.1806427363,
        "researchAndDevelopmentExpenses": 0,
        "generalAndAdministrativeExpenses": 384600000,
        "sellingAndMarketingExpenses": 0,
        "sellingGeneralAndAdministrativeExpenses": 384600000,
        "otherExpenses": 12400000,
        "operatingExpenses": 397000000,
        "costAndExpenses": 2576900000,
        "interestIncome": 0,
        "interestExpense": 7900000,
        "depreciationAndAmortization": 12400000,
        "ebitda": 96000000,
        "ebitdaratio": 0.036083443,
        "operatingIncome": 83600000,
        "operatingIncomeRatio": 0.0314226649,
        "totalOtherIncomeExpensesNet": -7900000,
        "incomeBeforeTax": 75700000,
        "incomeBeforeTaxRatio": 0.0284532983,
        "incomeTaxExpense": 27000000,
        "netIncome": 48700000,
        "netIncomeRatio": 0.0183048299,
        "eps": 0.64,
        "epsdiluted": 0.64,
        "weightedAverageShsOut": 75509120,
        "weightedAverageShsOutDil": 76100000,
        "link": "https://www.sec.gov/Archives/edgar/data/871763/000095012400001839/0000950124-00-001839-index.html",
        "finalLink": "https://www.sec.gov/Archives/edgar/data/871763/000095012400001839/"
    },
    {
        "date": "1999-09-30",
        "symbol": "MAN",
        "reportedCurrency": "USD",
        "cik": "0000871763",
        "fillingDate": "1999-11-15",
        "acceptedDate": "1999-11-15 00:00:00",
        "calendarYear": "1999",
        "period": "Q3",
        "revenue": 2606800000,
        "costOfRevenue": 2136900000,
        "grossProfit": 469900000,
        "grossProfitRatio": 0.1802593218,
        "researchAndDevelopmentExpenses": 0,
        "generalAndAdministrativeExpenses": 368900000,
        "sellingAndMarketingExpenses": 0,
        "sellingGeneralAndAdministrativeExpenses": 368900000,
        "otherExpenses": 18100000,
        "operatingExpenses": 387000000,
        "costAndExpenses": 2523900000,
        "interestIncome": 0,
        "interestExpense": 7100000,
        "depreciationAndAmortization": 18100000,
        "ebitda": 101000000,
        "ebitdaratio": 0.0387448212,
        "operatingIncome": 82900000,
        "operatingIncomeRatio": 0.0318014424,
        "totalOtherIncomeExpensesNet": -7100000,
        "incomeBeforeTax": 75800000,
        "incomeBeforeTaxRatio": 0.0290777965,
        "incomeTaxExpense": 26900000,
        "netIncome": 48900000,
        "netIncomeRatio": 0.0187586313,
        "eps": 0.64,
        "epsdiluted": 0.63,
        "weightedAverageShsOut": 76406250,
        "weightedAverageShsOutDil": 77619048,
        "link": "https://www.sec.gov/Archives/edgar/data/871763/000089271299000177/0000892712-99-000177-index.html",
        "finalLink": "https://www.sec.gov/Archives/edgar/data/871763/000089271299000177/"
    },
    {
        "date": "1999-06-30",
        "symbol": "MAN",
        "reportedCurrency": "USD",
        "cik": "0000871763",
        "fillingDate": "1999-08-16",
        "acceptedDate": "1999-08-16 00:00:00",
        "calendarYear": "1999",
        "period": "Q2",
        "revenue": 2327600000,
        "costOfRevenue": 1907400000,
        "grossProfit": 420200000,
        "grossProfitRatio": 0.1805293006,
        "researchAndDevelopmentExpenses": 0,
        "generalAndAdministrativeExpenses": 377300000,
        "sellingAndMarketingExpenses": 0,
        "sellingGeneralAndAdministrativeExpenses": 377300000,
        "otherExpenses": 15500000,
        "operatingExpenses": 392800000,
        "costAndExpenses": 2300200000,
        "interestIncome": 0,
        "interestExpense": 5000000,
        "depreciationAndAmortization": 15500000,
        "ebitda": 42900000,
        "ebitdaratio": 0.0184310019,
        "operatingIncome": 27400000,
        "operatingIncomeRatio": 0.0117717821,
        "totalOtherIncomeExpensesNet": -5000000,
        "incomeBeforeTax": 22400000,
        "incomeBeforeTaxRatio": 0.0096236467,
        "incomeTaxExpense": -9400000,
        "netIncome": 31800000,
        "netIncomeRatio": 0.0136621413,
        "eps": 0.41,
        "epsdiluted": 0.4,
        "weightedAverageShsOut": 77560976,
        "weightedAverageShsOutDil": 79500000,
        "link": "https://www.sec.gov/Archives/edgar/data/871763/000089271299000132/0000892712-99-000132-index.html",
        "finalLink": "https://www.sec.gov/Archives/edgar/data/871763/000089271299000132/"
    },
    {
        "date": "1999-03-31",
        "symbol": "MAN",
        "reportedCurrency": "USD",
        "cik": "0000871763",
        "fillingDate": "1999-05-17",
        "acceptedDate": "1999-05-17 00:00:00",
        "calendarYear": "1999",
        "period": "Q1",
        "revenue": 2175200000,
        "costOfRevenue": 1777300000,
        "grossProfit": 397900000,
        "grossProfitRatio": 0.182925708,
        "researchAndDevelopmentExpenses": 0,
        "generalAndAdministrativeExpenses": 343400000,
        "sellingAndMarketingExpenses": 0,
        "sellingGeneralAndAdministrativeExpenses": 343400000,
        "otherExpenses": 17700000,
        "operatingExpenses": 361100000,
        "costAndExpenses": 2138400000,
        "interestIncome": 0,
        "interestExpense": 4900000,
        "depreciationAndAmortization": 17700000,
        "ebitda": 54500000,
        "ebitdaratio": 0.0250551673,
        "operatingIncome": 36800000,
        "operatingIncomeRatio": 0.0169179846,
        "totalOtherIncomeExpensesNet": -4900000,
        "incomeBeforeTax": 31900000,
        "incomeBeforeTaxRatio": 0.0146653181,
        "incomeTaxExpense": 11300000,
        "netIncome": 20600000,
        "netIncomeRatio": 0.0094703935,
        "eps": 0.26,
        "epsdiluted": 0.26,
        "weightedAverageShsOut": 79000000,
        "weightedAverageShsOutDil": 79800000,
        "link": "https://www.sec.gov/Archives/edgar/data/871763/000089271299000083/0000892712-99-000083-index.html",
        "finalLink": "https://www.sec.gov/Archives/edgar/data/871763/"
    },
    {
        "date": "1998-12-31",
        "symbol": "MAN",
        "reportedCurrency": "USD",
        "cik": "0000871763",
        "fillingDate": "1999-03-31",
        "acceptedDate": "1999-03-31 00:00:00",
        "calendarYear": "1998",
        "period": "Q4",
        "revenue": 2427600000,
        "costOfRevenue": 1994600000,
        "grossProfit": 433000000,
        "grossProfitRatio": 0.1783654638,
        "researchAndDevelopmentExpenses": 0,
        "generalAndAdministrativeExpenses": 347100000,
        "sellingAndMarketingExpenses": 0,
        "sellingGeneralAndAdministrativeExpenses": 347100000,
        "otherExpenses": 15900000,
        "operatingExpenses": 363000000,
        "costAndExpenses": 2357600000,
        "interestIncome": 0,
        "interestExpense": 97000000,
        "depreciationAndAmortization": 15900000,
        "ebitda": 85900000,
        "ebitdaratio": 0.0353847421,
        "operatingIncome": 70000000,
        "operatingIncomeRatio": 0.0288350634,
        "totalOtherIncomeExpensesNet": -97000000,
        "incomeBeforeTax": -27000000,
        "incomeBeforeTaxRatio": -0.0111220959,
        "incomeTaxExpense": -11900000,
        "netIncome": -15100000,
        "netIncomeRatio": -0.0062201351,
        "eps": -0.19,
        "epsdiluted": -0.19,
        "weightedAverageShsOut": 79230769,
        "weightedAverageShsOutDil": 79230769,
        "link": "https://www.sec.gov/Archives/edgar/data/871763/000095012499002273/0000950124-99-002273-index.html",
        "finalLink": "https://www.sec.gov/Archives/edgar/data/871763/"
    },
    {
        "date": "1998-09-30",
        "symbol": "MAN",
        "reportedCurrency": "USD",
        "cik": "0000871763",
        "fillingDate": "1998-11-12",
        "acceptedDate": "1998-11-12 00:00:00",
        "calendarYear": "1998",
        "period": "Q3",
        "revenue": 2377800000,
        "costOfRevenue": 1966500000,
        "grossProfit": 411300000,
        "grossProfitRatio": 0.1729750189,
        "researchAndDevelopmentExpenses": 0,
        "generalAndAdministrativeExpenses": 327400000,
        "sellingAndMarketingExpenses": 0,
        "sellingGeneralAndAdministrativeExpenses": 327400000,
        "otherExpenses": 13100000,
        "operatingExpenses": 340500000,
        "costAndExpenses": 2307000000,
        "interestIncome": 0,
        "interestExpense": 4300000,
        "depreciationAndAmortization": 13100000,
        "ebitda": 83900000,
        "ebitdaratio": 0.035284717,
        "operatingIncome": 70800000,
        "operatingIncomeRatio": 0.0297754227,
        "totalOtherIncomeExpensesNet": -4300000,
        "incomeBeforeTax": 66500000,
        "incomeBeforeTaxRatio": 0.0279670283,
        "incomeTaxExpense": 23600000,
        "netIncome": 42900000,
        "netIncomeRatio": 0.0180418875,
        "eps": 0.54,
        "epsdiluted": 0.53,
        "weightedAverageShsOut": 79444444,
        "weightedAverageShsOutDil": 80943396,
        "link": "https://www.sec.gov/Archives/edgar/data/871763/000089271298000109/0000892712-98-000109-index.html",
        "finalLink": "https://www.sec.gov/Archives/edgar/data/871763/"
    },
    {
        "date": "1998-06-30",
        "symbol": "MAN",
        "reportedCurrency": "USD",
        "cik": "0000871763",
        "fillingDate": "1998-08-14",
        "acceptedDate": "1998-08-14 00:00:00",
        "calendarYear": "1998",
        "period": "Q2",
        "revenue": 2136100000,
        "costOfRevenue": 1761600000,
        "grossProfit": 374500000,
        "grossProfitRatio": 0.1753195075,
        "researchAndDevelopmentExpenses": 0,
        "generalAndAdministrativeExpenses": 315500000,
        "sellingAndMarketingExpenses": 0,
        "sellingGeneralAndAdministrativeExpenses": 315500000,
        "otherExpenses": 14100000,
        "operatingExpenses": 329600000,
        "costAndExpenses": 2091200000,
        "interestIncome": 0,
        "interestExpense": 4300000,
        "depreciationAndAmortization": 14100000,
        "ebitda": 59000000,
        "ebitdaratio": 0.0276204298,
        "operatingIncome": 44900000,
        "operatingIncomeRatio": 0.0210196152,
        "totalOtherIncomeExpensesNet": -4300000,
        "incomeBeforeTax": 40600000,
        "incomeBeforeTaxRatio": 0.0190066008,
        "incomeTaxExpense": 14400000,
        "netIncome": 26200000,
        "netIncomeRatio": 0.0122653434,
        "eps": 0.32,
        "epsdiluted": 0.32,
        "weightedAverageShsOut": 81875000,
        "weightedAverageShsOutDil": 81875000,
        "link": "https://www.sec.gov/Archives/edgar/data/871763/000089271298000089/0000892712-98-000089-index.html",
        "finalLink": "https://www.sec.gov/Archives/edgar/data/871763/"
    },
    {
        "date": "1998-03-31",
        "symbol": "MAN",
        "reportedCurrency": "USD",
        "cik": "0000871763",
        "fillingDate": "1998-05-15",
        "acceptedDate": "1998-05-15 00:00:00",
        "calendarYear": "1998",
        "period": "Q1",
        "revenue": 1872900000,
        "costOfRevenue": 1533000000,
        "grossProfit": 339900000,
        "grossProfitRatio": 0.1814832613,
        "researchAndDevelopmentExpenses": 0,
        "generalAndAdministrativeExpenses": 290600000,
        "sellingAndMarketingExpenses": 0,
        "sellingGeneralAndAdministrativeExpenses": 290600000,
        "otherExpenses": 12500000,
        "operatingExpenses": 303100000,
        "costAndExpenses": 1836100000,
        "interestIncome": 0,
        "interestExpense": 3200000,
        "depreciationAndAmortization": 12500000,
        "ebitda": 49300000,
        "ebitdaratio": 0.0263228149,
        "operatingIncome": 36800000,
        "operatingIncomeRatio": 0.0196486732,
        "totalOtherIncomeExpensesNet": -3200000,
        "incomeBeforeTax": 33600000,
        "incomeBeforeTaxRatio": 0.0179400929,
        "incomeTaxExpense": 11900000,
        "netIncome": 21700000,
        "netIncomeRatio": 0.01158631,
        "eps": 0.27,
        "epsdiluted": 0.26,
        "weightedAverageShsOut": 80370370,
        "weightedAverageShsOutDil": 83461538,
        "link": "https://www.sec.gov/Archives/edgar/data/871763/000095012498003011/0000950124-98-003011-index.html",
        "finalLink": "https://www.sec.gov/Archives/edgar/data/871763/"
    },
    {
        "date": "1997-12-31",
        "symbol": "MAN",
        "reportedCurrency": "USD",
        "cik": "0000871763",
        "fillingDate": "1998-03-31",
        "acceptedDate": "1998-03-31 00:00:00",
        "calendarYear": "1997",
        "period": "Q4",
        "revenue": 1972300000,
        "costOfRevenue": 1597300000,
        "grossProfit": 375000000,
        "grossProfitRatio": 0.1901333469,
        "researchAndDevelopmentExpenses": 0,
        "generalAndAdministrativeExpenses": 294500000,
        "sellingAndMarketingExpenses": 0,
        "sellingGeneralAndAdministrativeExpenses": 294500000,
        "otherExpenses": 11500000,
        "operatingExpenses": 306000000,
        "costAndExpenses": 1903300000,
        "interestIncome": 0,
        "interestExpense": 3300000,
        "depreciationAndAmortization": 11500000,
        "ebitda": 80500000,
        "ebitdaratio": 0.0408152918,
        "operatingIncome": 69000000,
        "operatingIncomeRatio": 0.0349845358,
        "totalOtherIncomeExpensesNet": -3300000,
        "incomeBeforeTax": 65700000,
        "incomeBeforeTaxRatio": 0.0333113624,
        "incomeTaxExpense": 22000000,
        "netIncome": 43700000,
        "netIncomeRatio": 0.0221568727,
        "eps": 0.54,
        "epsdiluted": 0.54,
        "weightedAverageShsOut": 80370370,
        "weightedAverageShsOutDil": 80370370,
        "link": "https://www.sec.gov/Archives/edgar/data/871763/000095012498001814/0000950124-98-001814-index.html",
        "finalLink": "https://www.sec.gov/Archives/edgar/data/871763/"
    },
    {
        "date": "1997-09-30",
        "symbol": "MAN",
        "reportedCurrency": "USD",
        "cik": "0000871763",
        "fillingDate": "1997-11-13",
        "acceptedDate": "1997-11-13 00:00:00",
        "calendarYear": "1997",
        "period": "Q3",
        "revenue": 1973000000,
        "costOfRevenue": 1611900000,
        "grossProfit": 361100000,
        "grossProfitRatio": 0.1830207805,
        "researchAndDevelopmentExpenses": 0,
        "generalAndAdministrativeExpenses": 267000000,
        "sellingAndMarketingExpenses": 0,
        "sellingGeneralAndAdministrativeExpenses": 267000000,
        "otherExpenses": 10200000,
        "operatingExpenses": 277200000,
        "costAndExpenses": 1889100000,
        "interestIncome": 0,
        "interestExpense": 1100000,
        "depreciationAndAmortization": 10100000,
        "ebitda": 94100000,
        "ebitdaratio": 0.0476938672,
        "operatingIncome": 83900000,
        "operatingIncomeRatio": 0.042524075,
        "totalOtherIncomeExpensesNet": -1100000,
        "incomeBeforeTax": 82800000,
        "incomeBeforeTaxRatio": 0.0419665484,
        "incomeTaxExpense": 30100000,
        "netIncome": 52700000,
        "netIncomeRatio": 0.026710593,
        "eps": 0.63,
        "epsdiluted": 0.63,
        "weightedAverageShsOut": 83650794,
        "weightedAverageShsOutDil": 83650794,
        "link": "https://www.sec.gov/Archives/edgar/data/871763/000089271297000088/0000892712-97-000088-index.html",
        "finalLink": "https://www.sec.gov/Archives/edgar/data/871763/"
    },
    {
        "date": "1997-06-30",
        "symbol": "MAN",
        "reportedCurrency": "USD",
        "cik": "0000871763",
        "fillingDate": "1997-08-13",
        "acceptedDate": "1997-08-13 00:00:00",
        "calendarYear": "1997",
        "period": "Q2",
        "revenue": 1792200000,
        "costOfRevenue": 1462900000,
        "grossProfit": 329300000,
        "grossProfitRatio": 0.1837406539,
        "researchAndDevelopmentExpenses": 0,
        "generalAndAdministrativeExpenses": 257000000,
        "sellingAndMarketingExpenses": 0,
        "sellingGeneralAndAdministrativeExpenses": 257000000,
        "otherExpenses": 10200000,
        "operatingExpenses": 267200000,
        "costAndExpenses": 1730100000,
        "interestIncome": 0,
        "interestExpense": 1100000,
        "depreciationAndAmortization": 10200000,
        "ebitda": 72300000,
        "ebitdaratio": 0.0403414797,
        "operatingIncome": 62100000,
        "operatingIncomeRatio": 0.0346501507,
        "totalOtherIncomeExpensesNet": -1100000,
        "incomeBeforeTax": 61000000,
        "incomeBeforeTaxRatio": 0.0340363799,
        "incomeTaxExpense": 20100000,
        "netIncome": 40900000,
        "netIncomeRatio": 0.0228211137,
        "eps": 0.49,
        "epsdiluted": 0.49,
        "weightedAverageShsOut": 83469388,
        "weightedAverageShsOutDil": 83469388,
        "link": "https://www.sec.gov/Archives/edgar/data/871763/000089271297000053/0000892712-97-000053-index.html",
        "finalLink": "https://www.sec.gov/Archives/edgar/data/871763/"
    },
    {
        "date": "1997-03-31",
        "symbol": "MAN",
        "reportedCurrency": "USD",
        "cik": "0000871763",
        "fillingDate": "1997-05-13",
        "acceptedDate": "1997-05-13 00:00:00",
        "calendarYear": "1997",
        "period": "Q1",
        "revenue": 1521000000,
        "costOfRevenue": 1234500000,
        "grossProfit": 286500000,
        "grossProfitRatio": 0.1883629191,
        "researchAndDevelopmentExpenses": 0,
        "generalAndAdministrativeExpenses": 236300000,
        "sellingAndMarketingExpenses": 0,
        "sellingGeneralAndAdministrativeExpenses": 236300000,
        "otherExpenses": 9800000,
        "operatingExpenses": 246100000,
        "costAndExpenses": 1480600000,
        "interestIncome": 0,
        "interestExpense": 700000,
        "depreciationAndAmortization": 9800000,
        "ebitda": 50200000,
        "ebitdaratio": 0.0330046022,
        "operatingIncome": 40400000,
        "operatingIncomeRatio": 0.0265614727,
        "totalOtherIncomeExpensesNet": -700000,
        "incomeBeforeTax": 39700000,
        "incomeBeforeTaxRatio": 0.0261012492,
        "incomeTaxExpense": 13100000,
        "netIncome": 26600000,
        "netIncomeRatio": 0.0174884944,
        "eps": 0.32,
        "epsdiluted": 0.32,
        "weightedAverageShsOut": 83125000,
        "weightedAverageShsOutDil": 83125000,
        "link": "https://www.sec.gov/Archives/edgar/data/871763/000089271297000032/0000892712-97-000032-index.html",
        "finalLink": "https://www.sec.gov/Archives/edgar/data/871763/"
    },
    {
        "date": "1996-12-31",
        "symbol": "MAN",
        "reportedCurrency": "USD",
        "cik": "0000871763",
        "fillingDate": "1997-03-31",
        "acceptedDate": "1997-03-31 00:00:00",
        "calendarYear": "1996",
        "period": "Q4",
        "revenue": 1615600000,
        "costOfRevenue": 1287700000,
        "grossProfit": 327900000,
        "grossProfitRatio": 0.2029586531,
        "researchAndDevelopmentExpenses": 0,
        "generalAndAdministrativeExpenses": 255000000,
        "sellingAndMarketingExpenses": 0,
        "sellingGeneralAndAdministrativeExpenses": 255000000,
        "otherExpenses": 9100000,
        "operatingExpenses": 264100000,
        "costAndExpenses": 1551800000,
        "interestIncome": 0,
        "interestExpense": 0,
        "depreciationAndAmortization": 9100000,
        "ebitda": 72900000,
        "ebitdaratio": 0.0451225551,
        "operatingIncome": 63800000,
        "operatingIncomeRatio": 0.0394899728,
        "totalOtherIncomeExpensesNet": 6900000,
        "incomeBeforeTax": 70700000,
        "incomeBeforeTaxRatio": 0.0437608319,
        "incomeTaxExpense": 22600000,
        "netIncome": 48100000,
        "netIncomeRatio": 0.0297722208,
        "eps": 0.58,
        "epsdiluted": 0.58,
        "weightedAverageShsOut": 82850084,
        "weightedAverageShsOutDil": 83125000,
        "link": "https://www.sec.gov/Archives/edgar/data/871763/000095013797001357/0000950137-97-001357-index.html",
        "finalLink": "https://www.sec.gov/Archives/edgar/data/871763/"
    },
    {
        "date": "1996-09-30",
        "symbol": "MAN",
        "reportedCurrency": "USD",
        "cik": "0000871763",
        "fillingDate": "1996-11-14",
        "acceptedDate": "1996-11-14 00:00:00",
        "calendarYear": "1996",
        "period": "Q3",
        "revenue": 1694500000,
        "costOfRevenue": 1369600000,
        "grossProfit": 324900000,
        "grossProfitRatio": 0.1917379758,
        "researchAndDevelopmentExpenses": 0,
        "generalAndAdministrativeExpenses": 238200000,
        "sellingAndMarketingExpenses": 0,
        "sellingGeneralAndAdministrativeExpenses": 238200000,
        "otherExpenses": 9600000,
        "operatingExpenses": 247800000,
        "costAndExpenses": 1617400000,
        "interestIncome": 0,
        "interestExpense": 600000,
        "depreciationAndAmortization": 9600000,
        "ebitda": 86700000,
        "ebitdaratio": 0.0511655356,
        "operatingIncome": 77100000,
        "operatingIncomeRatio": 0.0455001475,
        "totalOtherIncomeExpensesNet": -600000,
        "incomeBeforeTax": 76500000,
        "incomeBeforeTaxRatio": 0.0451460608,
        "incomeTaxExpense": 24100000,
        "netIncome": 52400000,
        "netIncomeRatio": 0.0309235763,
        "eps": 0.63,
        "epsdiluted": 0.63,
        "weightedAverageShsOut": 83174603,
        "weightedAverageShsOutDil": 83174603,
        "link": "https://www.sec.gov/Archives/edgar/data/871763/000089271296000070/0000892712-96-000070-index.html",
        "finalLink": "https://www.sec.gov/Archives/edgar/data/871763/"
    },
    {
        "date": "1996-06-30",
        "symbol": "MAN",
        "reportedCurrency": "USD",
        "cik": "0000871763",
        "fillingDate": "1996-08-14",
        "acceptedDate": "1996-08-14 00:00:00",
        "calendarYear": "1996",
        "period": "Q2",
        "revenue": 1460600000,
        "costOfRevenue": 1182700000,
        "grossProfit": 277900000,
        "grossProfitRatio": 0.190264275,
        "researchAndDevelopmentExpenses": 0,
        "generalAndAdministrativeExpenses": 0,
        "sellingAndMarketingExpenses": 0,
        "sellingGeneralAndAdministrativeExpenses": 218600000,
        "otherExpenses": 8700000,
        "operatingExpenses": 227300000,
        "costAndExpenses": 1410000000,
        "interestIncome": 0,
        "interestExpense": 0,
        "depreciationAndAmortization": 8700000,
        "ebitda": 59300000,
        "ebitdaratio": 0.0405997535,
        "operatingIncome": 50600000,
        "operatingIncomeRatio": 0.0346432973,
        "totalOtherIncomeExpensesNet": 8800000,
        "incomeBeforeTax": 59400000,
        "incomeBeforeTaxRatio": 0.0406682185,
        "incomeTaxExpense": 20800000,
        "netIncome": 38600000,
        "netIncomeRatio": 0.0264274955,
        "eps": 0.46,
        "epsdiluted": 0.46,
        "weightedAverageShsOut": 83913043,
        "weightedAverageShsOutDil": 83913043,
        "link": "https://www.sec.gov/Archives/edgar/data/871763/000089271296000043/0000892712-96-000043-index.html",
        "finalLink": "https://www.sec.gov/Archives/edgar/data/871763/"
    },
    {
        "date": "1996-03-31",
        "symbol": "MAN",
        "reportedCurrency": "USD",
        "cik": "0000871763",
        "fillingDate": "1996-03-31",
        "acceptedDate": "1996-03-31 00:00:00",
        "calendarYear": "1996",
        "period": "Q1",
        "revenue": 1309200000,
        "costOfRevenue": 1056300000,
        "grossProfit": 252900000,
        "grossProfitRatio": 0.1931714024,
        "researchAndDevelopmentExpenses": 0,
        "generalAndAdministrativeExpenses": 0,
        "sellingAndMarketingExpenses": 0,
        "sellingGeneralAndAdministrativeExpenses": 209200000,
        "otherExpenses": 8200000,
        "operatingExpenses": 217400000,
        "costAndExpenses": 1273700000,
        "interestIncome": 0,
        "interestExpense": 0,
        "depreciationAndAmortization": 8200000,
        "ebitda": 43700000,
        "ebitdaratio": 0.0333791628,
        "operatingIncome": 35500000,
        "operatingIncomeRatio": 0.0271157959,
        "totalOtherIncomeExpensesNet": 200000,
        "incomeBeforeTax": 35700000,
        "incomeBeforeTaxRatio": 0.027268561,
        "incomeTaxExpense": 12500000,
        "netIncome": 23200000,
        "netIncomeRatio": 0.0177207455,
        "eps": 0.28,
        "epsdiluted": 0.28,
        "weightedAverageShsOut": 82857143,
        "weightedAverageShsOutDil": 82857143,
        "link": null,
        "finalLink": null
    },
    {
        "date": "1995-12-31",
        "symbol": "MAN",
        "reportedCurrency": "USD",
        "cik": "0000871763",
        "fillingDate": "1995-12-31",
        "acceptedDate": "1995-12-31 00:00:00",
        "calendarYear": "1995",
        "period": "Q4",
        "revenue": 1392600000,
        "costOfRevenue": 1123100000,
        "grossProfit": 269500000,
        "grossProfitRatio": 0.1935229068,
        "researchAndDevelopmentExpenses": 0,
        "generalAndAdministrativeExpenses": 0,
        "sellingAndMarketingExpenses": 0,
        "sellingGeneralAndAdministrativeExpenses": 207200000,
        "otherExpenses": 6600000,
        "operatingExpenses": 213800000,
        "costAndExpenses": 1336900000,
        "interestIncome": 0,
        "interestExpense": 0,
        "depreciationAndAmortization": 6600000,
        "ebitda": 62300000,
        "ebitdaratio": 0.0447364642,
        "operatingIncome": 55700000,
        "operatingIncomeRatio": 0.0399971277,
        "totalOtherIncomeExpensesNet": 500000,
        "incomeBeforeTax": 56200000,
        "incomeBeforeTaxRatio": 0.0403561683,
        "incomeTaxExpense": 19700000,
        "netIncome": 36500000,
        "netIncomeRatio": 0.026209967,
        "eps": 0.48,
        "epsdiluted": 0.48,
        "weightedAverageShsOut": 76011905,
        "weightedAverageShsOutDil": 76271186,
        "link": null,
        "finalLink": null
    },
    {
        "date": "1995-09-30",
        "symbol": "MAN",
        "reportedCurrency": "USD",
        "cik": "0000871763",
        "fillingDate": "1995-09-30",
        "acceptedDate": "1995-09-30 00:00:00",
        "calendarYear": "1995",
        "period": "Q3",
        "revenue": 1520900000,
        "costOfRevenue": 1236500000,
        "grossProfit": 284400000,
        "grossProfitRatio": 0.1869945427,
        "researchAndDevelopmentExpenses": 0,
        "generalAndAdministrativeExpenses": 0,
        "sellingAndMarketingExpenses": 0,
        "sellingGeneralAndAdministrativeExpenses": 203500000,
        "otherExpenses": 6400000,
        "operatingExpenses": 209900000,
        "costAndExpenses": 1446400000,
        "interestIncome": 0,
        "interestExpense": 2400000,
        "depreciationAndAmortization": 6400000,
        "ebitda": 80900000,
        "ebitdaratio": 0.0531921888,
        "operatingIncome": 74500000,
        "operatingIncomeRatio": 0.0489841541,
        "totalOtherIncomeExpensesNet": -2400000,
        "incomeBeforeTax": 72100000,
        "incomeBeforeTaxRatio": 0.0474061411,
        "incomeTaxExpense": 27100000,
        "netIncome": 45000000,
        "netIncomeRatio": 0.0295877441,
        "eps": 0.59,
        "epsdiluted": 0.59,
        "weightedAverageShsOut": 76271186,
        "weightedAverageShsOutDil": 76271186,
        "link": null,
        "finalLink": null
    },
    {
        "date": "1995-06-30",
        "symbol": "MAN",
        "reportedCurrency": "USD",
        "cik": "0000871763",
        "fillingDate": "1995-06-30",
        "acceptedDate": "1995-06-30 00:00:00",
        "calendarYear": "1995",
        "period": "Q2",
        "revenue": 1371100000,
        "costOfRevenue": 1118800000,
        "grossProfit": 252300000,
        "grossProfitRatio": 0.1840128364,
        "researchAndDevelopmentExpenses": 0,
        "generalAndAdministrativeExpenses": 0,
        "sellingAndMarketingExpenses": 0,
        "sellingGeneralAndAdministrativeExpenses": 195100000,
        "otherExpenses": 7900000,
        "operatingExpenses": 203000000,
        "costAndExpenses": 1321800000,
        "interestIncome": 0,
        "interestExpense": 3500000,
        "depreciationAndAmortization": 7900000,
        "ebitda": 57200000,
        "ebitdaratio": 0.0417183283,
        "operatingIncome": 49300000,
        "operatingIncomeRatio": 0.0359565313,
        "totalOtherIncomeExpensesNet": -3500000,
        "incomeBeforeTax": 45800000,
        "incomeBeforeTaxRatio": 0.0334038363,
        "incomeTaxExpense": 17600000,
        "netIncome": 28200000,
        "netIncomeRatio": 0.0205674276,
        "eps": 0.37,
        "epsdiluted": 0.37,
        "weightedAverageShsOut": 76216216,
        "weightedAverageShsOutDil": 76216216,
        "link": null,
        "finalLink": null
    },
    {
        "date": "1995-03-31",
        "symbol": "MAN",
        "reportedCurrency": "USD",
        "cik": "0000871763",
        "fillingDate": "1995-03-31",
        "acceptedDate": "1995-03-31 00:00:00",
        "calendarYear": "1995",
        "period": "Q1",
        "revenue": 1199600000,
        "costOfRevenue": 977200000,
        "grossProfit": 222400000,
        "grossProfitRatio": 0.1853951317,
        "researchAndDevelopmentExpenses": 0,
        "generalAndAdministrativeExpenses": 0,
        "sellingAndMarketingExpenses": 0,
        "sellingGeneralAndAdministrativeExpenses": 183400000,
        "otherExpenses": 6900000,
        "operatingExpenses": 190300000,
        "costAndExpenses": 1167500000,
        "interestIncome": 0,
        "interestExpense": 2500000,
        "depreciationAndAmortization": 6900000,
        "ebitda": 39000000,
        "ebitdaratio": 0.0325108369,
        "operatingIncome": 32100000,
        "operatingIncomeRatio": 0.0267589196,
        "totalOtherIncomeExpensesNet": -2500000,
        "incomeBeforeTax": 29600000,
        "incomeBeforeTaxRatio": 0.0246748916,
        "incomeTaxExpense": 11400000,
        "netIncome": 18200000,
        "netIncomeRatio": 0.0151717239,
        "eps": 0.24,
        "epsdiluted": 0.24,
        "weightedAverageShsOut": 75833333,
        "weightedAverageShsOutDil": 75833333,
        "link": null,
        "finalLink": null
    },
    {
        "date": "1994-12-31",
        "symbol": "MAN",
        "reportedCurrency": "USD",
        "cik": "0000871763",
        "fillingDate": "1994-12-31",
        "acceptedDate": "1994-12-31 00:00:00",
        "calendarYear": "1994",
        "period": "Q4",
        "revenue": 1255700000,
        "costOfRevenue": 1017700000,
        "grossProfit": 238000000,
        "grossProfitRatio": 0.1895357171,
        "researchAndDevelopmentExpenses": 0,
        "generalAndAdministrativeExpenses": 0,
        "sellingAndMarketingExpenses": 0,
        "sellingGeneralAndAdministrativeExpenses": 183000000,
        "otherExpenses": 7000000,
        "operatingExpenses": 190000000,
        "costAndExpenses": 1207700000,
        "interestIncome": 0,
        "interestExpense": 4700000,
        "depreciationAndAmortization": 7000000,
        "ebitda": 55000000,
        "ebitdaratio": 0.0438002708,
        "operatingIncome": 48000000,
        "operatingIncomeRatio": 0.0382256908,
        "totalOtherIncomeExpensesNet": -4700000,
        "incomeBeforeTax": 43300000,
        "incomeBeforeTaxRatio": 0.0344827586,
        "incomeTaxExpense": 16400000,
        "netIncome": 26900000,
        "netIncomeRatio": 0.0214223142,
        "eps": 0.36,
        "epsdiluted": 0.36,
        "weightedAverageShsOut": 74642857,
        "weightedAverageShsOutDil": 74666667,
        "link": null,
        "finalLink": null
    },
    {
        "date": "1994-09-30",
        "symbol": "MAN",
        "reportedCurrency": "USD",
        "cik": "0000871763",
        "fillingDate": "1994-09-30",
        "acceptedDate": "1994-09-30 00:00:00",
        "calendarYear": "1994",
        "period": "Q3",
        "revenue": 1241300000,
        "costOfRevenue": 1010300000,
        "grossProfit": 231000000,
        "grossProfitRatio": 0.1860952228,
        "researchAndDevelopmentExpenses": 0,
        "generalAndAdministrativeExpenses": 0,
        "sellingAndMarketingExpenses": 0,
        "sellingGeneralAndAdministrativeExpenses": 165700000,
        "otherExpenses": 7200000,
        "operatingExpenses": 172900000,
        "costAndExpenses": 1183200000,
        "interestIncome": 0,
        "interestExpense": 4200000,
        "depreciationAndAmortization": 7200000,
        "ebitda": 65300000,
        "ebitdaratio": 0.0526061387,
        "operatingIncome": 58100000,
        "operatingIncomeRatio": 0.0468057681,
        "totalOtherIncomeExpensesNet": -4200000,
        "incomeBeforeTax": 53900000,
        "incomeBeforeTaxRatio": 0.0434222186,
        "incomeTaxExpense": 20300000,
        "netIncome": 33600000,
        "netIncomeRatio": 0.027068396,
        "eps": 0.45,
        "epsdiluted": 0.45,
        "weightedAverageShsOut": 74666667,
        "weightedAverageShsOutDil": 74666667,
        "link": null,
        "finalLink": null
    },
    {
        "date": "1994-06-30",
        "symbol": "MAN",
        "reportedCurrency": "USD",
        "cik": "0000871763",
        "fillingDate": "1994-06-30",
        "acceptedDate": "1994-06-30 00:00:00",
        "calendarYear": "1994",
        "period": "Q2",
        "revenue": 988000000,
        "costOfRevenue": 799100000,
        "grossProfit": 188900000,
        "grossProfitRatio": 0.191194332,
        "researchAndDevelopmentExpenses": 0,
        "generalAndAdministrativeExpenses": 0,
        "sellingAndMarketingExpenses": 0,
        "sellingGeneralAndAdministrativeExpenses": 149700000,
        "otherExpenses": 7000000,
        "operatingExpenses": 156700000,
        "costAndExpenses": 955800000,
        "interestIncome": 0,
        "interestExpense": 3400000,
        "depreciationAndAmortization": 7000000,
        "ebitda": 39200000,
        "ebitdaratio": 0.0396761134,
        "operatingIncome": 32200000,
        "operatingIncomeRatio": 0.0325910931,
        "totalOtherIncomeExpensesNet": -3400000,
        "incomeBeforeTax": 28800000,
        "incomeBeforeTaxRatio": 0.0291497976,
        "incomeTaxExpense": 11700000,
        "netIncome": 17100000,
        "netIncomeRatio": 0.0173076923,
        "eps": 0.23,
        "epsdiluted": 0.23,
        "weightedAverageShsOut": 74347826,
        "weightedAverageShsOutDil": 74347826,
        "link": null,
        "finalLink": null
    },
    {
        "date": "1994-03-31",
        "symbol": "MAN",
        "reportedCurrency": "USD",
        "cik": "0000871763",
        "fillingDate": "1994-03-31",
        "acceptedDate": "1994-03-31 00:00:00",
        "calendarYear": "1994",
        "period": "Q1",
        "revenue": 811500000,
        "costOfRevenue": 652000000,
        "grossProfit": 159500000,
        "grossProfitRatio": 0.1965495995,
        "researchAndDevelopmentExpenses": 0,
        "generalAndAdministrativeExpenses": 0,
        "sellingAndMarketingExpenses": 0,
        "sellingGeneralAndAdministrativeExpenses": 139500000,
        "otherExpenses": 6500000,
        "operatingExpenses": 146000000,
        "costAndExpenses": 798000000,
        "interestIncome": 0,
        "interestExpense": 2900000,
        "depreciationAndAmortization": 6500000,
        "ebitda": 20000000,
        "ebitdaratio": 0.0246457178,
        "operatingIncome": 13500000,
        "operatingIncomeRatio": 0.0166358595,
        "totalOtherIncomeExpensesNet": -2900000,
        "incomeBeforeTax": 10600000,
        "incomeBeforeTaxRatio": 0.0130622304,
        "incomeTaxExpense": 4300000,
        "netIncome": 6300000,
        "netIncomeRatio": 0.0077634011,
        "eps": 0.08,
        "epsdiluted": 0.08,
        "weightedAverageShsOut": 78750000,
        "weightedAverageShsOutDil": 78750000,
        "link": null,
        "finalLink": null
    },
    {
        "date": "1993-12-31",
        "symbol": "MAN",
        "reportedCurrency": "USD",
        "cik": "0000871763",
        "fillingDate": "1993-12-31",
        "acceptedDate": "1993-12-31 00:00:00",
        "calendarYear": "1993",
        "period": "Q4",
        "revenue": 826300000,
        "costOfRevenue": 657600000,
        "grossProfit": 168700000,
        "grossProfitRatio": 0.2041631369,
        "researchAndDevelopmentExpenses": 0,
        "generalAndAdministrativeExpenses": 0,
        "sellingAndMarketingExpenses": 0,
        "sellingGeneralAndAdministrativeExpenses": 139600000,
        "otherExpenses": 20100000,
        "operatingExpenses": 159700000,
        "costAndExpenses": 817300000,
        "interestIncome": 0,
        "interestExpense": 2600000,
        "depreciationAndAmortization": 20100000,
        "ebitda": 29100000,
        "ebitdaratio": 0.0352172335,
        "operatingIncome": 9000000,
        "operatingIncomeRatio": 0.0108919279,
        "totalOtherIncomeExpensesNet": -2600000,
        "incomeBeforeTax": 6400000,
        "incomeBeforeTaxRatio": 0.0077453709,
        "incomeTaxExpense": 2100000,
        "netIncome": 4300000,
        "netIncomeRatio": 0.0052039211,
        "eps": 0.0591,
        "epsdiluted": 0.0591,
        "weightedAverageShsOut": 72812500,
        "weightedAverageShsOutDil": 72812500,
        "link": null,
        "finalLink": null
    },
    {
        "date": "1993-09-30",
        "symbol": "MAN",
        "reportedCurrency": "USD",
        "cik": "0000871763",
        "fillingDate": "1993-09-30",
        "acceptedDate": "1993-09-30 00:00:00",
        "calendarYear": "1993",
        "period": "Q3",
        "revenue": 875400000,
        "costOfRevenue": 681600000,
        "grossProfit": 193800000,
        "grossProfitRatio": 0.2213845099,
        "researchAndDevelopmentExpenses": 0,
        "generalAndAdministrativeExpenses": 0,
        "sellingAndMarketingExpenses": 0,
        "sellingGeneralAndAdministrativeExpenses": 156200000,
        "otherExpenses": 46100000,
        "operatingExpenses": 202300000,
        "costAndExpenses": 883900000,
        "interestIncome": 0,
        "interestExpense": 3400000,
        "depreciationAndAmortization": 25300000,
        "ebitda": 37600000,
        "ebitdaratio": 0.0429517935,
        "operatingIncome": -8500000,
        "operatingIncomeRatio": -0.0097098469,
        "totalOtherIncomeExpensesNet": -3400000,
        "incomeBeforeTax": -11900000,
        "incomeBeforeTaxRatio": -0.0135937857,
        "incomeTaxExpense": 11400000,
        "netIncome": -23300000,
        "netIncomeRatio": -0.0266164039,
        "eps": -0.32,
        "epsdiluted": -0.32,
        "weightedAverageShsOut": 72812500,
        "weightedAverageShsOutDil": 72812500,
        "link": null,
        "finalLink": null
    },
    {
        "date": "1993-06-30",
        "symbol": "MAN",
        "reportedCurrency": "USD",
        "cik": "0000871763",
        "fillingDate": "1993-06-30",
        "acceptedDate": "1993-06-30 00:00:00",
        "calendarYear": "1993",
        "period": "Q2",
        "revenue": 778200000,
        "costOfRevenue": 619700000,
        "grossProfit": 158500000,
        "grossProfitRatio": 0.2036751478,
        "researchAndDevelopmentExpenses": 0,
        "generalAndAdministrativeExpenses": 0,
        "sellingAndMarketingExpenses": 0,
        "sellingGeneralAndAdministrativeExpenses": 136800000,
        "otherExpenses": 25700000,
        "operatingExpenses": 162500000,
        "costAndExpenses": 782200000,
        "interestIncome": 0,
        "interestExpense": 6300000,
        "depreciationAndAmortization": 46500000,
        "ebitda": 42500000,
        "ebitdaratio": 0.05461321,
        "operatingIncome": -4000000,
        "operatingIncomeRatio": -0.0051400668,
        "totalOtherIncomeExpensesNet": -3200000,
        "incomeBeforeTax": -7200000,
        "incomeBeforeTaxRatio": -0.0092521203,
        "incomeTaxExpense": 5400000,
        "netIncome": -12600000,
        "netIncomeRatio": -0.0161912105,
        "eps": -0.17,
        "epsdiluted": -0.17,
        "weightedAverageShsOut": 74117647,
        "weightedAverageShsOutDil": 74117647,
        "link": null,
        "finalLink": null
    },
    {
        "date": "1993-03-31",
        "symbol": "MAN",
        "reportedCurrency": "USD",
        "cik": "0000871763",
        "fillingDate": "1993-03-31",
        "acceptedDate": "1993-03-31 00:00:00",
        "calendarYear": "1993",
        "period": "Q1",
        "revenue": 700500000,
        "costOfRevenue": 556500000,
        "grossProfit": 144000000,
        "grossProfitRatio": 0.2055674518,
        "researchAndDevelopmentExpenses": 0,
        "generalAndAdministrativeExpenses": 0,
        "sellingAndMarketingExpenses": 0,
        "sellingGeneralAndAdministrativeExpenses": 150800000,
        "otherExpenses": 4900000,
        "operatingExpenses": 155700000,
        "costAndExpenses": 712200000,
        "interestIncome": 0,
        "interestExpense": 3100000,
        "depreciationAndAmortization": 4900000,
        "ebitda": -6800000,
        "ebitdaratio": -0.0097073519,
        "operatingIncome": -11700000,
        "operatingIncomeRatio": -0.0167023555,
        "totalOtherIncomeExpensesNet": -3100000,
        "incomeBeforeTax": -14800000,
        "incomeBeforeTaxRatio": -0.0211277659,
        "incomeTaxExpense": 2500000,
        "netIncome": -17300000,
        "netIncomeRatio": -0.0246966453,
        "eps": -0.23,
        "epsdiluted": -0.23,
        "weightedAverageShsOut": 75217391,
        "weightedAverageShsOutDil": 75217391,
        "link": null,
        "finalLink": null
    },
    {
        "date": "1992-12-31",
        "symbol": "MAN",
        "reportedCurrency": "USD",
        "cik": "0000871763",
        "fillingDate": "1992-12-31",
        "acceptedDate": "1992-12-31 00:00:00",
        "calendarYear": "1992",
        "period": "Q4",
        "revenue": 788100000,
        "costOfRevenue": 565000000,
        "grossProfit": 223100000,
        "grossProfitRatio": 0.2830859028,
        "researchAndDevelopmentExpenses": 0,
        "generalAndAdministrativeExpenses": 0,
        "sellingAndMarketingExpenses": 0,
        "sellingGeneralAndAdministrativeExpenses": 217500000,
        "otherExpenses": 5200000,
        "operatingExpenses": 222700000,
        "costAndExpenses": 787700000,
        "interestIncome": 0,
        "interestExpense": 4500000,
        "depreciationAndAmortization": 5200000,
        "ebitda": 5600000,
        "ebitdaratio": 0.0071056972,
        "operatingIncome": 400000,
        "operatingIncomeRatio": 0.0005075498,
        "totalOtherIncomeExpensesNet": -4500000,
        "incomeBeforeTax": -4100000,
        "incomeBeforeTaxRatio": -0.0052023855,
        "incomeTaxExpense": 5900000,
        "netIncome": -17100000,
        "netIncomeRatio": -0.0216977541,
        "eps": -0.23,
        "epsdiluted": -0.23,
        "weightedAverageShsOut": 75000000,
        "weightedAverageShsOutDil": 75000000,
        "link": null,
        "finalLink": null
    },
    {
        "date": "1992-09-30",
        "symbol": "MAN",
        "reportedCurrency": "USD",
        "cik": "0000871763",
        "fillingDate": "1992-09-30",
        "acceptedDate": "1992-09-30 00:00:00",
        "calendarYear": "1992",
        "period": "Q3",
        "revenue": 938000000,
        "costOfRevenue": 771400000,
        "grossProfit": 166600000,
        "grossProfitRatio": 0.1776119403,
        "researchAndDevelopmentExpenses": 0,
        "generalAndAdministrativeExpenses": 0,
        "sellingAndMarketingExpenses": 0,
        "sellingGeneralAndAdministrativeExpenses": 151700000,
        "otherExpenses": 0,
        "operatingExpenses": 151700000,
        "costAndExpenses": 923100000,
        "interestIncome": 0,
        "interestExpense": 3700000,
        "depreciationAndAmortization": -33200000,
        "ebitda": 14900000,
        "ebitdaratio": 0.0158848614,
        "operatingIncome": 14900000,
        "operatingIncomeRatio": 0.0158848614,
        "totalOtherIncomeExpensesNet": -3700000,
        "incomeBeforeTax": 11200000,
        "incomeBeforeTaxRatio": 0.0119402985,
        "incomeTaxExpense": 12700000,
        "netIncome": -1500000,
        "netIncomeRatio": -0.0015991471,
        "eps": -0.02,
        "epsdiluted": -0.02,
        "weightedAverageShsOut": 75000000,
        "weightedAverageShsOutDil": 75000000,
        "link": null,
        "finalLink": null
    },
    {
        "date": "1992-06-30",
        "symbol": "MAN",
        "reportedCurrency": "USD",
        "cik": "0000871763",
        "fillingDate": "1992-06-30",
        "acceptedDate": "1992-06-30 00:00:00",
        "calendarYear": "1992",
        "period": "Q2",
        "revenue": 769700000,
        "costOfRevenue": 608500000,
        "grossProfit": 161200000,
        "grossProfitRatio": 0.2094322463,
        "researchAndDevelopmentExpenses": 0,
        "generalAndAdministrativeExpenses": 0,
        "sellingAndMarketingExpenses": 0,
        "sellingGeneralAndAdministrativeExpenses": 138900000,
        "otherExpenses": 25200000,
        "operatingExpenses": 164100000,
        "costAndExpenses": 772600000,
        "interestIncome": 0,
        "interestExpense": 800000,
        "depreciationAndAmortization": 25300000,
        "ebitda": 22400000,
        "ebitdaratio": 0.0291022476,
        "operatingIncome": -2900000,
        "operatingIncomeRatio": -0.0037677017,
        "totalOtherIncomeExpensesNet": -400000,
        "incomeBeforeTax": -3300000,
        "incomeBeforeTaxRatio": -0.0042873847,
        "incomeTaxExpense": 6700000,
        "netIncome": -10000000,
        "netIncomeRatio": -0.0129920748,
        "eps": -0.14,
        "epsdiluted": -0.14,
        "weightedAverageShsOut": 71428571,
        "weightedAverageShsOutDil": 71428571,
        "link": null,
        "finalLink": null
    },
    {
        "date": "1992-03-31",
        "symbol": "MAN",
        "reportedCurrency": "USD",
        "cik": "0000871763",
        "fillingDate": "1992-03-31",
        "acceptedDate": "1992-03-31 00:00:00",
        "calendarYear": "1992",
        "period": "Q1",
        "revenue": 690800000,
        "costOfRevenue": 542000000,
        "grossProfit": 148800000,
        "grossProfitRatio": 0.215402432,
        "researchAndDevelopmentExpenses": 0,
        "generalAndAdministrativeExpenses": 0,
        "sellingAndMarketingExpenses": 0,
        "sellingGeneralAndAdministrativeExpenses": 135200000,
        "otherExpenses": 25000000,
        "operatingExpenses": 160200000,
        "costAndExpenses": 702200000,
        "interestIncome": 0,
        "interestExpense": 5800000,
        "depreciationAndAmortization": 25000000,
        "ebitda": 13600000,
        "ebitdaratio": 0.0196873191,
        "operatingIncome": -11400000,
        "operatingIncomeRatio": -0.0165026057,
        "totalOtherIncomeExpensesNet": -5800000,
        "incomeBeforeTax": -17200000,
        "incomeBeforeTaxRatio": -0.0248986682,
        "incomeTaxExpense": 1000000,
        "netIncome": -18200000,
        "netIncomeRatio": -0.0263462652,
        "eps": -0.25,
        "epsdiluted": -0.25,
        "weightedAverageShsOut": 72800000,
        "weightedAverageShsOutDil": 72800000,
        "link": null,
        "finalLink": null
    },
    {
        "date": "1991-12-31",
        "symbol": "MAN",
        "reportedCurrency": "USD",
        "cik": "0000871763",
        "fillingDate": "1991-12-31",
        "acceptedDate": "1991-12-31 00:00:00",
        "calendarYear": "1991",
        "period": "Q4",
        "revenue": 709000000,
        "costOfRevenue": 553700000,
        "grossProfit": 155300000,
        "grossProfitRatio": 0.2190409027,
        "researchAndDevelopmentExpenses": 0,
        "generalAndAdministrativeExpenses": 0,
        "sellingAndMarketingExpenses": 0,
        "sellingGeneralAndAdministrativeExpenses": 133500000,
        "otherExpenses": 81900000,
        "operatingExpenses": 215400000,
        "costAndExpenses": 769100000,
        "interestIncome": 0,
        "interestExpense": 0,
        "depreciationAndAmortization": 81900000,
        "ebitda": 21800000,
        "ebitdaratio": 0.0307475317,
        "operatingIncome": -60100000,
        "operatingIncomeRatio": -0.0847672779,
        "totalOtherIncomeExpensesNet": 46400000,
        "incomeBeforeTax": -13700000,
        "incomeBeforeTaxRatio": -0.0193229901,
        "incomeTaxExpense": 6300000,
        "netIncome": -20000000,
        "netIncomeRatio": -0.0282087447,
        "eps": -0.31,
        "epsdiluted": -0.31,
        "weightedAverageShsOut": 65000000,
        "weightedAverageShsOutDil": 65000000,
        "link": null,
        "finalLink": null
    },
    {
        "date": "1991-09-30",
        "symbol": "MAN",
        "reportedCurrency": "USD",
        "cik": "0000871763",
        "fillingDate": "1991-09-30",
        "acceptedDate": "1991-09-30 00:00:00",
        "calendarYear": "1991",
        "period": "Q3",
        "revenue": 736900000,
        "costOfRevenue": 572600000,
        "grossProfit": 164300000,
        "grossProfitRatio": 0.2229610531,
        "researchAndDevelopmentExpenses": 0,
        "generalAndAdministrativeExpenses": 0,
        "sellingAndMarketingExpenses": 0,
        "sellingGeneralAndAdministrativeExpenses": 128400000,
        "otherExpenses": 5200000,
        "operatingExpenses": 133600000,
        "costAndExpenses": 706200000,
        "interestIncome": 0,
        "interestExpense": 24300000,
        "depreciationAndAmortization": 5200000,
        "ebitda": 35900000,
        "ebitdaratio": 0.0487176008,
        "operatingIncome": 30700000,
        "operatingIncomeRatio": 0.0416610123,
        "totalOtherIncomeExpensesNet": -24300000,
        "incomeBeforeTax": 6400000,
        "incomeBeforeTaxRatio": 0.0086850319,
        "incomeTaxExpense": 10300000,
        "netIncome": -3900000,
        "netIncomeRatio": -0.0052924413,
        "eps": -0.06,
        "epsdiluted": -0.06,
        "weightedAverageShsOut": 65000000,
        "weightedAverageShsOutDil": 65000000,
        "link": null,
        "finalLink": null
    },
    {
        "date": "1991-06-30",
        "symbol": "MAN",
        "reportedCurrency": "USD",
        "cik": "0000871763",
        "fillingDate": "1991-06-30",
        "acceptedDate": "1991-06-30 00:00:00",
        "calendarYear": "1991",
        "period": "Q2",
        "revenue": 672700000,
        "costOfRevenue": 523200000,
        "grossProfit": 149500000,
        "grossProfitRatio": 0.2222387394,
        "researchAndDevelopmentExpenses": 0,
        "generalAndAdministrativeExpenses": 0,
        "sellingAndMarketingExpenses": 0,
        "sellingGeneralAndAdministrativeExpenses": 131700000,
        "otherExpenses": 4600000,
        "operatingExpenses": 136300000,
        "costAndExpenses": 659500000,
        "interestIncome": 0,
        "interestExpense": 20100000,
        "depreciationAndAmortization": 4600000,
        "ebitda": 17800000,
        "ebitdaratio": 0.0264605322,
        "operatingIncome": 13200000,
        "operatingIncomeRatio": 0.0196224171,
        "totalOtherIncomeExpensesNet": -20100000,
        "incomeBeforeTax": -6900000,
        "incomeBeforeTaxRatio": -0.0102571726,
        "incomeTaxExpense": 2700000,
        "netIncome": -9600000,
        "netIncomeRatio": -0.0142708488,
        "eps": -0.13,
        "epsdiluted": -0.13,
        "weightedAverageShsOut": 73846154,
        "weightedAverageShsOutDil": 73846154,
        "link": null,
        "finalLink": null
    },
    {
        "date": "1991-03-31",
        "symbol": "MAN",
        "reportedCurrency": "USD",
        "cik": "0000871763",
        "fillingDate": "1991-03-31",
        "acceptedDate": "1991-03-31 00:00:00",
        "calendarYear": "1991",
        "period": "Q1",
        "revenue": 681300000,
        "costOfRevenue": 518700000,
        "grossProfit": 162600000,
        "grossProfitRatio": 0.2386613827,
        "researchAndDevelopmentExpenses": 0,
        "generalAndAdministrativeExpenses": 0,
        "sellingAndMarketingExpenses": 0,
        "sellingGeneralAndAdministrativeExpenses": 145300000,
        "otherExpenses": 9500000,
        "operatingExpenses": 154800000,
        "costAndExpenses": 673500000,
        "interestIncome": 0,
        "interestExpense": 0,
        "depreciationAndAmortization": 9500000,
        "ebitda": 17300000,
        "ebitdaratio": 0.0253926317,
        "operatingIncome": 7800000,
        "operatingIncomeRatio": 0.011448701,
        "totalOtherIncomeExpensesNet": -19800000,
        "incomeBeforeTax": -19800000,
        "incomeBeforeTaxRatio": -0.0290620872,
        "incomeTaxExpense": 19800000,
        "netIncome": -19800000,
        "netIncomeRatio": -0.0290620872,
        "eps": -0.27,
        "epsdiluted": -0.27,
        "weightedAverageShsOut": 73333333,
        "weightedAverageShsOutDil": 73333333,
        "link": null,
        "finalLink": null
    },
    {
        "date": "1990-07-31",
        "symbol": "MAN",
        "reportedCurrency": "USD",
        "cik": "0000871763",
        "fillingDate": "1990-07-31",
        "acceptedDate": "1990-07-31 00:00:00",
        "calendarYear": "1990",
        "period": "Q2",
        "revenue": 865000000,
        "costOfRevenue": 647000000,
        "grossProfit": 218000000,
        "grossProfitRatio": 0.2520231214,
        "researchAndDevelopmentExpenses": 0,
        "generalAndAdministrativeExpenses": 0,
        "sellingAndMarketingExpenses": 0,
        "sellingGeneralAndAdministrativeExpenses": 160800000,
        "otherExpenses": 38000000,
        "operatingExpenses": 198800000,
        "costAndExpenses": 845800000,
        "interestIncome": 0,
        "interestExpense": 0,
        "depreciationAndAmortization": 39800000,
        "ebitda": 59000000,
        "ebitdaratio": 0.0682080925,
        "operatingIncome": 19200000,
        "operatingIncomeRatio": 0.0221965318,
        "totalOtherIncomeExpensesNet": -15400000,
        "incomeBeforeTax": 3800000,
        "incomeBeforeTaxRatio": 0.0043930636,
        "incomeTaxExpense": 16500000,
        "netIncome": -12700000,
        "netIncomeRatio": -0.0146820809,
        "eps": -0.19,
        "epsdiluted": -0.19,
        "weightedAverageShsOut": 66842105,
        "weightedAverageShsOutDil": 66842105,
        "link": null,
        "finalLink": null
    },
    {
        "date": "1990-04-30",
        "symbol": "MAN",
        "reportedCurrency": "USD",
        "cik": "0000871763",
        "fillingDate": "1990-04-30",
        "acceptedDate": "1990-04-29 20:00:00",
        "calendarYear": "1990",
        "period": "Q1",
        "revenue": 723600000,
        "costOfRevenue": 539400000,
        "grossProfit": 184200000,
        "grossProfitRatio": 0.2545605307,
        "researchAndDevelopmentExpenses": 0,
        "generalAndAdministrativeExpenses": 0,
        "sellingAndMarketingExpenses": 0,
        "sellingGeneralAndAdministrativeExpenses": 146700000,
        "otherExpenses": 29900000,
        "operatingExpenses": 176600000,
        "costAndExpenses": 716000000,
        "interestIncome": 0,
        "interestExpense": 0,
        "depreciationAndAmortization": 31000000,
        "ebitda": 38600000,
        "ebitdaratio": 0.0533443892,
        "operatingIncome": 7600000,
        "operatingIncomeRatio": 0.0105030404,
        "totalOtherIncomeExpensesNet": -7300000,
        "incomeBeforeTax": 300000,
        "incomeBeforeTaxRatio": 0.0004145937,
        "incomeTaxExpense": 8900000,
        "netIncome": -8600000,
        "netIncomeRatio": -0.0118850193,
        "eps": -0.12,
        "epsdiluted": -0.12,
        "weightedAverageShsOut": 71666667,
        "weightedAverageShsOutDil": 71666667,
        "link": null,
        "finalLink": null
    },
    {
        "date": "1990-01-31",
        "symbol": "MAN",
        "reportedCurrency": "USD",
        "cik": "0000871763",
        "fillingDate": "1990-01-31",
        "acceptedDate": "1990-01-31 00:00:00",
        "calendarYear": "1989",
        "period": "Q4",
        "revenue": 723000000,
        "costOfRevenue": 549500000,
        "grossProfit": 173500000,
        "grossProfitRatio": 0.2399723375,
        "researchAndDevelopmentExpenses": 0,
        "generalAndAdministrativeExpenses": 0,
        "sellingAndMarketingExpenses": 0,
        "sellingGeneralAndAdministrativeExpenses": 157300000,
        "otherExpenses": 28800000,
        "operatingExpenses": 186100000,
        "costAndExpenses": 735600000,
        "interestIncome": 0,
        "interestExpense": 0,
        "depreciationAndAmortization": 28800000,
        "ebitda": 16200000,
        "ebitdaratio": 0.022406639,
        "operatingIncome": -12600000,
        "operatingIncomeRatio": -0.0174273859,
        "totalOtherIncomeExpensesNet": 200000,
        "incomeBeforeTax": -12400000,
        "incomeBeforeTaxRatio": -0.0171507607,
        "incomeTaxExpense": 3800000,
        "netIncome": -16200000,
        "netIncomeRatio": -0.022406639,
        "eps": -0.19,
        "epsdiluted": -0.19,
        "weightedAverageShsOut": 85263158,
        "weightedAverageShsOutDil": 85263158,
        "link": null,
        "finalLink": null
    }
]