[
    {
        "date": "2025-06-29",
        "symbol": "MBC",
        "reportedCurrency": "USD",
        "cik": "0001941365",
        "fillingDate": "2025-08-06",
        "acceptedDate": "2025-08-06 17:01:09",
        "calendarYear": "2025",
        "period": "Q2",
        "revenue": 730900000,
        "costOfRevenue": 491200000,
        "grossProfit": 239700000,
        "grossProfitRatio": 0.3279518402,
        "researchAndDevelopmentExpenses": 0,
        "generalAndAdministrativeExpenses": 0,
        "sellingAndMarketingExpenses": 0,
        "sellingGeneralAndAdministrativeExpenses": 159400000,
        "otherExpenses": 0,
        "operatingExpenses": 159400000,
        "costAndExpenses": 657200000,
        "interestIncome": 0,
        "interestExpense": 18900000,
        "depreciationAndAmortization": 24200000,
        "ebitda": 92100000,
        "ebitdaratio": 0.12600903,
        "operatingIncome": 67300000,
        "operatingIncomeRatio": 0.0920782597,
        "totalOtherIncomeExpensesNet": -18300000,
        "incomeBeforeTax": 49000000,
        "incomeBeforeTaxRatio": 0.0670406348,
        "incomeTaxExpense": 11700000,
        "netIncome": 37300000,
        "netIncomeRatio": 0.051032973,
        "eps": 0.29,
        "epsdiluted": 0.29,
        "weightedAverageShsOut": 126800000,
        "weightedAverageShsOutDil": 129100000,
        "link": "https://www.sec.gov/Archives/edgar/data/1941365/000194136525000080/0001941365-25-000080-index.htm",
        "finalLink": "https://www.sec.gov/Archives/edgar/data/1941365/000194136525000080/mbc-20250629.htm"
    },
    {
        "date": "2025-03-30",
        "symbol": "MBC",
        "reportedCurrency": "USD",
        "cik": "0001941365",
        "fillingDate": "2025-05-07",
        "acceptedDate": "2025-05-07 11:06:07",
        "calendarYear": "2025",
        "period": "Q1",
        "revenue": 660300000,
        "costOfRevenue": 458100000,
        "grossProfit": 202200000,
        "grossProfitRatio": 0.3062244434,
        "researchAndDevelopmentExpenses": 0,
        "generalAndAdministrativeExpenses": 0,
        "sellingAndMarketingExpenses": 0,
        "sellingGeneralAndAdministrativeExpenses": 154000000,
        "otherExpenses": 11100000,
        "operatingExpenses": 165100000,
        "costAndExpenses": 623200000,
        "interestIncome": 0,
        "interestExpense": 19400000,
        "depreciationAndAmortization": 22800000,
        "ebitda": 59500000,
        "ebitdaratio": 0.0901105558,
        "operatingIncome": 37100000,
        "operatingIncomeRatio": 0.0561865819,
        "totalOtherIncomeExpensesNet": -19800000,
        "incomeBeforeTax": 17300000,
        "incomeBeforeTaxRatio": 0.026200212,
        "incomeTaxExpense": 4000000,
        "netIncome": 13300000,
        "netIncomeRatio": 0.0201423595,
        "eps": 0.1,
        "epsdiluted": 0.1,
        "weightedAverageShsOut": 127500000,
        "weightedAverageShsOutDil": 130700000,
        "link": "https://www.sec.gov/Archives/edgar/data/1941365/000194136525000054/0001941365-25-000054-index.htm",
        "finalLink": "https://www.sec.gov/Archives/edgar/data/1941365/000194136525000054/mbc-20250330.htm"
    },
    {
        "date": "2024-12-31",
        "symbol": "MBC",
        "reportedCurrency": "USD",
        "cik": "0001941365",
        "fillingDate": "2025-02-19",
        "acceptedDate": "2025-02-19 16:30:12",
        "calendarYear": "2024",
        "period": "Q4",
        "revenue": 667700000,
        "costOfRevenue": 464400000,
        "grossProfit": 203300000,
        "grossProfitRatio": 0.304478059,
        "researchAndDevelopmentExpenses": 0,
        "generalAndAdministrativeExpenses": 113300000,
        "sellingAndMarketingExpenses": 36000000,
        "sellingGeneralAndAdministrativeExpenses": 149300000,
        "otherExpenses": 16500000,
        "operatingExpenses": 165800000,
        "costAndExpenses": 630200000,
        "interestIncome": 0,
        "interestExpense": 19300000,
        "depreciationAndAmortization": 24100000,
        "ebitda": 63200000,
        "ebitdaratio": 0.0946532874,
        "operatingIncome": 37500000,
        "operatingIncomeRatio": 0.0561629474,
        "totalOtherIncomeExpensesNet": -17700000,
        "incomeBeforeTax": 19800000,
        "incomeBeforeTaxRatio": 0.0296540362,
        "incomeTaxExpense": 5800000,
        "netIncome": 14000000,
        "netIncomeRatio": 0.0209675004,
        "eps": 0.11,
        "epsdiluted": 0.11,
        "weightedAverageShsOut": 127200000,
        "weightedAverageShsOutDil": 131200000,
        "link": "https://www.sec.gov/Archives/edgar/data/1941365/000194136525000016/0001941365-25-000016-index.htm",
        "finalLink": "https://www.sec.gov/Archives/edgar/data/1941365/000194136525000016/mbc-20241229.htm"
    },
    {
        "date": "2024-09-29",
        "symbol": "MBC",
        "reportedCurrency": "USD",
        "cik": "0001941365",
        "fillingDate": "2024-11-06",
        "acceptedDate": "2024-11-06 13:52:16",
        "calendarYear": "2024",
        "period": "Q3",
        "revenue": 718100000,
        "costOfRevenue": 480100000,
        "grossProfit": 238000000,
        "grossProfitRatio": 0.3314301629,
        "researchAndDevelopmentExpenses": 0,
        "generalAndAdministrativeExpenses": 0,
        "sellingAndMarketingExpenses": 0,
        "sellingGeneralAndAdministrativeExpenses": 166300000,
        "otherExpenses": 14100000,
        "operatingExpenses": 180400000,
        "costAndExpenses": 660500000,
        "interestIncome": 0,
        "interestExpense": 20000000,
        "depreciationAndAmortization": 20100000,
        "ebitda": 79500000,
        "ebitdaratio": 0.1107088149,
        "operatingIncome": 57600000,
        "operatingIncomeRatio": 0.0802116697,
        "totalOtherIncomeExpensesNet": -18200000,
        "incomeBeforeTax": 39400000,
        "incomeBeforeTaxRatio": 0.0548670102,
        "incomeTaxExpense": 10300000,
        "netIncome": 29100000,
        "netIncomeRatio": 0.040523604,
        "eps": 0.23,
        "epsdiluted": 0.22,
        "weightedAverageShsOut": 127100000,
        "weightedAverageShsOutDil": 130800000,
        "link": "https://www.sec.gov/Archives/edgar/data/1941365/000194136524000120/0001941365-24-000120-index.htm",
        "finalLink": "https://www.sec.gov/Archives/edgar/data/1941365/000194136524000120/mbc-20240929.htm"
    },
    {
        "date": "2024-06-30",
        "symbol": "MBC",
        "reportedCurrency": "USD",
        "cik": "0001941365",
        "fillingDate": "2024-08-07",
        "acceptedDate": "2024-08-07 11:35:22",
        "calendarYear": "2024",
        "period": "Q2",
        "revenue": 676500000,
        "costOfRevenue": 450000000,
        "grossProfit": 226500000,
        "grossProfitRatio": 0.3348115299,
        "researchAndDevelopmentExpenses": 0,
        "generalAndAdministrativeExpenses": 0,
        "sellingAndMarketingExpenses": 0,
        "sellingGeneralAndAdministrativeExpenses": 146700000,
        "otherExpenses": 0,
        "operatingExpenses": 146700000,
        "costAndExpenses": 596700000,
        "interestIncome": 0,
        "interestExpense": 20600000,
        "depreciationAndAmortization": 17200000,
        "ebitda": 101800000,
        "ebitdaratio": 0.1504804139,
        "operatingIncome": 77800000,
        "operatingIncomeRatio": 0.1150036955,
        "totalOtherIncomeExpensesNet": -17700000,
        "incomeBeforeTax": 60100000,
        "incomeBeforeTaxRatio": 0.0888396157,
        "incomeTaxExpense": 14800000,
        "netIncome": 45300000,
        "netIncomeRatio": 0.066962306,
        "eps": 0.36,
        "epsdiluted": 0.35,
        "weightedAverageShsOut": 127000000,
        "weightedAverageShsOutDil": 130699999,
        "link": "https://www.sec.gov/Archives/edgar/data/1941365/000194136524000098/0001941365-24-000098-index.htm",
        "finalLink": "https://www.sec.gov/Archives/edgar/data/1941365/000194136524000098/mbc-20240630.htm"
    },
    {
        "date": "2024-03-31",
        "symbol": "MBC",
        "reportedCurrency": "USD",
        "cik": "0001941365",
        "fillingDate": "2024-05-08",
        "acceptedDate": "2024-05-08 11:01:52",
        "calendarYear": "2024",
        "period": "Q1",
        "revenue": 638100000,
        "costOfRevenue": 437600000,
        "grossProfit": 200500000,
        "grossProfitRatio": 0.314214073,
        "researchAndDevelopmentExpenses": 0,
        "generalAndAdministrativeExpenses": 0,
        "sellingAndMarketingExpenses": 0,
        "sellingGeneralAndAdministrativeExpenses": 137800000,
        "otherExpenses": 0,
        "operatingExpenses": 137800000,
        "costAndExpenses": 575400000,
        "interestIncome": 0,
        "interestExpense": 14100000,
        "depreciationAndAmortization": 15900000,
        "ebitda": 78700000,
        "ebitdaratio": 0.1233349005,
        "operatingIncome": 62700000,
        "operatingIncomeRatio": 0.0982604607,
        "totalOtherIncomeExpensesNet": -13800000,
        "incomeBeforeTax": 49000000,
        "incomeBeforeTaxRatio": 0.0767904717,
        "incomeTaxExpense": 11500000,
        "netIncome": 37500000,
        "netIncomeRatio": 0.0587682181,
        "eps": 0.3,
        "epsdiluted": 0.29,
        "weightedAverageShsOut": 127000000,
        "weightedAverageShsOutDil": 130500000,
        "link": "https://www.sec.gov/Archives/edgar/data/1941365/000194136524000071/0001941365-24-000071-index.htm",
        "finalLink": "https://www.sec.gov/Archives/edgar/data/1941365/000194136524000071/mbc-20240331.htm"
    },
    {
        "date": "2023-12-31",
        "symbol": "MBC",
        "reportedCurrency": "USD",
        "cik": "0001941365",
        "fillingDate": "2024-02-27",
        "acceptedDate": "2024-02-27 11:57:27",
        "calendarYear": "2023",
        "period": "Q4",
        "revenue": 677100000,
        "costOfRevenue": 459300000,
        "grossProfit": 217800000,
        "grossProfitRatio": 0.3216659282,
        "researchAndDevelopmentExpenses": 0,
        "generalAndAdministrativeExpenses": 114900000,
        "sellingAndMarketingExpenses": 37400000,
        "sellingGeneralAndAdministrativeExpenses": 152300000,
        "otherExpenses": 0,
        "operatingExpenses": 152300000,
        "costAndExpenses": 616100000,
        "interestIncome": 0,
        "interestExpense": 15300000,
        "depreciationAndAmortization": 17800000,
        "ebitda": 74500000,
        "ebitdaratio": 0.1100280608,
        "operatingIncome": 61000000,
        "operatingIncomeRatio": 0.0900900901,
        "totalOtherIncomeExpensesNet": -17800000,
        "incomeBeforeTax": 43200000,
        "incomeBeforeTaxRatio": 0.0638015064,
        "incomeTaxExpense": 7100000,
        "netIncome": 36100000,
        "netIncomeRatio": 0.0533156107,
        "eps": 0.28,
        "epsdiluted": 0.28,
        "weightedAverageShsOut": 126800000,
        "weightedAverageShsOutDil": 129900000,
        "link": "https://www.sec.gov/Archives/edgar/data/1941365/000194136524000021/0001941365-24-000021-index.htm",
        "finalLink": "https://www.sec.gov/Archives/edgar/data/1941365/000194136524000021/mbc-20231231.htm"
    },
    {
        "date": "2023-09-24",
        "symbol": "MBC",
        "reportedCurrency": "USD",
        "cik": "0001941365",
        "fillingDate": "2023-11-08",
        "acceptedDate": "2023-11-07 17:56:32",
        "calendarYear": "2023",
        "period": "Q3",
        "revenue": 677300000,
        "costOfRevenue": 439800000,
        "grossProfit": 237500000,
        "grossProfitRatio": 0.3506570205,
        "researchAndDevelopmentExpenses": 0,
        "generalAndAdministrativeExpenses": 0,
        "sellingAndMarketingExpenses": 0,
        "sellingGeneralAndAdministrativeExpenses": 140300000,
        "otherExpenses": 3600000,
        "operatingExpenses": 143900000,
        "costAndExpenses": 583700000,
        "interestIncome": 0,
        "interestExpense": 15300000,
        "depreciationAndAmortization": 15500000,
        "ebitda": 109200000,
        "ebitdaratio": 0.1612284069,
        "operatingIncome": 92200000,
        "operatingIncomeRatio": 0.1361287465,
        "totalOtherIncomeExpensesNet": -14300000,
        "incomeBeforeTax": 77900000,
        "incomeBeforeTaxRatio": 0.1150155027,
        "incomeTaxExpense": 18200000,
        "netIncome": 59700000,
        "netIncomeRatio": 0.0881441016,
        "eps": 0.47,
        "epsdiluted": 0.46,
        "weightedAverageShsOut": 127600000,
        "weightedAverageShsOutDil": 130300000,
        "link": "https://www.sec.gov/Archives/edgar/data/1941365/000194136523000067/0001941365-23-000067-index.htm",
        "finalLink": "https://www.sec.gov/Archives/edgar/data/1941365/000194136523000067/mbc-20230924.htm"
    },
    {
        "date": "2023-06-25",
        "symbol": "MBC",
        "reportedCurrency": "USD",
        "cik": "0001941365",
        "fillingDate": "2023-08-09",
        "acceptedDate": "2023-08-09 10:00:42",
        "calendarYear": "2023",
        "period": "Q2",
        "revenue": 695100000,
        "costOfRevenue": 458900000,
        "grossProfit": 236200000,
        "grossProfitRatio": 0.339807222,
        "researchAndDevelopmentExpenses": 0,
        "generalAndAdministrativeExpenses": 0,
        "sellingAndMarketingExpenses": 0,
        "sellingGeneralAndAdministrativeExpenses": 141700000,
        "otherExpenses": -500000,
        "operatingExpenses": 145700000,
        "costAndExpenses": 604600000,
        "interestIncome": 0,
        "interestExpense": 17200000,
        "depreciationAndAmortization": 15700000,
        "ebitda": 104100000,
        "ebitdaratio": 0.1497626241,
        "operatingIncome": 87400000,
        "operatingIncomeRatio": 0.125737304,
        "totalOtherIncomeExpensesNet": -17700000,
        "incomeBeforeTax": 69700000,
        "incomeBeforeTaxRatio": 0.100273342,
        "incomeTaxExpense": 18500000,
        "netIncome": 51200000,
        "netIncomeRatio": 0.0736584664,
        "eps": 0.4,
        "epsdiluted": 0.39,
        "weightedAverageShsOut": 128400000,
        "weightedAverageShsOutDil": 129900000,
        "link": "https://www.sec.gov/Archives/edgar/data/1941365/000194136523000052/0001941365-23-000052-index.htm",
        "finalLink": "https://www.sec.gov/Archives/edgar/data/1941365/000194136523000052/mbc-20230625.htm"
    },
    {
        "date": "2023-03-26",
        "symbol": "MBC",
        "reportedCurrency": "USD",
        "cik": "0001941365",
        "fillingDate": "2023-05-10",
        "acceptedDate": "2023-05-10 09:35:52",
        "calendarYear": "2023",
        "period": "Q1",
        "revenue": 676700000,
        "costOfRevenue": 472100000,
        "grossProfit": 204600000,
        "grossProfitRatio": 0.3023496379,
        "researchAndDevelopmentExpenses": 0,
        "generalAndAdministrativeExpenses": 0,
        "sellingAndMarketingExpenses": 0,
        "sellingGeneralAndAdministrativeExpenses": 135300000,
        "otherExpenses": 3600000,
        "operatingExpenses": 138900000,
        "costAndExpenses": 611000000,
        "interestIncome": 0,
        "interestExpense": 17400000,
        "depreciationAndAmortization": 15300000,
        "ebitda": 80600000,
        "ebitdaratio": 0.1191074331,
        "operatingIncome": 65700000,
        "operatingIncomeRatio": 0.0970888134,
        "totalOtherIncomeExpensesNet": -17800000,
        "incomeBeforeTax": 47900000,
        "incomeBeforeTaxRatio": 0.0707846904,
        "incomeTaxExpense": 12900000,
        "netIncome": 35000000,
        "netIncomeRatio": 0.0517215901,
        "eps": 0.27,
        "epsdiluted": 0.27,
        "weightedAverageShsOut": 128200000,
        "weightedAverageShsOutDil": 129500000,
        "link": "https://www.sec.gov/Archives/edgar/data/1941365/000194136523000031/0001941365-23-000031-index.htm",
        "finalLink": "https://www.sec.gov/Archives/edgar/data/1941365/000194136523000031/mbc-20230326.htm"
    },
    {
        "date": "2022-12-31",
        "symbol": "MBC",
        "reportedCurrency": "USD",
        "cik": "0001941365",
        "fillingDate": "2023-03-10",
        "acceptedDate": "2023-03-10 10:00:27",
        "calendarYear": "2022",
        "period": "Q4",
        "revenue": 784400000,
        "costOfRevenue": 569400000,
        "grossProfit": 215000000,
        "grossProfitRatio": 0.2740948496,
        "researchAndDevelopmentExpenses": 0,
        "generalAndAdministrativeExpenses": 0,
        "sellingAndMarketingExpenses": 0,
        "sellingGeneralAndAdministrativeExpenses": 160000000,
        "otherExpenses": 39900000,
        "operatingExpenses": 199900000,
        "costAndExpenses": 769300000,
        "interestIncome": 3400000,
        "interestExpense": 0,
        "depreciationAndAmortization": 15600000,
        "ebitda": 6100000,
        "ebitdaratio": 0.0077766446,
        "operatingIncome": 15100000,
        "operatingIncomeRatio": 0.0192503825,
        "totalOtherIncomeExpensesNet": 4300000,
        "incomeBeforeTax": 19400000,
        "incomeBeforeTaxRatio": 0.0247322794,
        "incomeTaxExpense": 4000000,
        "netIncome": 15400000,
        "netIncomeRatio": 0.0196328404,
        "eps": 0.12,
        "epsdiluted": 0.12,
        "weightedAverageShsOut": 128000000,
        "weightedAverageShsOutDil": 129100000,
        "link": "https://www.sec.gov/Archives/edgar/data/1941365/000194136523000022/0001941365-23-000022-index.htm",
        "finalLink": "https://www.sec.gov/Archives/edgar/data/1941365/000194136523000022/masterbrandcabinetsllc10-k.htm"
    },
    {
        "date": "2022-09-30",
        "symbol": "MBC",
        "reportedCurrency": "USD",
        "cik": "0001941365",
        "fillingDate": "2022-09-30",
        "acceptedDate": "2022-09-30 00:00:00",
        "calendarYear": "2022",
        "period": "Q3",
        "revenue": 858400000,
        "costOfRevenue": 593500000,
        "grossProfit": 264900000,
        "grossProfitRatio": 0.3085973905,
        "researchAndDevelopmentExpenses": 0,
        "generalAndAdministrativeExpenses": 0,
        "sellingAndMarketingExpenses": 0,
        "sellingGeneralAndAdministrativeExpenses": 176200000,
        "otherExpenses": -800000,
        "operatingExpenses": 180500000,
        "costAndExpenses": 774000000,
        "interestIncome": 4300000,
        "interestExpense": 0,
        "depreciationAndAmortization": 18500000,
        "ebitda": 102900000,
        "ebitdaratio": 0.1198741845,
        "operatingIncome": 74800000,
        "operatingIncomeRatio": 0.087138863,
        "totalOtherIncomeExpensesNet": 3600000,
        "incomeBeforeTax": 78200000,
        "incomeBeforeTaxRatio": 0.0910997204,
        "incomeTaxExpense": 26100000,
        "netIncome": 52100000,
        "netIncomeRatio": 0.060694315,
        "eps": 0.41,
        "epsdiluted": 0.41,
        "weightedAverageShsOut": 128000156,
        "weightedAverageShsOutDil": 128020187,
        "link": null,
        "finalLink": null
    },
    {
        "date": "2022-06-30",
        "symbol": "MBC",
        "reportedCurrency": "USD",
        "cik": "0001941365",
        "fillingDate": "2022-06-30",
        "acceptedDate": "2022-06-30 00:00:00",
        "calendarYear": "2022",
        "period": "Q2",
        "revenue": 855600000,
        "costOfRevenue": 606000000,
        "grossProfit": 249600000,
        "grossProfitRatio": 0.2917251052,
        "researchAndDevelopmentExpenses": 0,
        "generalAndAdministrativeExpenses": 0,
        "sellingAndMarketingExpenses": 0,
        "sellingGeneralAndAdministrativeExpenses": 166000000,
        "otherExpenses": 200000,
        "operatingExpenses": 170400000,
        "costAndExpenses": 776400000,
        "interestIncome": 1900000,
        "interestExpense": 0,
        "depreciationAndAmortization": 15100000,
        "ebitda": 69100000,
        "ebitdaratio": 0.0807620383,
        "operatingIncome": 51900000,
        "operatingIncomeRatio": 0.0606591865,
        "totalOtherIncomeExpensesNet": 2100000,
        "incomeBeforeTax": 54000000,
        "incomeBeforeTaxRatio": 0.0631136045,
        "incomeTaxExpense": 13100000,
        "netIncome": 40900000,
        "netIncomeRatio": 0.0478027115,
        "eps": 0.32,
        "epsdiluted": 0.32,
        "weightedAverageShsOut": 128000000,
        "weightedAverageShsOutDil": 128020187,
        "link": null,
        "finalLink": null
    },
    {
        "date": "2022-03-31",
        "symbol": "MBC",
        "reportedCurrency": "USD",
        "cik": "0001941365",
        "fillingDate": "2022-03-31",
        "acceptedDate": "2022-03-31 00:00:00",
        "calendarYear": "2022",
        "period": "Q1",
        "revenue": 777100000,
        "costOfRevenue": 566100000,
        "grossProfit": 211000000,
        "grossProfitRatio": 0.2715223266,
        "researchAndDevelopmentExpenses": 0,
        "generalAndAdministrativeExpenses": 0,
        "sellingAndMarketingExpenses": 0,
        "sellingGeneralAndAdministrativeExpenses": 145100000,
        "otherExpenses": 4400000,
        "operatingExpenses": 149500000,
        "costAndExpenses": 715600000,
        "interestIncome": 1100000,
        "interestExpense": 0,
        "depreciationAndAmortization": 15200000,
        "ebitda": 76900000,
        "ebitdaratio": 0.0989576631,
        "operatingIncome": 61500000,
        "operatingIncomeRatio": 0.0791403938,
        "totalOtherIncomeExpensesNet": 200000,
        "incomeBeforeTax": 61700000,
        "incomeBeforeTaxRatio": 0.0793977609,
        "incomeTaxExpense": 14800000,
        "netIncome": 46900000,
        "netIncomeRatio": 0.060352593,
        "eps": 0.37,
        "epsdiluted": 0.37,
        "weightedAverageShsOut": 128000000,
        "weightedAverageShsOutDil": 128020187,
        "link": null,
        "finalLink": null
    },
    {
        "date": "2021-12-31",
        "symbol": "MBC",
        "reportedCurrency": "USD",
        "cik": "0001941365",
        "fillingDate": "2021-12-31",
        "acceptedDate": "2021-12-31 00:00:00",
        "calendarYear": "2021",
        "period": "Q4",
        "revenue": 744800000,
        "costOfRevenue": 556900000,
        "grossProfit": 187900000,
        "grossProfitRatio": 0.2522824919,
        "researchAndDevelopmentExpenses": 0,
        "generalAndAdministrativeExpenses": 0,
        "sellingAndMarketingExpenses": 0,
        "sellingGeneralAndAdministrativeExpenses": 136700000,
        "otherExpenses": -500000,
        "operatingExpenses": 141200000,
        "costAndExpenses": 698100000,
        "interestIncome": 1300000,
        "interestExpense": 0,
        "depreciationAndAmortization": 17600000,
        "ebitda": 61000000,
        "ebitdaratio": 0.0819011815,
        "operatingIncome": 45500000,
        "operatingIncomeRatio": 0.0610902256,
        "totalOtherIncomeExpensesNet": 800000,
        "incomeBeforeTax": 46300000,
        "incomeBeforeTaxRatio": 0.0621643394,
        "incomeTaxExpense": 11100000,
        "netIncome": 35200000,
        "netIncomeRatio": 0.0472610097,
        "eps": 0.27,
        "epsdiluted": 0.27,
        "weightedAverageShsOut": 128020187,
        "weightedAverageShsOutDil": 128020187,
        "link": null,
        "finalLink": null
    },
    {
        "date": "2021-09-26",
        "symbol": "MBC",
        "reportedCurrency": "USD",
        "cik": "0001941365",
        "fillingDate": "2021-09-26",
        "acceptedDate": "2021-09-25 20:00:00",
        "calendarYear": "2021",
        "period": "Q3",
        "revenue": 716500000,
        "costOfRevenue": 516800000,
        "grossProfit": 199700000,
        "grossProfitRatio": 0.2787159805,
        "researchAndDevelopmentExpenses": 0,
        "generalAndAdministrativeExpenses": 0,
        "sellingAndMarketingExpenses": 0,
        "sellingGeneralAndAdministrativeExpenses": 131800000,
        "otherExpenses": 0,
        "operatingExpenses": 138000000,
        "costAndExpenses": 654800000,
        "interestIncome": 1300000,
        "interestExpense": 0,
        "depreciationAndAmortization": 15300000,
        "ebitda": 78800000,
        "ebitdaratio": 0.1099790649,
        "operatingIncome": 63500000,
        "operatingIncomeRatio": 0.0886252617,
        "totalOtherIncomeExpensesNet": 1400000,
        "incomeBeforeTax": 63000000,
        "incomeBeforeTaxRatio": 0.087927425,
        "incomeTaxExpense": 15600000,
        "netIncome": 47400000,
        "netIncomeRatio": 0.0661549197,
        "eps": 0.37,
        "epsdiluted": 0.37,
        "weightedAverageShsOut": 128020187,
        "weightedAverageShsOutDil": 128020187,
        "link": null,
        "finalLink": null
    },
    {
        "date": "2021-06-27",
        "symbol": "MBC",
        "reportedCurrency": "USD",
        "cik": "0001941365",
        "fillingDate": "2021-06-27",
        "acceptedDate": "2021-06-26 20:00:00",
        "calendarYear": "2021",
        "period": "Q2",
        "revenue": 697000000,
        "costOfRevenue": 498850000,
        "grossProfit": 198150000,
        "grossProfitRatio": 0.2842898135,
        "researchAndDevelopmentExpenses": 0,
        "generalAndAdministrativeExpenses": 0,
        "sellingAndMarketingExpenses": 0,
        "sellingGeneralAndAdministrativeExpenses": 128550000,
        "otherExpenses": 0,
        "operatingExpenses": 134650000,
        "costAndExpenses": 633500000,
        "interestIncome": 1000000,
        "interestExpense": 0,
        "depreciationAndAmortization": 16300000,
        "ebitda": 81450000,
        "ebitdaratio": 0.1168579627,
        "operatingIncome": 65150000,
        "operatingIncomeRatio": 0.093472023,
        "totalOtherIncomeExpensesNet": 900000,
        "incomeBeforeTax": 64500000,
        "incomeBeforeTaxRatio": 0.0925394548,
        "incomeTaxExpense": 14500000,
        "netIncome": 50000000,
        "netIncomeRatio": 0.0717360115,
        "eps": 0.391,
        "epsdiluted": 0.391,
        "weightedAverageShsOut": 128020187,
        "weightedAverageShsOutDil": 128020187,
        "link": null,
        "finalLink": null
    },
    {
        "date": "2021-03-27",
        "symbol": "MBC",
        "reportedCurrency": "USD",
        "cik": "0001941365",
        "fillingDate": "2021-03-27",
        "acceptedDate": "2021-03-26 20:00:00",
        "calendarYear": "2021",
        "period": "Q1",
        "revenue": 697000000,
        "costOfRevenue": 498850000,
        "grossProfit": 198150000,
        "grossProfitRatio": 0.2842898135,
        "researchAndDevelopmentExpenses": 0,
        "generalAndAdministrativeExpenses": 0,
        "sellingAndMarketingExpenses": 0,
        "sellingGeneralAndAdministrativeExpenses": 128550000,
        "otherExpenses": 0,
        "operatingExpenses": 134650000,
        "costAndExpenses": 633500000,
        "interestIncome": 1000000,
        "interestExpense": 0,
        "depreciationAndAmortization": 16300000,
        "ebitda": 81450000,
        "ebitdaratio": 0.1168579627,
        "operatingIncome": 65150000,
        "operatingIncomeRatio": 0.093472023,
        "totalOtherIncomeExpensesNet": 900000,
        "incomeBeforeTax": 64500000,
        "incomeBeforeTaxRatio": 0.0925394548,
        "incomeTaxExpense": 14500000,
        "netIncome": 50000000,
        "netIncomeRatio": 0.0717360115,
        "eps": 0.391,
        "epsdiluted": 0.391,
        "weightedAverageShsOut": 128020187,
        "weightedAverageShsOutDil": 128020187,
        "link": null,
        "finalLink": null
    }
]