[
    {
        "date": "2025-08-02",
        "symbol": "MEI",
        "reportedCurrency": "USD",
        "cik": "0000065270",
        "fillingDate": "2025-09-09",
        "acceptedDate": "2025-09-09 16:30:54",
        "calendarYear": "2026",
        "period": "Q1",
        "revenue": 240500000,
        "costOfRevenue": 197000000,
        "grossProfit": 43500000,
        "grossProfitRatio": 0.1808731809,
        "researchAndDevelopmentExpenses": 0,
        "generalAndAdministrativeExpenses": 0,
        "sellingAndMarketingExpenses": 0,
        "sellingGeneralAndAdministrativeExpenses": 36600000,
        "otherExpenses": 5800000,
        "operatingExpenses": 42400000,
        "costAndExpenses": 239400000,
        "interestIncome": 0,
        "interestExpense": 5900000,
        "depreciationAndAmortization": 14900000,
        "ebitda": 16000000,
        "ebitdaratio": 0.0665280665,
        "operatingIncome": 1100000,
        "operatingIncomeRatio": 0.0045738046,
        "totalOtherIncomeExpensesNet": -7200000,
        "incomeBeforeTax": -6100000,
        "incomeBeforeTaxRatio": -0.0253638254,
        "incomeTaxExpense": 4200000,
        "netIncome": -10300000,
        "netIncomeRatio": -0.0428274428,
        "eps": -0.29,
        "epsdiluted": -0.29,
        "weightedAverageShsOut": 35517241,
        "weightedAverageShsOutDil": 35517241,
        "link": "https://www.sec.gov/Archives/edgar/data/65270/000095017025113818/0000950170-25-113818-index.htm",
        "finalLink": "https://www.sec.gov/Archives/edgar/data/65270/000095017025113818/mei-20250802.htm"
    },
    {
        "date": "2025-04-30",
        "symbol": "MEI",
        "reportedCurrency": "USD",
        "cik": "0000065270",
        "fillingDate": "2025-07-09",
        "acceptedDate": "2025-07-09 16:47:41",
        "calendarYear": "2025",
        "period": "Q4",
        "revenue": 257100000,
        "costOfRevenue": 237500000,
        "grossProfit": 19600000,
        "grossProfitRatio": 0.076234928,
        "researchAndDevelopmentExpenses": 41800000,
        "generalAndAdministrativeExpenses": 0,
        "sellingAndMarketingExpenses": 0,
        "sellingGeneralAndAdministrativeExpenses": 37400000,
        "otherExpenses": -36000000,
        "operatingExpenses": 43200000,
        "costAndExpenses": 280700000,
        "interestIncome": 0,
        "interestExpense": 6200000,
        "depreciationAndAmortization": 16000000,
        "ebitda": -23600000,
        "ebitdaratio": -0.0917930766,
        "operatingIncome": -23600000,
        "operatingIncomeRatio": -0.0917930766,
        "totalOtherIncomeExpensesNet": -6800000,
        "incomeBeforeTax": -30400000,
        "incomeBeforeTaxRatio": -0.1182419292,
        "incomeTaxExpense": -2100000,
        "netIncome": -28300000,
        "netIncomeRatio": -0.1100739012,
        "eps": -0.79,
        "epsdiluted": -0.8,
        "weightedAverageShsOut": 35494664,
        "weightedAverageShsOutDil": 35494664,
        "link": "https://www.sec.gov/Archives/edgar/data/65270/000095017025094822/0000950170-25-094822-index.htm",
        "finalLink": "https://www.sec.gov/Archives/edgar/data/65270/000095017025094822/mei-20250503.htm"
    },
    {
        "date": "2025-02-01",
        "symbol": "MEI",
        "reportedCurrency": "USD",
        "cik": "0000065270",
        "fillingDate": "2025-03-05",
        "acceptedDate": "2025-03-05 16:30:30",
        "calendarYear": "2025",
        "period": "Q3",
        "revenue": 239900000,
        "costOfRevenue": 198600000,
        "grossProfit": 41300000,
        "grossProfitRatio": 0.1721550646,
        "researchAndDevelopmentExpenses": 0,
        "generalAndAdministrativeExpenses": 0,
        "sellingAndMarketingExpenses": 0,
        "sellingGeneralAndAdministrativeExpenses": 37700000,
        "otherExpenses": 5800000,
        "operatingExpenses": 43500000,
        "costAndExpenses": 242100000,
        "interestIncome": 0,
        "interestExpense": 5500000,
        "depreciationAndAmortization": 500000,
        "ebitda": -2200000,
        "ebitdaratio": -0.0091704877,
        "operatingIncome": -2200000,
        "operatingIncomeRatio": -0.0091704877,
        "totalOtherIncomeExpensesNet": -6000000,
        "incomeBeforeTax": -8200000,
        "incomeBeforeTaxRatio": -0.0341809087,
        "incomeTaxExpense": 6200000,
        "netIncome": -14400000,
        "netIncomeRatio": -0.0600250104,
        "eps": -0.41,
        "epsdiluted": -0.41,
        "weightedAverageShsOut": 35494664,
        "weightedAverageShsOutDil": 35494664,
        "link": "https://www.sec.gov/Archives/edgar/data/65270/000095017025033708/0000950170-25-033708-index.htm",
        "finalLink": "https://www.sec.gov/Archives/edgar/data/65270/000095017025033708/mei-20250201.htm"
    },
    {
        "date": "2024-11-02",
        "symbol": "MEI",
        "reportedCurrency": "USD",
        "cik": "0000065270",
        "fillingDate": "2024-12-05",
        "acceptedDate": "2024-12-05 07:05:28",
        "calendarYear": "2025",
        "period": "Q2",
        "revenue": 292600000,
        "costOfRevenue": 234700000,
        "grossProfit": 57900000,
        "grossProfitRatio": 0.1978810663,
        "researchAndDevelopmentExpenses": 0,
        "generalAndAdministrativeExpenses": 0,
        "sellingAndMarketingExpenses": 0,
        "sellingGeneralAndAdministrativeExpenses": 42600000,
        "otherExpenses": 5900000,
        "operatingExpenses": 48500000,
        "costAndExpenses": 283200000,
        "interestIncome": 0,
        "interestExpense": 6200000,
        "depreciationAndAmortization": 14300000,
        "ebitda": 22100000,
        "ebitdaratio": 0.0755297334,
        "operatingIncome": 9400000,
        "operatingIncomeRatio": 0.032125769,
        "totalOtherIncomeExpensesNet": -7800000,
        "incomeBeforeTax": 1600000,
        "incomeBeforeTaxRatio": 0.005468216,
        "incomeTaxExpense": 3200000,
        "netIncome": -1600000,
        "netIncomeRatio": -0.005468216,
        "eps": -0.0451,
        "epsdiluted": -0.0451,
        "weightedAverageShsOut": 35494664,
        "weightedAverageShsOutDil": 35494664,
        "link": "https://www.sec.gov/Archives/edgar/data/65270/000095017024133526/0000950170-24-133526-index.htm",
        "finalLink": "https://www.sec.gov/Archives/edgar/data/65270/000095017024133526/mei-20241102.htm"
    },
    {
        "date": "2024-07-27",
        "symbol": "MEI",
        "reportedCurrency": "USD",
        "cik": "0000065270",
        "fillingDate": "2024-09-05",
        "acceptedDate": "2024-09-05 07:30:31",
        "calendarYear": "2025",
        "period": "Q1",
        "revenue": 258500000,
        "costOfRevenue": 213900000,
        "grossProfit": 44600000,
        "grossProfitRatio": 0.1725338491,
        "researchAndDevelopmentExpenses": 0,
        "generalAndAdministrativeExpenses": 0,
        "sellingAndMarketingExpenses": 0,
        "sellingGeneralAndAdministrativeExpenses": 45900000,
        "otherExpenses": 6200000,
        "operatingExpenses": 52100000,
        "costAndExpenses": 266000000,
        "interestIncome": 0,
        "interestExpense": 4800000,
        "depreciationAndAmortization": 14100000,
        "ebitda": 6000000,
        "ebitdaratio": 0.0232108317,
        "operatingIncome": -7500000,
        "operatingIncomeRatio": -0.0290135397,
        "totalOtherIncomeExpensesNet": -5600000,
        "incomeBeforeTax": -13100000,
        "incomeBeforeTaxRatio": -0.0506769826,
        "incomeTaxExpense": 5200000,
        "netIncome": -18300000,
        "netIncomeRatio": -0.0707930368,
        "eps": -0.52,
        "epsdiluted": -0.52,
        "weightedAverageShsOut": 35423886,
        "weightedAverageShsOutDil": 35423886,
        "link": "https://www.sec.gov/Archives/edgar/data/65270/000095017024103735/0000950170-24-103735-index.htm",
        "finalLink": "https://www.sec.gov/Archives/edgar/data/65270/000095017024103735/mei-20240727.htm"
    },
    {
        "date": "2024-04-30",
        "symbol": "MEI",
        "reportedCurrency": "USD",
        "cik": "0000065270",
        "fillingDate": "2024-07-11",
        "acceptedDate": "2024-07-11 07:30:42",
        "calendarYear": "2024",
        "period": "Q4",
        "revenue": 277300000,
        "costOfRevenue": 246300000,
        "grossProfit": 31000000,
        "grossProfitRatio": 0.1117922827,
        "researchAndDevelopmentExpenses": 0,
        "generalAndAdministrativeExpenses": 0,
        "sellingAndMarketingExpenses": 0,
        "sellingGeneralAndAdministrativeExpenses": 39100000,
        "otherExpenses": 0,
        "operatingExpenses": 39100000,
        "costAndExpenses": 285400000,
        "interestIncome": 0,
        "interestExpense": 4500000,
        "depreciationAndAmortization": 14600000,
        "ebitda": -44500000,
        "ebitdaratio": -0.1604760188,
        "operatingIncome": -8100000,
        "operatingIncomeRatio": -0.0292102416,
        "totalOtherIncomeExpensesNet": -1600000,
        "incomeBeforeTax": -63100000,
        "incomeBeforeTaxRatio": -0.2275513884,
        "incomeTaxExpense": -5800000,
        "netIncome": -57300000,
        "netIncomeRatio": -0.2066354129,
        "eps": -1.62,
        "epsdiluted": -1.62,
        "weightedAverageShsOut": 35304285,
        "weightedAverageShsOutDil": 35304285,
        "link": "https://www.sec.gov/Archives/edgar/data/65270/000095017024082852/0000950170-24-082852-index.htm",
        "finalLink": "https://www.sec.gov/Archives/edgar/data/65270/000095017024082852/mei-20240427.htm"
    },
    {
        "date": "2024-01-27",
        "symbol": "MEI",
        "reportedCurrency": "USD",
        "cik": "0000065270",
        "fillingDate": "2024-03-07",
        "acceptedDate": "2024-03-07 07:01:38",
        "calendarYear": "2024",
        "period": "Q3",
        "revenue": 259500000,
        "costOfRevenue": 222500000,
        "grossProfit": 37000000,
        "grossProfitRatio": 0.1425818882,
        "researchAndDevelopmentExpenses": 0,
        "generalAndAdministrativeExpenses": 0,
        "sellingAndMarketingExpenses": 0,
        "sellingGeneralAndAdministrativeExpenses": 33900000,
        "otherExpenses": -2500000,
        "operatingExpenses": 40000000,
        "costAndExpenses": 262500000,
        "interestIncome": 0,
        "interestExpense": 5000000,
        "depreciationAndAmortization": 14900000,
        "ebitda": 9400000,
        "ebitdaratio": 0.0362235067,
        "operatingIncome": -3000000,
        "operatingIncomeRatio": -0.0115606936,
        "totalOtherIncomeExpensesNet": -7500000,
        "incomeBeforeTax": -10500000,
        "incomeBeforeTaxRatio": -0.0404624277,
        "incomeTaxExpense": 1100000,
        "netIncome": -11600000,
        "netIncomeRatio": -0.0447013487,
        "eps": -0.33,
        "epsdiluted": -0.33,
        "weightedAverageShsOut": 35327995,
        "weightedAverageShsOutDil": 35327995,
        "link": "https://www.sec.gov/Archives/edgar/data/65270/000095017024027579/0000950170-24-027579-index.htm",
        "finalLink": "https://www.sec.gov/Archives/edgar/data/65270/000095017024027579/mei-20240127.htm"
    },
    {
        "date": "2023-10-28",
        "symbol": "MEI",
        "reportedCurrency": "USD",
        "cik": "0000065270",
        "fillingDate": "2023-12-07",
        "acceptedDate": "2023-12-07 16:05:35",
        "calendarYear": "2024",
        "period": "Q2",
        "revenue": 288000000,
        "costOfRevenue": 235700000,
        "grossProfit": 52300000,
        "grossProfitRatio": 0.1815972222,
        "researchAndDevelopmentExpenses": 0,
        "generalAndAdministrativeExpenses": 0,
        "sellingAndMarketingExpenses": 0,
        "sellingGeneralAndAdministrativeExpenses": 40900000,
        "otherExpenses": 200000,
        "operatingExpenses": 47100000,
        "costAndExpenses": 282800000,
        "interestIncome": 0,
        "interestExpense": 4400000,
        "depreciationAndAmortization": 14400000,
        "ebitda": -36300000,
        "ebitdaratio": -0.1260416667,
        "operatingIncome": -51300000,
        "operatingIncomeRatio": -0.178125,
        "totalOtherIncomeExpensesNet": -4200000,
        "incomeBeforeTax": -55500000,
        "incomeBeforeTaxRatio": -0.1927083333,
        "incomeTaxExpense": -200000,
        "netIncome": -55300000,
        "netIncomeRatio": -0.1920138889,
        "eps": -1.55,
        "epsdiluted": -1.55,
        "weightedAverageShsOut": 35671677,
        "weightedAverageShsOutDil": 35671677,
        "link": "https://www.sec.gov/Archives/edgar/data/65270/000095017023068796/0000950170-23-068796-index.htm",
        "finalLink": "https://www.sec.gov/Archives/edgar/data/65270/000095017023068796/mei-20231028.htm"
    },
    {
        "date": "2023-07-29",
        "symbol": "MEI",
        "reportedCurrency": "USD",
        "cik": "0000065270",
        "fillingDate": "2023-09-07",
        "acceptedDate": "2023-09-07 07:32:43",
        "calendarYear": "2024",
        "period": "Q1",
        "revenue": 289700000,
        "costOfRevenue": 235700000,
        "grossProfit": 54000000,
        "grossProfitRatio": 0.1863997239,
        "researchAndDevelopmentExpenses": 0,
        "generalAndAdministrativeExpenses": 0,
        "sellingAndMarketingExpenses": 0,
        "sellingGeneralAndAdministrativeExpenses": 44500000,
        "otherExpenses": 0,
        "operatingExpenses": 50200000,
        "costAndExpenses": 285900000,
        "interestIncome": 3500000,
        "interestExpense": 2800000,
        "depreciationAndAmortization": 14000000,
        "ebitda": 17800000,
        "ebitdaratio": 0.0614428719,
        "operatingIncome": 3800000,
        "operatingIncomeRatio": 0.0131170176,
        "totalOtherIncomeExpensesNet": -2800000,
        "incomeBeforeTax": 1000000,
        "incomeBeforeTaxRatio": 0.0034518467,
        "incomeTaxExpense": 100000,
        "netIncome": 900000,
        "netIncomeRatio": 0.0031066621,
        "eps": 0.0252,
        "epsdiluted": 0.0248,
        "weightedAverageShsOut": 35687876,
        "weightedAverageShsOutDil": 36281407,
        "link": "https://www.sec.gov/Archives/edgar/data/65270/000095017023046882/0000950170-23-046882-index.htm",
        "finalLink": "https://www.sec.gov/Archives/edgar/data/65270/000095017023046882/mei-20230729.htm"
    },
    {
        "date": "2023-04-30",
        "symbol": "MEI",
        "reportedCurrency": "USD",
        "cik": "0000065270",
        "fillingDate": "2023-06-27",
        "acceptedDate": "2023-06-27 16:16:08",
        "calendarYear": "2023",
        "period": "Q4",
        "revenue": 301200000,
        "costOfRevenue": 237900000,
        "grossProfit": 63300000,
        "grossProfitRatio": 0.2101593625,
        "researchAndDevelopmentExpenses": 0,
        "generalAndAdministrativeExpenses": 0,
        "sellingAndMarketingExpenses": 0,
        "sellingGeneralAndAdministrativeExpenses": 50100000,
        "otherExpenses": 4700000,
        "operatingExpenses": 54800000,
        "costAndExpenses": 292700000,
        "interestIncome": 0,
        "interestExpense": 1400000,
        "depreciationAndAmortization": 12700000,
        "ebitda": 21900000,
        "ebitdaratio": 0.0727091633,
        "operatingIncome": 8500000,
        "operatingIncomeRatio": 0.0282204515,
        "totalOtherIncomeExpensesNet": -700000,
        "incomeBeforeTax": 7800000,
        "incomeBeforeTaxRatio": 0.0258964143,
        "incomeTaxExpense": -300000,
        "netIncome": 8100000,
        "netIncomeRatio": 0.0268924303,
        "eps": 0.23,
        "epsdiluted": 0.22,
        "weightedAverageShsOut": 35217391,
        "weightedAverageShsOutDil": 36818182,
        "link": "https://www.sec.gov/Archives/edgar/data/65270/000095017023030121/0000950170-23-030121-index.htm",
        "finalLink": "https://www.sec.gov/Archives/edgar/data/65270/000095017023030121/mei-20230429.htm"
    },
    {
        "date": "2023-01-28",
        "symbol": "MEI",
        "reportedCurrency": "USD",
        "cik": "0000065270",
        "fillingDate": "2023-03-09",
        "acceptedDate": "2023-03-09 07:31:01",
        "calendarYear": "2023",
        "period": "Q3",
        "revenue": 280100000,
        "costOfRevenue": 215200000,
        "grossProfit": 64900000,
        "grossProfitRatio": 0.2317029632,
        "researchAndDevelopmentExpenses": 0,
        "generalAndAdministrativeExpenses": 0,
        "sellingAndMarketingExpenses": 0,
        "sellingGeneralAndAdministrativeExpenses": 32900000,
        "otherExpenses": 4700000,
        "operatingExpenses": 37600000,
        "costAndExpenses": 252800000,
        "interestIncome": 0,
        "interestExpense": 800000,
        "depreciationAndAmortization": 12300000,
        "ebitda": 36500000,
        "ebitdaratio": 0.1303106034,
        "operatingIncome": 27300000,
        "operatingIncomeRatio": 0.097465191,
        "totalOtherIncomeExpensesNet": -4300000,
        "incomeBeforeTax": 23000000,
        "incomeBeforeTaxRatio": 0.0821135309,
        "incomeTaxExpense": 3100000,
        "netIncome": 19900000,
        "netIncomeRatio": 0.071046055,
        "eps": 0.56,
        "epsdiluted": 0.54,
        "weightedAverageShsOut": 35535714,
        "weightedAverageShsOutDil": 36851852,
        "link": "https://www.sec.gov/Archives/edgar/data/65270/000095017023006843/0000950170-23-006843-index.htm",
        "finalLink": "https://www.sec.gov/Archives/edgar/data/65270/000095017023006843/mei-20230128.htm"
    },
    {
        "date": "2022-10-29",
        "symbol": "MEI",
        "reportedCurrency": "USD",
        "cik": "0000065270",
        "fillingDate": "2022-12-01",
        "acceptedDate": "2022-12-01 07:30:46",
        "calendarYear": "2023",
        "period": "Q2",
        "revenue": 315900000,
        "costOfRevenue": 241800000,
        "grossProfit": 74100000,
        "grossProfitRatio": 0.2345679012,
        "researchAndDevelopmentExpenses": 0,
        "generalAndAdministrativeExpenses": 0,
        "sellingAndMarketingExpenses": 0,
        "sellingGeneralAndAdministrativeExpenses": 36600000,
        "otherExpenses": 4700000,
        "operatingExpenses": 41300000,
        "costAndExpenses": 283100000,
        "interestIncome": 0,
        "interestExpense": 500000,
        "depreciationAndAmortization": 12200000,
        "ebitda": 46100000,
        "ebitdaratio": 0.145932257,
        "operatingIncome": 32800000,
        "operatingIncomeRatio": 0.1038303261,
        "totalOtherIncomeExpensesNet": 600000,
        "incomeBeforeTax": 33400000,
        "incomeBeforeTaxRatio": 0.1057296613,
        "incomeTaxExpense": 5800000,
        "netIncome": 27600000,
        "netIncomeRatio": 0.0873694207,
        "eps": 0.76,
        "epsdiluted": 0.75,
        "weightedAverageShsOut": 36126132,
        "weightedAverageShsOutDil": 36841831,
        "link": "https://www.sec.gov/Archives/edgar/data/65270/000095017022025916/0000950170-22-025916-index.htm",
        "finalLink": "https://www.sec.gov/Archives/edgar/data/65270/000095017022025916/mei-20221029.htm"
    },
    {
        "date": "2022-07-30",
        "symbol": "MEI",
        "reportedCurrency": "USD",
        "cik": "0000065270",
        "fillingDate": "2022-09-01",
        "acceptedDate": "2022-09-01 07:31:49",
        "calendarYear": "2023",
        "period": "Q1",
        "revenue": 282400000,
        "costOfRevenue": 220600000,
        "grossProfit": 61800000,
        "grossProfitRatio": 0.2188385269,
        "researchAndDevelopmentExpenses": 0,
        "generalAndAdministrativeExpenses": 0,
        "sellingAndMarketingExpenses": 0,
        "sellingGeneralAndAdministrativeExpenses": 35300000,
        "otherExpenses": 4100000,
        "operatingExpenses": 40000000,
        "costAndExpenses": 260600000,
        "interestIncome": 0,
        "interestExpense": 0,
        "depreciationAndAmortization": 12300000,
        "ebitda": 34900000,
        "ebitdaratio": 0.1235835694,
        "operatingIncome": 21800000,
        "operatingIncomeRatio": 0.0771954674,
        "totalOtherIncomeExpensesNet": 4100000,
        "incomeBeforeTax": 25900000,
        "incomeBeforeTaxRatio": 0.091713881,
        "incomeTaxExpense": 4400000,
        "netIncome": 21500000,
        "netIncomeRatio": 0.0761331445,
        "eps": 0.59,
        "epsdiluted": 0.58,
        "weightedAverageShsOut": 36565975,
        "weightedAverageShsOutDil": 37215800,
        "link": "https://www.sec.gov/Archives/edgar/data/65270/000095017022018004/0000950170-22-018004-index.htm",
        "finalLink": "https://www.sec.gov/Archives/edgar/data/65270/000095017022018004/mei-20220730.htm"
    },
    {
        "date": "2022-04-30",
        "symbol": "MEI",
        "reportedCurrency": "USD",
        "cik": "0000065270",
        "fillingDate": "2022-06-23",
        "acceptedDate": "2022-06-23 07:31:40",
        "calendarYear": "2022",
        "period": "Q4",
        "revenue": 288700000,
        "costOfRevenue": 233800000,
        "grossProfit": 54900000,
        "grossProfitRatio": 0.1901627988,
        "researchAndDevelopmentExpenses": 35700000,
        "generalAndAdministrativeExpenses": 0,
        "sellingAndMarketingExpenses": 0,
        "sellingGeneralAndAdministrativeExpenses": 35600000,
        "otherExpenses": 4700000,
        "operatingExpenses": 40300000,
        "costAndExpenses": 274100000,
        "interestIncome": 0,
        "interestExpense": 600000,
        "depreciationAndAmortization": 13000000,
        "ebitda": 29700000,
        "ebitdaratio": 0.1028749567,
        "operatingIncome": 14600000,
        "operatingIncomeRatio": 0.0505715275,
        "totalOtherIncomeExpensesNet": 2600000,
        "incomeBeforeTax": 17200000,
        "incomeBeforeTaxRatio": 0.059577416,
        "incomeTaxExpense": 1000000,
        "netIncome": 16200000,
        "netIncomeRatio": 0.0561136127,
        "eps": 0.44,
        "epsdiluted": 0.43,
        "weightedAverageShsOut": 36818182,
        "weightedAverageShsOutDil": 37674419,
        "link": "https://www.sec.gov/Archives/edgar/data/65270/000095017022011989/0000950170-22-011989-index.htm",
        "finalLink": "https://www.sec.gov/Archives/edgar/data/65270/000095017022011989/mei-20220430.htm"
    },
    {
        "date": "2022-01-29",
        "symbol": "MEI",
        "reportedCurrency": "USD",
        "cik": "0000065270",
        "fillingDate": "2022-03-03",
        "acceptedDate": "2022-03-03 07:30:42",
        "calendarYear": "2022",
        "period": "Q3",
        "revenue": 291600000,
        "costOfRevenue": 222500000,
        "grossProfit": 69100000,
        "grossProfitRatio": 0.2369684499,
        "researchAndDevelopmentExpenses": 0,
        "generalAndAdministrativeExpenses": 0,
        "sellingAndMarketingExpenses": 0,
        "sellingGeneralAndAdministrativeExpenses": 34500000,
        "otherExpenses": 4400000,
        "operatingExpenses": 39300000,
        "costAndExpenses": 261800000,
        "interestIncome": 0,
        "interestExpense": 700000,
        "depreciationAndAmortization": 13700000,
        "ebitda": 47900000,
        "ebitdaratio": 0.164266118,
        "operatingIncome": 29800000,
        "operatingIncomeRatio": 0.1021947874,
        "totalOtherIncomeExpensesNet": 3700000,
        "incomeBeforeTax": 33500000,
        "incomeBeforeTaxRatio": 0.1148834019,
        "incomeTaxExpense": 4100000,
        "netIncome": 29400000,
        "netIncomeRatio": 0.1008230453,
        "eps": 0.8,
        "epsdiluted": 0.78,
        "weightedAverageShsOut": 36853617,
        "weightedAverageShsOutDil": 37475890,
        "link": "https://www.sec.gov/Archives/edgar/data/65270/000156459022008408/0001564590-22-008408-index.htm",
        "finalLink": "https://www.sec.gov/Archives/edgar/data/65270/000156459022008408/mei-10q_20220129.htm"
    },
    {
        "date": "2021-10-30",
        "symbol": "MEI",
        "reportedCurrency": "USD",
        "cik": "0000065270",
        "fillingDate": "2021-12-02",
        "acceptedDate": "2021-12-02 07:31:19",
        "calendarYear": "2022",
        "period": "Q2",
        "revenue": 295500000,
        "costOfRevenue": 226300000,
        "grossProfit": 69200000,
        "grossProfitRatio": 0.234179357,
        "researchAndDevelopmentExpenses": 0,
        "generalAndAdministrativeExpenses": 0,
        "sellingAndMarketingExpenses": 0,
        "sellingGeneralAndAdministrativeExpenses": 31200000,
        "otherExpenses": 900000,
        "operatingExpenses": 36000000,
        "costAndExpenses": 262300000,
        "interestIncome": 0,
        "interestExpense": 1100000,
        "depreciationAndAmortization": 13300000,
        "ebitda": 47400000,
        "ebitdaratio": 0.1604060914,
        "operatingIncome": 33200000,
        "operatingIncomeRatio": 0.1123519459,
        "totalOtherIncomeExpensesNet": -200000,
        "incomeBeforeTax": 33000000,
        "incomeBeforeTaxRatio": 0.1116751269,
        "incomeTaxExpense": 5500000,
        "netIncome": 27500000,
        "netIncomeRatio": 0.0930626058,
        "eps": 0.73,
        "epsdiluted": 0.72,
        "weightedAverageShsOut": 37544357,
        "weightedAverageShsOutDil": 38083256,
        "link": "https://www.sec.gov/Archives/edgar/data/65270/000156459021059038/0001564590-21-059038-index.htm",
        "finalLink": "https://www.sec.gov/Archives/edgar/data/65270/000156459021059038/mei-10q_20211030.htm"
    },
    {
        "date": "2021-07-31",
        "symbol": "MEI",
        "reportedCurrency": "USD",
        "cik": "0000065270",
        "fillingDate": "2021-09-02",
        "acceptedDate": "2021-09-02 07:30:59",
        "calendarYear": "2022",
        "period": "Q1",
        "revenue": 287800000,
        "costOfRevenue": 216100000,
        "grossProfit": 71700000,
        "grossProfitRatio": 0.2491313412,
        "researchAndDevelopmentExpenses": 0,
        "generalAndAdministrativeExpenses": 0,
        "sellingAndMarketingExpenses": 0,
        "sellingGeneralAndAdministrativeExpenses": 32800000,
        "otherExpenses": 1800000,
        "operatingExpenses": 37600000,
        "costAndExpenses": 253700000,
        "interestIncome": 0,
        "interestExpense": 1100000,
        "depreciationAndAmortization": 12600000,
        "ebitda": 48500000,
        "ebitdaratio": 0.1685198054,
        "operatingIncome": 34100000,
        "operatingIncomeRatio": 0.1184850591,
        "totalOtherIncomeExpensesNet": 700000,
        "incomeBeforeTax": 34800000,
        "incomeBeforeTaxRatio": 0.1209173037,
        "incomeTaxExpense": 5700000,
        "netIncome": 29100000,
        "netIncomeRatio": 0.1011118833,
        "eps": 0.77,
        "epsdiluted": 0.76,
        "weightedAverageShsOut": 37939488,
        "weightedAverageShsOutDil": 38457958,
        "link": "https://www.sec.gov/Archives/edgar/data/65270/000156459021046801/0001564590-21-046801-index.htm",
        "finalLink": "https://www.sec.gov/Archives/edgar/data/65270/000156459021046801/mei-10q_20210731.htm"
    },
    {
        "date": "2021-04-30",
        "symbol": "MEI",
        "reportedCurrency": "USD",
        "cik": "0000065270",
        "fillingDate": "2021-06-24",
        "acceptedDate": "2021-06-24 07:31:07",
        "calendarYear": "2021",
        "period": "Q4",
        "revenue": 301000000,
        "costOfRevenue": 225400000,
        "grossProfit": 75600000,
        "grossProfitRatio": 0.2511627907,
        "researchAndDevelopmentExpenses": 37100000,
        "generalAndAdministrativeExpenses": 0,
        "sellingAndMarketingExpenses": 0,
        "sellingGeneralAndAdministrativeExpenses": 37100000,
        "otherExpenses": 3800000,
        "operatingExpenses": 41900000,
        "costAndExpenses": 267300000,
        "interestIncome": 0,
        "interestExpense": 900000,
        "depreciationAndAmortization": 13300000,
        "ebitda": 47800000,
        "ebitdaratio": 0.1588039867,
        "operatingIncome": 33700000,
        "operatingIncomeRatio": 0.1119601329,
        "totalOtherIncomeExpensesNet": 2900000,
        "incomeBeforeTax": 36600000,
        "incomeBeforeTaxRatio": 0.1215946844,
        "incomeTaxExpense": 5500000,
        "netIncome": 31100000,
        "netIncomeRatio": 0.1033222591,
        "eps": 0.82,
        "epsdiluted": 0.81,
        "weightedAverageShsOut": 38104331,
        "weightedAverageShsOutDil": 38539093,
        "link": "https://www.sec.gov/Archives/edgar/data/65270/000156459021034113/0001564590-21-034113-index.htm",
        "finalLink": "https://www.sec.gov/Archives/edgar/data/65270/000156459021034113/mei-10k_20210501.htm"
    },
    {
        "date": "2021-01-30",
        "symbol": "MEI",
        "reportedCurrency": "USD",
        "cik": "0000065270",
        "fillingDate": "2021-03-04",
        "acceptedDate": "2021-03-04 07:21:23",
        "calendarYear": "2021",
        "period": "Q3",
        "revenue": 295300000,
        "costOfRevenue": 222700000,
        "grossProfit": 72600000,
        "grossProfitRatio": 0.2458516763,
        "researchAndDevelopmentExpenses": 0,
        "generalAndAdministrativeExpenses": 0,
        "sellingAndMarketingExpenses": 0,
        "sellingGeneralAndAdministrativeExpenses": 32400000,
        "otherExpenses": 2400000,
        "operatingExpenses": 37200000,
        "costAndExpenses": 259900000,
        "interestIncome": 0,
        "interestExpense": 1300000,
        "depreciationAndAmortization": 13500000,
        "ebitda": 51300000,
        "ebitdaratio": 0.173721639,
        "operatingIncome": 35400000,
        "operatingIncomeRatio": 0.1198780901,
        "totalOtherIncomeExpensesNet": 1100000,
        "incomeBeforeTax": 36500000,
        "incomeBeforeTaxRatio": 0.1236031155,
        "incomeTaxExpense": 4600000,
        "netIncome": 31900000,
        "netIncomeRatio": 0.1080257365,
        "eps": 0.84,
        "epsdiluted": 0.83,
        "weightedAverageShsOut": 38106793,
        "weightedAverageShsOutDil": 38400096,
        "link": "https://www.sec.gov/Archives/edgar/data/65270/000156459021010722/0001564590-21-010722-index.htm",
        "finalLink": "https://www.sec.gov/Archives/edgar/data/65270/000156459021010722/mei-10q_20210130.htm"
    },
    {
        "date": "2020-10-31",
        "symbol": "MEI",
        "reportedCurrency": "USD",
        "cik": "0000065270",
        "fillingDate": "2020-12-03",
        "acceptedDate": "2020-12-03 07:30:45",
        "calendarYear": "2021",
        "period": "Q2",
        "revenue": 300800000,
        "costOfRevenue": 220000000,
        "grossProfit": 80800000,
        "grossProfitRatio": 0.2686170213,
        "researchAndDevelopmentExpenses": 0,
        "generalAndAdministrativeExpenses": 0,
        "sellingAndMarketingExpenses": 0,
        "sellingGeneralAndAdministrativeExpenses": 30800000,
        "otherExpenses": 2600000,
        "operatingExpenses": 35800000,
        "costAndExpenses": 255800000,
        "interestIncome": 0,
        "interestExpense": 1400000,
        "depreciationAndAmortization": 12600000,
        "ebitda": 60200000,
        "ebitdaratio": 0.2001329787,
        "operatingIncome": 45000000,
        "operatingIncomeRatio": 0.1496010638,
        "totalOtherIncomeExpensesNet": 1200000,
        "incomeBeforeTax": 46200000,
        "incomeBeforeTaxRatio": 0.1535904255,
        "incomeTaxExpense": 7600000,
        "netIncome": 38600000,
        "netIncomeRatio": 0.1283244681,
        "eps": 1.01,
        "epsdiluted": 1.01,
        "weightedAverageShsOut": 38106793,
        "weightedAverageShsOutDil": 38127538,
        "link": "https://www.sec.gov/Archives/edgar/data/65270/000156459020055967/0001564590-20-055967-index.htm",
        "finalLink": "https://www.sec.gov/Archives/edgar/data/65270/000156459020055967/mei-10q_20201031.htm"
    },
    {
        "date": "2020-08-01",
        "symbol": "MEI",
        "reportedCurrency": "USD",
        "cik": "0000065270",
        "fillingDate": "2020-09-03",
        "acceptedDate": "2020-09-03 07:30:56",
        "calendarYear": "2021",
        "period": "Q1",
        "revenue": 190900000,
        "costOfRevenue": 145800000,
        "grossProfit": 45100000,
        "grossProfitRatio": 0.2362493452,
        "researchAndDevelopmentExpenses": 0,
        "generalAndAdministrativeExpenses": 0,
        "sellingAndMarketingExpenses": 0,
        "sellingGeneralAndAdministrativeExpenses": 26600000,
        "otherExpenses": 3400000,
        "operatingExpenses": 31300000,
        "costAndExpenses": 177100000,
        "interestIncome": 0,
        "interestExpense": 1600000,
        "depreciationAndAmortization": 12100000,
        "ebitda": 29300000,
        "ebitdaratio": 0.1534834992,
        "operatingIncome": 13800000,
        "operatingIncomeRatio": 0.0722891566,
        "totalOtherIncomeExpensesNet": 1800000,
        "incomeBeforeTax": 15600000,
        "incomeBeforeTaxRatio": 0.0817181771,
        "incomeTaxExpense": -5100000,
        "netIncome": 20700000,
        "netIncomeRatio": 0.1084337349,
        "eps": 0.55,
        "epsdiluted": 0.54,
        "weightedAverageShsOut": 37836543,
        "weightedAverageShsOutDil": 38158418,
        "link": "https://www.sec.gov/Archives/edgar/data/65270/000156459020042429/0001564590-20-042429-index.htm",
        "finalLink": "https://www.sec.gov/Archives/edgar/data/65270/000156459020042429/mei-10q_20200801.htm"
    },
    {
        "date": "2020-04-30",
        "symbol": "MEI",
        "reportedCurrency": "USD",
        "cik": "0000065270",
        "fillingDate": "2020-06-30",
        "acceptedDate": "2020-06-30 07:41:06",
        "calendarYear": "2020",
        "period": "Q4",
        "revenue": 210600000,
        "costOfRevenue": 151400000,
        "grossProfit": 59200000,
        "grossProfitRatio": 0.2811016144,
        "researchAndDevelopmentExpenses": 34900000,
        "generalAndAdministrativeExpenses": 0,
        "sellingAndMarketingExpenses": 0,
        "sellingGeneralAndAdministrativeExpenses": 18200000,
        "otherExpenses": 5900000,
        "operatingExpenses": 22900000,
        "costAndExpenses": 174300000,
        "interestIncome": 0,
        "interestExpense": 2100000,
        "depreciationAndAmortization": 4700000,
        "ebitda": 50900000,
        "ebitdaratio": 0.2416904084,
        "operatingIncome": 36300000,
        "operatingIncomeRatio": 0.1723646724,
        "totalOtherIncomeExpensesNet": 3800000,
        "incomeBeforeTax": 40100000,
        "incomeBeforeTaxRatio": 0.1904083571,
        "incomeTaxExpense": 10000000,
        "netIncome": 30100000,
        "netIncomeRatio": 0.1429249763,
        "eps": 0.8,
        "epsdiluted": 0.79,
        "weightedAverageShsOut": 37587742,
        "weightedAverageShsOutDil": 38216658,
        "link": "https://www.sec.gov/Archives/edgar/data/65270/000156459020031145/0001564590-20-031145-index.htm",
        "finalLink": "https://www.sec.gov/Archives/edgar/data/65270/000156459020031145/mei-10k_20200502.htm"
    },
    {
        "date": "2020-02-01",
        "symbol": "MEI",
        "reportedCurrency": "USD",
        "cik": "0000065270",
        "fillingDate": "2020-03-05",
        "acceptedDate": "2020-03-05 07:16:12",
        "calendarYear": "2020",
        "period": "Q3",
        "revenue": 285900000,
        "costOfRevenue": 206600000,
        "grossProfit": 79300000,
        "grossProfitRatio": 0.2773697097,
        "researchAndDevelopmentExpenses": 0,
        "generalAndAdministrativeExpenses": 0,
        "sellingAndMarketingExpenses": 0,
        "sellingGeneralAndAdministrativeExpenses": 33000000,
        "otherExpenses": 4900000,
        "operatingExpenses": 37800000,
        "costAndExpenses": 244400000,
        "interestIncome": 0,
        "interestExpense": 2400000,
        "depreciationAndAmortization": 12300000,
        "ebitda": 54900000,
        "ebitdaratio": 0.1920251836,
        "operatingIncome": 41500000,
        "operatingIncomeRatio": 0.1451556488,
        "totalOtherIncomeExpensesNet": 2500000,
        "incomeBeforeTax": 44000000,
        "incomeBeforeTaxRatio": 0.153899965,
        "incomeTaxExpense": 2800000,
        "netIncome": 41200000,
        "netIncomeRatio": 0.1441063309,
        "eps": 1.1,
        "epsdiluted": 1.09,
        "weightedAverageShsOut": 37587742,
        "weightedAverageShsOutDil": 37753971,
        "link": "https://www.sec.gov/Archives/edgar/data/65270/000006527020000005/0000065270-20-000005-index.htm",
        "finalLink": "https://www.sec.gov/Archives/edgar/data/65270/000006527020000005/mei0201202010qq3.htm"
    },
    {
        "date": "2019-10-26",
        "symbol": "MEI",
        "reportedCurrency": "USD",
        "cik": "0000065270",
        "fillingDate": "2019-12-05",
        "acceptedDate": "2019-12-05 07:10:22",
        "calendarYear": "2020",
        "period": "Q2",
        "revenue": 257200000,
        "costOfRevenue": 188600000,
        "grossProfit": 68600000,
        "grossProfitRatio": 0.266718507,
        "researchAndDevelopmentExpenses": 0,
        "generalAndAdministrativeExpenses": 0,
        "sellingAndMarketingExpenses": 0,
        "sellingGeneralAndAdministrativeExpenses": 33200000,
        "otherExpenses": 1000000,
        "operatingExpenses": 37900000,
        "costAndExpenses": 226500000,
        "interestIncome": 0,
        "interestExpense": 2700000,
        "depreciationAndAmortization": 11900000,
        "ebitda": 42600000,
        "ebitdaratio": 0.16562986,
        "operatingIncome": 30700000,
        "operatingIncomeRatio": 0.1193623639,
        "totalOtherIncomeExpensesNet": -1700000,
        "incomeBeforeTax": 29000000,
        "incomeBeforeTaxRatio": 0.1127527216,
        "incomeTaxExpense": 5200000,
        "netIncome": 23800000,
        "netIncomeRatio": 0.0925349922,
        "eps": 0.63,
        "epsdiluted": 0.63,
        "weightedAverageShsOut": 37587742,
        "weightedAverageShsOutDil": 37739188,
        "link": "https://www.sec.gov/Archives/edgar/data/65270/000006527019000040/0000065270-19-000040-index.htm",
        "finalLink": "https://www.sec.gov/Archives/edgar/data/65270/000006527019000040/mei1026201910qq2.htm"
    },
    {
        "date": "2019-07-27",
        "symbol": "MEI",
        "reportedCurrency": "USD",
        "cik": "0000065270",
        "fillingDate": "2019-08-29",
        "acceptedDate": "2019-08-29 07:13:31",
        "calendarYear": "2020",
        "period": "Q1",
        "revenue": 270200000,
        "costOfRevenue": 194400000,
        "grossProfit": 75800000,
        "grossProfitRatio": 0.2805329386,
        "researchAndDevelopmentExpenses": 0,
        "generalAndAdministrativeExpenses": 0,
        "sellingAndMarketingExpenses": 0,
        "sellingGeneralAndAdministrativeExpenses": 32400000,
        "otherExpenses": -100000,
        "operatingExpenses": 37200000,
        "costAndExpenses": 231600000,
        "interestIncome": 0,
        "interestExpense": 2900000,
        "depreciationAndAmortization": 11800000,
        "ebitda": 51200000,
        "ebitdaratio": 0.1894892672,
        "operatingIncome": 38600000,
        "operatingIncomeRatio": 0.1428571429,
        "totalOtherIncomeExpensesNet": -3000000,
        "incomeBeforeTax": 35600000,
        "incomeBeforeTaxRatio": 0.1317542561,
        "incomeTaxExpense": 7300000,
        "netIncome": 28300000,
        "netIncomeRatio": 0.1047372317,
        "eps": 0.75,
        "epsdiluted": 0.75,
        "weightedAverageShsOut": 37534451,
        "weightedAverageShsOutDil": 37667054,
        "link": "https://www.sec.gov/Archives/edgar/data/65270/000006527019000028/0000065270-19-000028-index.htm",
        "finalLink": "https://www.sec.gov/Archives/edgar/data/65270/000006527019000028/mei0727201910qq1.htm"
    },
    {
        "date": "2019-04-30",
        "symbol": "MEI",
        "reportedCurrency": "USD",
        "cik": "0000065270",
        "fillingDate": "2019-06-20",
        "acceptedDate": "2019-06-20 07:19:49",
        "calendarYear": "2019",
        "period": "Q4",
        "revenue": 266000000,
        "costOfRevenue": 195400000,
        "grossProfit": 70600000,
        "grossProfitRatio": 0.2654135338,
        "researchAndDevelopmentExpenses": 41200000,
        "generalAndAdministrativeExpenses": 0,
        "sellingAndMarketingExpenses": 0,
        "sellingGeneralAndAdministrativeExpenses": 32600000,
        "otherExpenses": 400000,
        "operatingExpenses": 37600000,
        "costAndExpenses": 233000000,
        "interestIncome": 0,
        "interestExpense": 3300000,
        "depreciationAndAmortization": 5000000,
        "ebitda": 45700000,
        "ebitdaratio": 0.1718045113,
        "operatingIncome": 33000000,
        "operatingIncomeRatio": 0.1240601504,
        "totalOtherIncomeExpensesNet": -2900000,
        "incomeBeforeTax": 30100000,
        "incomeBeforeTaxRatio": 0.1131578947,
        "incomeTaxExpense": 7500000,
        "netIncome": 22600000,
        "netIncomeRatio": 0.084962406,
        "eps": 0.61,
        "epsdiluted": 0.6,
        "weightedAverageShsOut": 37422607,
        "weightedAverageShsOutDil": 37675723,
        "link": "https://www.sec.gov/Archives/edgar/data/65270/000006527019000019/0000065270-19-000019-index.htm",
        "finalLink": "https://www.sec.gov/Archives/edgar/data/65270/000006527019000019/mei-4272019x10k.htm"
    },
    {
        "date": "2019-01-26",
        "symbol": "MEI",
        "reportedCurrency": "USD",
        "cik": "0000065270",
        "fillingDate": "2019-03-07",
        "acceptedDate": "2019-03-07 07:04:31",
        "calendarYear": "2019",
        "period": "Q3",
        "revenue": 246900000,
        "costOfRevenue": 182600000,
        "grossProfit": 64300000,
        "grossProfitRatio": 0.2604293236,
        "researchAndDevelopmentExpenses": 0,
        "generalAndAdministrativeExpenses": 0,
        "sellingAndMarketingExpenses": 0,
        "sellingGeneralAndAdministrativeExpenses": 32800000,
        "otherExpenses": 4900000,
        "operatingExpenses": 38300000,
        "costAndExpenses": 220900000,
        "interestIncome": 0,
        "interestExpense": 3200000,
        "depreciationAndAmortization": 12200000,
        "ebitda": 38200000,
        "ebitdaratio": 0.1547185095,
        "operatingIncome": 26000000,
        "operatingIncomeRatio": 0.1053057918,
        "totalOtherIncomeExpensesNet": 1700000,
        "incomeBeforeTax": 27700000,
        "incomeBeforeTaxRatio": 0.1121911705,
        "incomeTaxExpense": -3000000,
        "netIncome": 30700000,
        "netIncomeRatio": 0.1243418388,
        "eps": 0.82,
        "epsdiluted": 0.82,
        "weightedAverageShsOut": 37405550,
        "weightedAverageShsOutDil": 37654250,
        "link": "https://www.sec.gov/Archives/edgar/data/65270/000006527019000005/0000065270-19-000005-index.htm",
        "finalLink": "https://www.sec.gov/Archives/edgar/data/65270/000006527019000005/mei0126201910qq3.htm"
    },
    {
        "date": "2018-10-27",
        "symbol": "MEI",
        "reportedCurrency": "USD",
        "cik": "0000065270",
        "fillingDate": "2018-12-06",
        "acceptedDate": "2018-12-06 07:17:02",
        "calendarYear": "2019",
        "period": "Q2",
        "revenue": 264000000,
        "costOfRevenue": 193200000,
        "grossProfit": 70800000,
        "grossProfitRatio": 0.2681818182,
        "researchAndDevelopmentExpenses": 0,
        "generalAndAdministrativeExpenses": 0,
        "sellingAndMarketingExpenses": 0,
        "sellingGeneralAndAdministrativeExpenses": 48000000,
        "otherExpenses": 100000,
        "operatingExpenses": 51700000,
        "costAndExpenses": 244900000,
        "interestIncome": 0,
        "interestExpense": 1600000,
        "depreciationAndAmortization": 10000000,
        "ebitda": 29100000,
        "ebitdaratio": 0.1102272727,
        "operatingIncome": 19100000,
        "operatingIncomeRatio": 0.0723484848,
        "totalOtherIncomeExpensesNet": -1500000,
        "incomeBeforeTax": 17600000,
        "incomeBeforeTaxRatio": 0.0666666667,
        "incomeTaxExpense": 3000000,
        "netIncome": 14600000,
        "netIncomeRatio": 0.0553030303,
        "eps": 0.39,
        "epsdiluted": 0.39,
        "weightedAverageShsOut": 37405550,
        "weightedAverageShsOutDil": 37673722,
        "link": "https://www.sec.gov/Archives/edgar/data/65270/000006527018000041/0000065270-18-000041-index.htm",
        "finalLink": "https://www.sec.gov/Archives/edgar/data/65270/000006527018000041/mei1027201810qq2.htm"
    },
    {
        "date": "2018-07-28",
        "symbol": "MEI",
        "reportedCurrency": "USD",
        "cik": "0000065270",
        "fillingDate": "2018-08-30",
        "acceptedDate": "2018-08-30 07:22:48",
        "calendarYear": "2019",
        "period": "Q1",
        "revenue": 223400000,
        "costOfRevenue": 163300000,
        "grossProfit": 60100000,
        "grossProfitRatio": 0.2690241719,
        "researchAndDevelopmentExpenses": 0,
        "generalAndAdministrativeExpenses": 0,
        "sellingAndMarketingExpenses": 0,
        "sellingGeneralAndAdministrativeExpenses": 29500000,
        "otherExpenses": -300000,
        "operatingExpenses": 31400000,
        "costAndExpenses": 194700000,
        "interestIncome": 0,
        "interestExpense": 200000,
        "depreciationAndAmortization": 8400000,
        "ebitda": 37100000,
        "ebitdaratio": 0.1660698299,
        "operatingIncome": 28700000,
        "operatingIncomeRatio": 0.1284691137,
        "totalOtherIncomeExpensesNet": -500000,
        "incomeBeforeTax": 28200000,
        "incomeBeforeTaxRatio": 0.1262309758,
        "incomeTaxExpense": 4500000,
        "netIncome": 23700000,
        "netIncomeRatio": 0.106087735,
        "eps": 0.63,
        "epsdiluted": 0.63,
        "weightedAverageShsOut": 37350444,
        "weightedAverageShsOutDil": 37637502,
        "link": "https://www.sec.gov/Archives/edgar/data/65270/000006527018000029/0000065270-18-000029-index.htm",
        "finalLink": "https://www.sec.gov/Archives/edgar/data/65270/000006527018000029/mei0728201810qq1.htm"
    },
    {
        "date": "2018-04-30",
        "symbol": "MEI",
        "reportedCurrency": "USD",
        "cik": "0000065270",
        "fillingDate": "2018-06-21",
        "acceptedDate": "2018-06-21 07:13:35",
        "calendarYear": "2018",
        "period": "Q4",
        "revenue": 249000000,
        "costOfRevenue": 187100000,
        "grossProfit": 61900000,
        "grossProfitRatio": 0.2485943775,
        "researchAndDevelopmentExpenses": 37900000,
        "generalAndAdministrativeExpenses": 0,
        "sellingAndMarketingExpenses": 0,
        "sellingGeneralAndAdministrativeExpenses": 32400000,
        "otherExpenses": 3800000,
        "operatingExpenses": 34300000,
        "costAndExpenses": 221400000,
        "interestIncome": 0,
        "interestExpense": 600000,
        "depreciationAndAmortization": 1900000,
        "ebitda": 35700000,
        "ebitdaratio": 0.143373494,
        "operatingIncome": 27600000,
        "operatingIncomeRatio": 0.1108433735,
        "totalOtherIncomeExpensesNet": 3200000,
        "incomeBeforeTax": 30800000,
        "incomeBeforeTaxRatio": 0.1236947791,
        "incomeTaxExpense": -6000000,
        "netIncome": 36800000,
        "netIncomeRatio": 0.1477911647,
        "eps": 0.99,
        "epsdiluted": 0.98,
        "weightedAverageShsOut": 37301398,
        "weightedAverageShsOutDil": 37709198,
        "link": "https://www.sec.gov/Archives/edgar/data/65270/000006527018000014/0000065270-18-000014-index.htm",
        "finalLink": "https://www.sec.gov/Archives/edgar/data/65270/000006527018000014/mei-4282018x10k.htm"
    },
    {
        "date": "2018-01-27",
        "symbol": "MEI",
        "reportedCurrency": "USD",
        "cik": "0000065270",
        "fillingDate": "2018-03-01",
        "acceptedDate": "2018-03-01 07:09:52",
        "calendarYear": "2018",
        "period": "Q3",
        "revenue": 228000000,
        "costOfRevenue": 167900000,
        "grossProfit": 60100000,
        "grossProfitRatio": 0.2635964912,
        "researchAndDevelopmentExpenses": 0,
        "generalAndAdministrativeExpenses": 0,
        "sellingAndMarketingExpenses": 0,
        "sellingGeneralAndAdministrativeExpenses": 22500000,
        "otherExpenses": 3800000,
        "operatingExpenses": 24500000,
        "costAndExpenses": 192400000,
        "interestIncome": 0,
        "interestExpense": 300000,
        "depreciationAndAmortization": 7100000,
        "ebitda": 42700000,
        "ebitdaratio": 0.1872807018,
        "operatingIncome": 35600000,
        "operatingIncomeRatio": 0.1561403509,
        "totalOtherIncomeExpensesNet": 3500000,
        "incomeBeforeTax": 39100000,
        "incomeBeforeTaxRatio": 0.1714912281,
        "incomeTaxExpense": 63400000,
        "netIncome": -24300000,
        "netIncomeRatio": -0.1065789474,
        "eps": -0.65,
        "epsdiluted": -0.65,
        "weightedAverageShsOut": 37292934,
        "weightedAverageShsOutDil": 37292934,
        "link": "https://www.sec.gov/Archives/edgar/data/65270/000162828018002573/0001628280-18-002573-index.htm",
        "finalLink": "https://www.sec.gov/Archives/edgar/data/65270/000162828018002573/mei0127201810qq3.htm"
    },
    {
        "date": "2017-10-28",
        "symbol": "MEI",
        "reportedCurrency": "USD",
        "cik": "0000065270",
        "fillingDate": "2017-12-07",
        "acceptedDate": "2017-12-07 07:07:45",
        "calendarYear": "2018",
        "period": "Q2",
        "revenue": 230100000,
        "costOfRevenue": 168100000,
        "grossProfit": 62000000,
        "grossProfitRatio": 0.2694480661,
        "researchAndDevelopmentExpenses": 0,
        "generalAndAdministrativeExpenses": 0,
        "sellingAndMarketingExpenses": 0,
        "sellingGeneralAndAdministrativeExpenses": 31200000,
        "otherExpenses": -400000,
        "operatingExpenses": 32300000,
        "costAndExpenses": 200400000,
        "interestIncome": 0,
        "interestExpense": 200000,
        "depreciationAndAmortization": 7300000,
        "ebitda": 37000000,
        "ebitdaratio": 0.1607996523,
        "operatingIncome": 29700000,
        "operatingIncomeRatio": 0.1290743155,
        "totalOtherIncomeExpensesNet": -600000,
        "incomeBeforeTax": 29100000,
        "incomeBeforeTaxRatio": 0.1264667536,
        "incomeTaxExpense": 4900000,
        "netIncome": 24200000,
        "netIncomeRatio": 0.1051716645,
        "eps": 0.65,
        "epsdiluted": 0.64,
        "weightedAverageShsOut": 37283500,
        "weightedAverageShsOutDil": 37668100,
        "link": "https://www.sec.gov/Archives/edgar/data/65270/000006527017000038/0000065270-17-000038-index.htm",
        "finalLink": "https://www.sec.gov/Archives/edgar/data/65270/000006527017000038/mei1028201710qq2.htm"
    },
    {
        "date": "2017-07-29",
        "symbol": "MEI",
        "reportedCurrency": "USD",
        "cik": "0000065270",
        "fillingDate": "2017-08-31",
        "acceptedDate": "2017-08-31 07:15:57",
        "calendarYear": "2018",
        "period": "Q1",
        "revenue": 201200000,
        "costOfRevenue": 145600000,
        "grossProfit": 55600000,
        "grossProfitRatio": 0.2763419483,
        "researchAndDevelopmentExpenses": 0,
        "generalAndAdministrativeExpenses": 0,
        "sellingAndMarketingExpenses": 0,
        "sellingGeneralAndAdministrativeExpenses": 29600000,
        "otherExpenses": -800000,
        "operatingExpenses": 30200000,
        "costAndExpenses": 175800000,
        "interestIncome": 0,
        "interestExpense": 200000,
        "depreciationAndAmortization": 5600000,
        "ebitda": 31000000,
        "ebitdaratio": 0.1540755467,
        "operatingIncome": 25400000,
        "operatingIncomeRatio": 0.1262425447,
        "totalOtherIncomeExpensesNet": -600000,
        "incomeBeforeTax": 24800000,
        "incomeBeforeTaxRatio": 0.1232604374,
        "incomeTaxExpense": 4300000,
        "netIncome": 20500000,
        "netIncomeRatio": 0.101888668,
        "eps": 0.55,
        "epsdiluted": 0.55,
        "weightedAverageShsOut": 37248689,
        "weightedAverageShsOutDil": 37561240,
        "link": "https://www.sec.gov/Archives/edgar/data/65270/000006527017000029/0000065270-17-000029-index.htm",
        "finalLink": "https://www.sec.gov/Archives/edgar/data/65270/000006527017000029/mei0729201710qq1.htm"
    },
    {
        "date": "2017-04-30",
        "symbol": "MEI",
        "reportedCurrency": "USD",
        "cik": "0000065270",
        "fillingDate": "2017-06-22",
        "acceptedDate": "2017-06-22 07:09:37",
        "calendarYear": "2017",
        "period": "Q4",
        "revenue": 219700000,
        "costOfRevenue": 164500000,
        "grossProfit": 55200000,
        "grossProfitRatio": 0.2512517069,
        "researchAndDevelopmentExpenses": 27800000,
        "generalAndAdministrativeExpenses": 0,
        "sellingAndMarketingExpenses": 0,
        "sellingGeneralAndAdministrativeExpenses": 29300000,
        "otherExpenses": 1800000,
        "operatingExpenses": 29300000,
        "costAndExpenses": 193800000,
        "interestIncome": 100000,
        "interestExpense": 100000,
        "depreciationAndAmortization": 6700000,
        "ebitda": 32700000,
        "ebitdaratio": 0.1488393264,
        "operatingIncome": 25900000,
        "operatingIncomeRatio": 0.1178880291,
        "totalOtherIncomeExpensesNet": 1900000,
        "incomeBeforeTax": 27800000,
        "incomeBeforeTaxRatio": 0.1265361857,
        "incomeTaxExpense": 4700000,
        "netIncome": 23100000,
        "netIncomeRatio": 0.1051433773,
        "eps": 0.62,
        "epsdiluted": 0.62,
        "weightedAverageShsOut": 37239113,
        "weightedAverageShsOutDil": 37523246,
        "link": "https://www.sec.gov/Archives/edgar/data/65270/000006527017000016/0000065270-17-000016-index.htm",
        "finalLink": "https://www.sec.gov/Archives/edgar/data/65270/000006527017000016/mei-4292017x10k.htm"
    },
    {
        "date": "2017-01-28",
        "symbol": "MEI",
        "reportedCurrency": "USD",
        "cik": "0000065270",
        "fillingDate": "2017-03-02",
        "acceptedDate": "2017-03-02 07:17:38",
        "calendarYear": "2017",
        "period": "Q3",
        "revenue": 195600000,
        "costOfRevenue": 142200000,
        "grossProfit": 53400000,
        "grossProfitRatio": 0.273006135,
        "researchAndDevelopmentExpenses": 0,
        "generalAndAdministrativeExpenses": 0,
        "sellingAndMarketingExpenses": 0,
        "sellingGeneralAndAdministrativeExpenses": 24300000,
        "otherExpenses": 0,
        "operatingExpenses": 24300000,
        "costAndExpenses": 166500000,
        "interestIncome": 0,
        "interestExpense": 200000,
        "depreciationAndAmortization": 5900000,
        "ebitda": 35000000,
        "ebitdaratio": 0.1789366053,
        "operatingIncome": 29100000,
        "operatingIncomeRatio": 0.1487730061,
        "totalOtherIncomeExpensesNet": 1200000,
        "incomeBeforeTax": 30300000,
        "incomeBeforeTaxRatio": 0.1549079755,
        "incomeTaxExpense": 6600000,
        "netIncome": 23700000,
        "netIncomeRatio": 0.1211656442,
        "eps": 0.64,
        "epsdiluted": 0.63,
        "weightedAverageShsOut": 37217302,
        "weightedAverageShsOutDil": 37470653,
        "link": "https://www.sec.gov/Archives/edgar/data/65270/000006527017000006/0000065270-17-000006-index.htm",
        "finalLink": "https://www.sec.gov/Archives/edgar/data/65270/000006527017000006/mei0128201710qq3.htm"
    },
    {
        "date": "2016-10-29",
        "symbol": "MEI",
        "reportedCurrency": "USD",
        "cik": "0000065270",
        "fillingDate": "2016-12-08",
        "acceptedDate": "2016-12-08 07:03:22",
        "calendarYear": "2017",
        "period": "Q2",
        "revenue": 209300000,
        "costOfRevenue": 153700000,
        "grossProfit": 55600000,
        "grossProfitRatio": 0.2656473961,
        "researchAndDevelopmentExpenses": 0,
        "generalAndAdministrativeExpenses": 0,
        "sellingAndMarketingExpenses": 0,
        "sellingGeneralAndAdministrativeExpenses": 26500000,
        "otherExpenses": 0,
        "operatingExpenses": 26500000,
        "costAndExpenses": 180200000,
        "interestIncome": 100000,
        "interestExpense": 0,
        "depreciationAndAmortization": 5900000,
        "ebitda": 35000000,
        "ebitdaratio": 0.1672240803,
        "operatingIncome": 29100000,
        "operatingIncomeRatio": 0.1390348782,
        "totalOtherIncomeExpensesNet": 2000000,
        "incomeBeforeTax": 31100000,
        "incomeBeforeTaxRatio": 0.1485905399,
        "incomeTaxExpense": 6200000,
        "netIncome": 24900000,
        "netIncomeRatio": 0.1189679885,
        "eps": 0.66,
        "epsdiluted": 0.66,
        "weightedAverageShsOut": 37353423,
        "weightedAverageShsOutDil": 37541250,
        "link": "https://www.sec.gov/Archives/edgar/data/65270/000006527016000076/0000065270-16-000076-index.htm",
        "finalLink": "https://www.sec.gov/Archives/edgar/data/65270/000006527016000076/mei1029201610qq2.htm"
    },
    {
        "date": "2016-07-30",
        "symbol": "MEI",
        "reportedCurrency": "USD",
        "cik": "0000065270",
        "fillingDate": "2016-09-01",
        "acceptedDate": "2016-09-01 07:03:46",
        "calendarYear": "2017",
        "period": "Q1",
        "revenue": 191900000,
        "costOfRevenue": 137800000,
        "grossProfit": 54100000,
        "grossProfitRatio": 0.2819176655,
        "researchAndDevelopmentExpenses": 0,
        "generalAndAdministrativeExpenses": 0,
        "sellingAndMarketingExpenses": 0,
        "sellingGeneralAndAdministrativeExpenses": 27400000,
        "otherExpenses": 0,
        "operatingExpenses": 27400000,
        "costAndExpenses": 165200000,
        "interestIncome": 0,
        "interestExpense": 0,
        "depreciationAndAmortization": 5800000,
        "ebitda": 32500000,
        "ebitdaratio": 0.1693590412,
        "operatingIncome": 26700000,
        "operatingIncomeRatio": 0.1391349661,
        "totalOtherIncomeExpensesNet": 0,
        "incomeBeforeTax": 26700000,
        "incomeBeforeTaxRatio": 0.1391349661,
        "incomeTaxExpense": 5500000,
        "netIncome": 21200000,
        "netIncomeRatio": 0.1104742053,
        "eps": 0.57,
        "epsdiluted": 0.57,
        "weightedAverageShsOut": 37322548,
        "weightedAverageShsOutDil": 37469292,
        "link": "https://www.sec.gov/Archives/edgar/data/65270/000006527016000066/0000065270-16-000066-index.htm",
        "finalLink": "https://www.sec.gov/Archives/edgar/data/65270/000006527016000066/mei0730201610qq1.htm"
    },
    {
        "date": "2016-04-30",
        "symbol": "MEI",
        "reportedCurrency": "USD",
        "cik": "0000065270",
        "fillingDate": "2016-06-23",
        "acceptedDate": "2016-06-23 07:24:04",
        "calendarYear": "2016",
        "period": "Q4",
        "revenue": 212800000,
        "costOfRevenue": 152000000,
        "grossProfit": 60800000,
        "grossProfitRatio": 0.2857142857,
        "researchAndDevelopmentExpenses": 27800000,
        "generalAndAdministrativeExpenses": 0,
        "sellingAndMarketingExpenses": 0,
        "sellingGeneralAndAdministrativeExpenses": 29500000,
        "otherExpenses": -1000000,
        "operatingExpenses": 29500000,
        "costAndExpenses": 181500000,
        "interestIncome": 0,
        "interestExpense": 0,
        "depreciationAndAmortization": 6100000,
        "ebitda": 37400000,
        "ebitdaratio": 0.1757518797,
        "operatingIncome": 31300000,
        "operatingIncomeRatio": 0.1470864662,
        "totalOtherIncomeExpensesNet": -1000000,
        "incomeBeforeTax": 30300000,
        "incomeBeforeTaxRatio": 0.142387218,
        "incomeTaxExpense": 7700000,
        "netIncome": 22600000,
        "netIncomeRatio": 0.1062030075,
        "eps": 0.6,
        "epsdiluted": 0.6,
        "weightedAverageShsOut": 37346476,
        "weightedAverageShsOutDil": 37471873,
        "link": "https://www.sec.gov/Archives/edgar/data/65270/000006527016000055/0000065270-16-000055-index.htm",
        "finalLink": "https://www.sec.gov/Archives/edgar/data/65270/000006527016000055/mei-4302016x10k.htm"
    },
    {
        "date": "2016-01-30",
        "symbol": "MEI",
        "reportedCurrency": "USD",
        "cik": "0000065270",
        "fillingDate": "2016-03-03",
        "acceptedDate": "2016-03-03 07:24:16",
        "calendarYear": "2016",
        "period": "Q3",
        "revenue": 184600000,
        "costOfRevenue": 137000000,
        "grossProfit": 47600000,
        "grossProfitRatio": 0.2578548212,
        "researchAndDevelopmentExpenses": 0,
        "generalAndAdministrativeExpenses": 0,
        "sellingAndMarketingExpenses": 0,
        "sellingGeneralAndAdministrativeExpenses": 26100000,
        "otherExpenses": 0,
        "operatingExpenses": 26100000,
        "costAndExpenses": 163100000,
        "interestIncome": 0,
        "interestExpense": 200000,
        "depreciationAndAmortization": 5800000,
        "ebitda": 27300000,
        "ebitdaratio": 0.1478873239,
        "operatingIncome": 21500000,
        "operatingIncomeRatio": 0.116468039,
        "totalOtherIncomeExpensesNet": 1200000,
        "incomeBeforeTax": 22700000,
        "incomeBeforeTaxRatio": 0.1229685807,
        "incomeTaxExpense": 5500000,
        "netIncome": 17200000,
        "netIncomeRatio": 0.0931744312,
        "eps": 0.45,
        "epsdiluted": 0.45,
        "weightedAverageShsOut": 38159789,
        "weightedAverageShsOutDil": 38278231,
        "link": "https://www.sec.gov/Archives/edgar/data/65270/000006527016000045/0000065270-16-000045-index.htm",
        "finalLink": "https://www.sec.gov/Archives/edgar/data/65270/000006527016000045/mei0130201610qq3.htm"
    },
    {
        "date": "2015-10-31",
        "symbol": "MEI",
        "reportedCurrency": "USD",
        "cik": "0000065270",
        "fillingDate": "2015-12-10",
        "acceptedDate": "2015-12-10 07:15:10",
        "calendarYear": "2016",
        "period": "Q2",
        "revenue": 208400000,
        "costOfRevenue": 157500000,
        "grossProfit": 50900000,
        "grossProfitRatio": 0.2442418426,
        "researchAndDevelopmentExpenses": 0,
        "generalAndAdministrativeExpenses": 0,
        "sellingAndMarketingExpenses": 0,
        "sellingGeneralAndAdministrativeExpenses": 24500000,
        "otherExpenses": 200000,
        "operatingExpenses": 24500000,
        "costAndExpenses": 182000000,
        "interestIncome": 300000,
        "interestExpense": 300000,
        "depreciationAndAmortization": 5800000,
        "ebitda": 32200000,
        "ebitdaratio": 0.1545105566,
        "operatingIncome": 26400000,
        "operatingIncomeRatio": 0.1266794626,
        "totalOtherIncomeExpensesNet": 500000,
        "incomeBeforeTax": 26900000,
        "incomeBeforeTaxRatio": 0.1290786948,
        "incomeTaxExpense": 5700000,
        "netIncome": 21200000,
        "netIncomeRatio": 0.1017274472,
        "eps": 0.55,
        "epsdiluted": 0.54,
        "weightedAverageShsOut": 38972930,
        "weightedAverageShsOutDil": 39077839,
        "link": "https://www.sec.gov/Archives/edgar/data/65270/000006527015000038/0000065270-15-000038-index.htm",
        "finalLink": "https://www.sec.gov/Archives/edgar/data/65270/000006527015000038/mei1031201510qq2.htm"
    },
    {
        "date": "2015-08-01",
        "symbol": "MEI",
        "reportedCurrency": "USD",
        "cik": "0000065270",
        "fillingDate": "2015-09-03",
        "acceptedDate": "2015-09-03 07:08:56",
        "calendarYear": "2016",
        "period": "Q1",
        "revenue": 203300000,
        "costOfRevenue": 149700000,
        "grossProfit": 53600000,
        "grossProfitRatio": 0.2636497787,
        "researchAndDevelopmentExpenses": 0,
        "generalAndAdministrativeExpenses": 0,
        "sellingAndMarketingExpenses": 0,
        "sellingGeneralAndAdministrativeExpenses": 23200000,
        "otherExpenses": 0,
        "operatingExpenses": 23200000,
        "costAndExpenses": 172900000,
        "interestIncome": 0,
        "interestExpense": 200000,
        "depreciationAndAmortization": 6200000,
        "ebitda": 36600000,
        "ebitdaratio": 0.180029513,
        "operatingIncome": 30400000,
        "operatingIncomeRatio": 0.1495327103,
        "totalOtherIncomeExpensesNet": 500000,
        "incomeBeforeTax": 30900000,
        "incomeBeforeTaxRatio": 0.1519921299,
        "incomeTaxExpense": 7400000,
        "netIncome": 23500000,
        "netIncomeRatio": 0.1155927201,
        "eps": 0.6,
        "epsdiluted": 0.6,
        "weightedAverageShsOut": 38904743,
        "weightedAverageShsOutDil": 39030798,
        "link": "https://www.sec.gov/Archives/edgar/data/65270/000006527015000023/0000065270-15-000023-index.htm",
        "finalLink": "https://www.sec.gov/Archives/edgar/data/65270/000006527015000023/mei0801201510qq1.htm"
    },
    {
        "date": "2015-04-30",
        "symbol": "MEI",
        "reportedCurrency": "USD",
        "cik": "0000065270",
        "fillingDate": "2015-06-25",
        "acceptedDate": "2015-06-25 07:08:54",
        "calendarYear": "2015",
        "period": "Q4",
        "revenue": 227300000,
        "costOfRevenue": 175300000,
        "grossProfit": 52000000,
        "grossProfitRatio": 0.2287725473,
        "researchAndDevelopmentExpenses": 24500000,
        "generalAndAdministrativeExpenses": 0,
        "sellingAndMarketingExpenses": 0,
        "sellingGeneralAndAdministrativeExpenses": 24900000,
        "otherExpenses": 1500000,
        "operatingExpenses": 26400000,
        "costAndExpenses": 201700000,
        "interestIncome": 0,
        "interestExpense": 300000,
        "depreciationAndAmortization": 5900000,
        "ebitda": 34600000,
        "ebitdaratio": 0.1522217334,
        "operatingIncome": 14500000,
        "operatingIncomeRatio": 0.0637923449,
        "totalOtherIncomeExpensesNet": 8000000,
        "incomeBeforeTax": 22500000,
        "incomeBeforeTaxRatio": 0.0989881214,
        "incomeTaxExpense": -4000000,
        "netIncome": 26600000,
        "netIncomeRatio": 0.1170259569,
        "eps": 0.68,
        "epsdiluted": 0.68,
        "weightedAverageShsOut": 38813621,
        "weightedAverageShsOutDil": 39200000,
        "link": "https://www.sec.gov/Archives/edgar/data/65270/000006527015000016/0000065270-15-000016-index.htm",
        "finalLink": "https://www.sec.gov/Archives/edgar/data/65270/000006527015000016/mei-5022015x10k.htm"
    },
    {
        "date": "2015-01-31",
        "symbol": "MEI",
        "reportedCurrency": "USD",
        "cik": "0000065270",
        "fillingDate": "2015-03-05",
        "acceptedDate": "2015-03-05 07:15:26",
        "calendarYear": "2015",
        "period": "Q3",
        "revenue": 206000000,
        "costOfRevenue": 149800000,
        "grossProfit": 56200000,
        "grossProfitRatio": 0.272815534,
        "researchAndDevelopmentExpenses": 0,
        "generalAndAdministrativeExpenses": 0,
        "sellingAndMarketingExpenses": 0,
        "sellingGeneralAndAdministrativeExpenses": 21500000,
        "otherExpenses": 0,
        "operatingExpenses": 21500000,
        "costAndExpenses": 171300000,
        "interestIncome": 0,
        "interestExpense": 200000,
        "depreciationAndAmortization": 5500000,
        "ebitda": 40200000,
        "ebitdaratio": 0.1951456311,
        "operatingIncome": 34700000,
        "operatingIncomeRatio": 0.1684466019,
        "totalOtherIncomeExpensesNet": 500000,
        "incomeBeforeTax": 35200000,
        "incomeBeforeTaxRatio": 0.1708737864,
        "incomeTaxExpense": 8100000,
        "netIncome": 27100000,
        "netIncomeRatio": 0.1315533981,
        "eps": 0.69,
        "epsdiluted": 0.68,
        "weightedAverageShsOut": 38791210,
        "weightedAverageShsOutDil": 39615541,
        "link": "https://www.sec.gov/Archives/edgar/data/65270/000006527015000007/0000065270-15-000007-index.htm",
        "finalLink": "https://www.sec.gov/Archives/edgar/data/65270/000006527015000007/mei0131201510qq3.htm"
    },
    {
        "date": "2014-11-01",
        "symbol": "MEI",
        "reportedCurrency": "USD",
        "cik": "0000065270",
        "fillingDate": "2014-12-11",
        "acceptedDate": "2014-12-11 06:51:32",
        "calendarYear": "2015",
        "period": "Q2",
        "revenue": 229700000,
        "costOfRevenue": 169500000,
        "grossProfit": 60200000,
        "grossProfitRatio": 0.2620809752,
        "researchAndDevelopmentExpenses": 0,
        "generalAndAdministrativeExpenses": 0,
        "sellingAndMarketingExpenses": 0,
        "sellingGeneralAndAdministrativeExpenses": 25400000,
        "otherExpenses": -200000,
        "operatingExpenses": 25400000,
        "costAndExpenses": 194900000,
        "interestIncome": 0,
        "interestExpense": 100000,
        "depreciationAndAmortization": 6000000,
        "ebitda": 40800000,
        "ebitdaratio": 0.1776229865,
        "operatingIncome": 34800000,
        "operatingIncomeRatio": 0.1515019591,
        "totalOtherIncomeExpensesNet": -100000,
        "incomeBeforeTax": 34700000,
        "incomeBeforeTaxRatio": 0.1510666086,
        "incomeTaxExpense": 8700000,
        "netIncome": 26000000,
        "netIncomeRatio": 0.1131911189,
        "eps": 0.67,
        "epsdiluted": 0.66,
        "weightedAverageShsOut": 38694583,
        "weightedAverageShsOutDil": 39516436,
        "link": "https://www.sec.gov/Archives/edgar/data/65270/000006527014000042/0000065270-14-000042-index.htm",
        "finalLink": "https://www.sec.gov/Archives/edgar/data/65270/000006527014000042/mei1101201410qq2.htm"
    },
    {
        "date": "2014-08-02",
        "symbol": "MEI",
        "reportedCurrency": "USD",
        "cik": "0000065270",
        "fillingDate": "2014-09-04",
        "acceptedDate": "2014-09-04 07:17:22",
        "calendarYear": "2015",
        "period": "Q1",
        "revenue": 218100000,
        "costOfRevenue": 167600000,
        "grossProfit": 50500000,
        "grossProfitRatio": 0.2315451628,
        "researchAndDevelopmentExpenses": 0,
        "generalAndAdministrativeExpenses": 0,
        "sellingAndMarketingExpenses": 0,
        "sellingGeneralAndAdministrativeExpenses": 22200000,
        "otherExpenses": 100000,
        "operatingExpenses": 22200000,
        "costAndExpenses": 189800000,
        "interestIncome": 0,
        "interestExpense": 0,
        "depreciationAndAmortization": 6000000,
        "ebitda": 34300000,
        "ebitdaratio": 0.1572673086,
        "operatingIncome": 28300000,
        "operatingIncomeRatio": 0.1297569922,
        "totalOtherIncomeExpensesNet": 100000,
        "incomeBeforeTax": 28400000,
        "incomeBeforeTaxRatio": 0.1302154975,
        "incomeTaxExpense": 7000000,
        "netIncome": 21400000,
        "netIncomeRatio": 0.0981201284,
        "eps": 0.56,
        "epsdiluted": 0.55,
        "weightedAverageShsOut": 38464558,
        "weightedAverageShsOutDil": 38648204,
        "link": "https://www.sec.gov/Archives/edgar/data/65270/000006527014000035/0000065270-14-000035-index.htm",
        "finalLink": "https://www.sec.gov/Archives/edgar/data/65270/000006527014000035/mei0802201410qq1.htm"
    },
    {
        "date": "2014-04-30",
        "symbol": "MEI",
        "reportedCurrency": "USD",
        "cik": "0000065270",
        "fillingDate": "2014-06-26",
        "acceptedDate": "2014-06-26 06:54:17",
        "calendarYear": "2014",
        "period": "Q4",
        "revenue": 224900000,
        "costOfRevenue": 182000000,
        "grossProfit": 42900000,
        "grossProfitRatio": 0.1907514451,
        "researchAndDevelopmentExpenses": 25700000,
        "generalAndAdministrativeExpenses": 0,
        "sellingAndMarketingExpenses": 0,
        "sellingGeneralAndAdministrativeExpenses": 20800000,
        "otherExpenses": 3400000,
        "operatingExpenses": 20800000,
        "costAndExpenses": 202800000,
        "interestIncome": 0,
        "interestExpense": 0,
        "depreciationAndAmortization": 6622000,
        "ebitda": 25500000,
        "ebitdaratio": 0.1133837261,
        "operatingIncome": 20400000,
        "operatingIncomeRatio": 0.0907069809,
        "totalOtherIncomeExpensesNet": 3327000,
        "incomeBeforeTax": 23800000,
        "incomeBeforeTaxRatio": 0.105824811,
        "incomeTaxExpense": -24500000,
        "netIncome": 48200000,
        "netIncomeRatio": 0.2143174744,
        "eps": 1.26,
        "epsdiluted": 1.25,
        "weightedAverageShsOut": 38384980,
        "weightedAverageShsOutDil": 38667231,
        "link": "https://www.sec.gov/Archives/edgar/data/65270/000006527014000023/0000065270-14-000023-index.htm",
        "finalLink": "https://www.sec.gov/Archives/edgar/data/65270/000006527014000023/mei-5032014x10k.htm"
    },
    {
        "date": "2014-02-01",
        "symbol": "MEI",
        "reportedCurrency": "USD",
        "cik": "0000065270",
        "fillingDate": "2014-03-13",
        "acceptedDate": "2014-03-13 09:41:32",
        "calendarYear": "2014",
        "period": "Q3",
        "revenue": 189753000,
        "costOfRevenue": 151269000,
        "grossProfit": 38484000,
        "grossProfitRatio": 0.2028110228,
        "researchAndDevelopmentExpenses": 0,
        "generalAndAdministrativeExpenses": 0,
        "sellingAndMarketingExpenses": 0,
        "sellingGeneralAndAdministrativeExpenses": 22103000,
        "otherExpenses": 0,
        "operatingExpenses": 22103000,
        "costAndExpenses": 173372000,
        "interestIncome": 0,
        "interestExpense": 100000,
        "depreciationAndAmortization": 5823000,
        "ebitda": 22300000,
        "ebitdaratio": 0.1175211986,
        "operatingIncome": 16381000,
        "operatingIncomeRatio": 0.0863280159,
        "totalOtherIncomeExpensesNet": -381000,
        "incomeBeforeTax": 16023000,
        "incomeBeforeTaxRatio": 0.0844413527,
        "incomeTaxExpense": 1431000,
        "netIncome": 14598000,
        "netIncomeRatio": 0.07693159,
        "eps": 0.38,
        "epsdiluted": 0.38,
        "weightedAverageShsOut": 38051772,
        "weightedAverageShsOutDil": 38474129,
        "link": "https://www.sec.gov/Archives/edgar/data/65270/000006527014000013/0000065270-14-000013-index.htm",
        "finalLink": "https://www.sec.gov/Archives/edgar/data/65270/000006527014000013/mei0201201410qq3.htm"
    },
    {
        "date": "2013-10-26",
        "symbol": "MEI",
        "reportedCurrency": "USD",
        "cik": "0000065270",
        "fillingDate": "2013-12-05",
        "acceptedDate": "2013-12-05 07:11:18",
        "calendarYear": "2014",
        "period": "Q2",
        "revenue": 190914000,
        "costOfRevenue": 149531000,
        "grossProfit": 41383000,
        "grossProfitRatio": 0.2167625213,
        "researchAndDevelopmentExpenses": 0,
        "generalAndAdministrativeExpenses": 0,
        "sellingAndMarketingExpenses": 0,
        "sellingGeneralAndAdministrativeExpenses": 19649000,
        "otherExpenses": 0,
        "operatingExpenses": 19649000,
        "costAndExpenses": 169180000,
        "interestIncome": 17000,
        "interestExpense": 117000,
        "depreciationAndAmortization": 5798000,
        "ebitda": 27400000,
        "ebitdaratio": 0.143520119,
        "operatingIncome": 21734000,
        "operatingIncomeRatio": 0.1138418345,
        "totalOtherIncomeExpensesNet": -451000,
        "incomeBeforeTax": 21249000,
        "incomeBeforeTaxRatio": 0.1113014237,
        "incomeTaxExpense": 1438000,
        "netIncome": 19802000,
        "netIncomeRatio": 0.1037220948,
        "eps": 0.52,
        "epsdiluted": 0.51,
        "weightedAverageShsOut": 37718643,
        "weightedAverageShsOutDil": 38486370,
        "link": "https://www.sec.gov/Archives/edgar/data/65270/000006527013000048/0000065270-13-000048-index.htm",
        "finalLink": "https://www.sec.gov/Archives/edgar/data/65270/000006527013000048/mei1026201310qq2.htm"
    },
    {
        "date": "2013-07-27",
        "symbol": "MEI",
        "reportedCurrency": "USD",
        "cik": "0000065270",
        "fillingDate": "2013-08-29",
        "acceptedDate": "2013-08-29 07:13:26",
        "calendarYear": "2014",
        "period": "Q1",
        "revenue": 167266000,
        "costOfRevenue": 133285000,
        "grossProfit": 33981000,
        "grossProfitRatio": 0.203155453,
        "researchAndDevelopmentExpenses": 0,
        "generalAndAdministrativeExpenses": 0,
        "sellingAndMarketingExpenses": 0,
        "sellingGeneralAndAdministrativeExpenses": 18855000,
        "otherExpenses": -125000,
        "operatingExpenses": 18855000,
        "costAndExpenses": 152140000,
        "interestIncome": 0,
        "interestExpense": 100000,
        "depreciationAndAmortization": 5657000,
        "ebitda": 20700000,
        "ebitdaratio": 0.1237549771,
        "operatingIncome": 15126000,
        "operatingIncomeRatio": 0.0904308108,
        "totalOtherIncomeExpensesNet": -158000,
        "incomeBeforeTax": 14942000,
        "incomeBeforeTaxRatio": 0.0893307666,
        "incomeTaxExpense": 1299000,
        "netIncome": 13611000,
        "netIncomeRatio": 0.0813733813,
        "eps": 0.36,
        "epsdiluted": 0.36,
        "weightedAverageShsOut": 37552740,
        "weightedAverageShsOutDil": 38251312,
        "link": "https://www.sec.gov/Archives/edgar/data/65270/000006527013000028/0000065270-13-000028-index.htm",
        "finalLink": "https://www.sec.gov/Archives/edgar/data/65270/000006527013000028/mei0727201310qq1.htm"
    },
    {
        "date": "2013-04-30",
        "symbol": "MEI",
        "reportedCurrency": "USD",
        "cik": "0000065270",
        "fillingDate": "2013-06-20",
        "acceptedDate": "2013-06-20 07:19:46",
        "calendarYear": "2013",
        "period": "Q4",
        "revenue": 148358000,
        "costOfRevenue": 120514000,
        "grossProfit": 27844000,
        "grossProfitRatio": 0.1876811497,
        "researchAndDevelopmentExpenses": 23700000,
        "generalAndAdministrativeExpenses": 0,
        "sellingAndMarketingExpenses": 0,
        "sellingGeneralAndAdministrativeExpenses": 18088000,
        "otherExpenses": -648000,
        "operatingExpenses": 19882000,
        "costAndExpenses": 140396000,
        "interestIncome": 0,
        "interestExpense": 57000,
        "depreciationAndAmortization": 5906000,
        "ebitda": 13868000,
        "ebitdaratio": 0.0934765904,
        "operatingIncome": 3636000,
        "operatingIncomeRatio": 0.024508284,
        "totalOtherIncomeExpensesNet": -591000,
        "incomeBeforeTax": 3045000,
        "incomeBeforeTaxRatio": 0.0205246768,
        "incomeTaxExpense": -7012000,
        "netIncome": 10162000,
        "netIncomeRatio": 0.0684964747,
        "eps": 0.27,
        "epsdiluted": 0.27,
        "weightedAverageShsOut": 37406734,
        "weightedAverageShsOutDil": 37700000,
        "link": "https://www.sec.gov/Archives/edgar/data/65270/000006527013000020/0000065270-13-000020-index.htm",
        "finalLink": "https://www.sec.gov/Archives/edgar/data/65270/000006527013000020/mei-4272013x10k.htm"
    },
    {
        "date": "2013-01-26",
        "symbol": "MEI",
        "reportedCurrency": "USD",
        "cik": "0000065270",
        "fillingDate": "2013-02-28",
        "acceptedDate": "2013-02-28 07:15:39",
        "calendarYear": "2013",
        "period": "Q3",
        "revenue": 122982000,
        "costOfRevenue": 102949000,
        "grossProfit": 20033000,
        "grossProfitRatio": 0.1628937568,
        "researchAndDevelopmentExpenses": 0,
        "generalAndAdministrativeExpenses": 0,
        "sellingAndMarketingExpenses": 0,
        "sellingGeneralAndAdministrativeExpenses": 15776000,
        "otherExpenses": -114000,
        "operatingExpenses": 15776000,
        "costAndExpenses": 118725000,
        "interestIncome": 0,
        "interestExpense": 20000,
        "depreciationAndAmortization": 4130000,
        "ebitda": 8273000,
        "ebitdaratio": 0.067270007,
        "operatingIncome": 4257000,
        "operatingIncomeRatio": 0.0346148217,
        "totalOtherIncomeExpensesNet": -134000,
        "incomeBeforeTax": 4123000,
        "incomeBeforeTaxRatio": 0.0335252313,
        "incomeTaxExpense": 855000,
        "netIncome": 3325000,
        "netIncomeRatio": 0.0270364769,
        "eps": 0.09,
        "epsdiluted": 0.09,
        "weightedAverageShsOut": 37413490,
        "weightedAverageShsOutDil": 37995292,
        "link": "https://www.sec.gov/Archives/edgar/data/65270/000006527013000010/0000065270-13-000010-index.htm",
        "finalLink": "https://www.sec.gov/Archives/edgar/data/65270/000006527013000010/mei0126201310qq3.htm"
    },
    {
        "date": "2012-10-27",
        "symbol": "MEI",
        "reportedCurrency": "USD",
        "cik": "0000065270",
        "fillingDate": "2012-12-06",
        "acceptedDate": "2012-12-06 07:19:52",
        "calendarYear": "2013",
        "period": "Q2",
        "revenue": 129758000,
        "costOfRevenue": 107466000,
        "grossProfit": 22292000,
        "grossProfitRatio": 0.1717967293,
        "researchAndDevelopmentExpenses": 0,
        "generalAndAdministrativeExpenses": 0,
        "sellingAndMarketingExpenses": 0,
        "sellingGeneralAndAdministrativeExpenses": 15177000,
        "otherExpenses": 0,
        "operatingExpenses": 15177000,
        "costAndExpenses": 122643000,
        "interestIncome": 0,
        "interestExpense": 53000,
        "depreciationAndAmortization": 4456000,
        "ebitda": 31035000,
        "ebitdaratio": 0.2391760046,
        "operatingIncome": 27115000,
        "operatingIncomeRatio": 0.2089659212,
        "totalOtherIncomeExpensesNet": -589000,
        "incomeBeforeTax": 26526000,
        "incomeBeforeTaxRatio": 0.204426702,
        "incomeTaxExpense": 3234000,
        "netIncome": 23363000,
        "netIncomeRatio": 0.1800505556,
        "eps": 0.62,
        "epsdiluted": 0.62,
        "weightedAverageShsOut": 37413490,
        "weightedAverageShsOutDil": 37975559,
        "link": "https://www.sec.gov/Archives/edgar/data/65270/000006527012000041/0000065270-12-000041-index.htm",
        "finalLink": "https://www.sec.gov/Archives/edgar/data/65270/000006527012000041/mei1027201210qq2.htm"
    },
    {
        "date": "2012-07-28",
        "symbol": "MEI",
        "reportedCurrency": "USD",
        "cik": "0000065270",
        "fillingDate": "2012-08-30",
        "acceptedDate": "2012-08-30 07:13:13",
        "calendarYear": "2013",
        "period": "Q1",
        "revenue": 118737000,
        "costOfRevenue": 97271000,
        "grossProfit": 21466000,
        "grossProfitRatio": 0.1807861071,
        "researchAndDevelopmentExpenses": 0,
        "generalAndAdministrativeExpenses": 0,
        "sellingAndMarketingExpenses": 0,
        "sellingGeneralAndAdministrativeExpenses": 17296000,
        "otherExpenses": 41000,
        "operatingExpenses": 17296000,
        "costAndExpenses": 114567000,
        "interestIncome": 0,
        "interestExpense": 46000,
        "depreciationAndAmortization": 4314000,
        "ebitda": 4170000,
        "ebitdaratio": 0.0351196341,
        "operatingIncome": 4170000,
        "operatingIncomeRatio": 0.0351196341,
        "totalOtherIncomeExpensesNet": 87000,
        "incomeBeforeTax": 4257000,
        "incomeBeforeTaxRatio": 0.0358523459,
        "incomeTaxExpense": 430000,
        "netIncome": 3889000,
        "netIncomeRatio": 0.0327530593,
        "eps": 0.1,
        "epsdiluted": 0.1,
        "weightedAverageShsOut": 37391831,
        "weightedAverageShsOutDil": 37893873,
        "link": "https://www.sec.gov/Archives/edgar/data/65270/000006527012000025/0000065270-12-000025-index.htm",
        "finalLink": "https://www.sec.gov/Archives/edgar/data/65270/000006527012000025/mei0728201210qq1.htm"
    },
    {
        "date": "2012-04-30",
        "symbol": "MEI",
        "reportedCurrency": "USD",
        "cik": "0000065270",
        "fillingDate": "2012-06-28",
        "acceptedDate": "2012-06-28 07:24:42",
        "calendarYear": "2012",
        "period": "Q4",
        "revenue": 126401000,
        "costOfRevenue": 103441000,
        "grossProfit": 22960000,
        "grossProfitRatio": 0.1816441326,
        "researchAndDevelopmentExpenses": 0,
        "generalAndAdministrativeExpenses": 0,
        "sellingAndMarketingExpenses": 0,
        "sellingGeneralAndAdministrativeExpenses": 16267000,
        "otherExpenses": 1811000,
        "operatingExpenses": 18078000,
        "costAndExpenses": 121519000,
        "interestIncome": 0,
        "interestExpense": 448000,
        "depreciationAndAmortization": 4234000,
        "ebitda": 9116000,
        "ebitdaratio": 0.0721196826,
        "operatingIncome": 4882000,
        "operatingIncomeRatio": 0.0386231122,
        "totalOtherIncomeExpensesNet": 622000,
        "incomeBeforeTax": 5505000,
        "incomeBeforeTaxRatio": 0.0435518706,
        "incomeTaxExpense": -187000,
        "netIncome": 5768000,
        "netIncomeRatio": 0.0456325504,
        "eps": 0.15,
        "epsdiluted": 0.15,
        "weightedAverageShsOut": 37568933,
        "weightedAverageShsOutDil": 37800000,
        "link": "https://www.sec.gov/Archives/edgar/data/65270/000006527012000017/0000065270-12-000017-index.htm",
        "finalLink": "https://www.sec.gov/Archives/edgar/data/65270/000006527012000017/mei-4282012x10k.htm"
    },
    {
        "date": "2012-01-28",
        "symbol": "MEI",
        "reportedCurrency": "USD",
        "cik": "0000065270",
        "fillingDate": "2012-03-01",
        "acceptedDate": "2012-03-01 07:05:05",
        "calendarYear": "2012",
        "period": "Q3",
        "revenue": 112000000,
        "costOfRevenue": 92746000,
        "grossProfit": 19254000,
        "grossProfitRatio": 0.1719107143,
        "researchAndDevelopmentExpenses": 0,
        "generalAndAdministrativeExpenses": 0,
        "sellingAndMarketingExpenses": 0,
        "sellingGeneralAndAdministrativeExpenses": 16838000,
        "otherExpenses": 0,
        "operatingExpenses": 16838000,
        "costAndExpenses": 109584000,
        "interestIncome": 164000,
        "interestExpense": 0,
        "depreciationAndAmortization": 3980000,
        "ebitda": 2416000,
        "ebitdaratio": 0.0215714286,
        "operatingIncome": 2416000,
        "operatingIncomeRatio": 0.0215714286,
        "totalOtherIncomeExpensesNet": -451000,
        "incomeBeforeTax": 1965000,
        "incomeBeforeTaxRatio": 0.0175446429,
        "incomeTaxExpense": 1180000,
        "netIncome": 809000,
        "netIncomeRatio": 0.0072232143,
        "eps": 0.02,
        "epsdiluted": 0.02,
        "weightedAverageShsOut": 37309890,
        "weightedAverageShsOutDil": 37540222,
        "link": "https://www.sec.gov/Archives/edgar/data/65270/000006527012000005/0000065270-12-000005-index.htm",
        "finalLink": "https://www.sec.gov/Archives/edgar/data/65270/000006527012000005/mei0128201210q.htm"
    },
    {
        "date": "2011-10-29",
        "symbol": "MEI",
        "reportedCurrency": "USD",
        "cik": "0000065270",
        "fillingDate": "2011-12-08",
        "acceptedDate": "2011-12-08 07:06:31",
        "calendarYear": "2012",
        "period": "Q2",
        "revenue": 115890000,
        "costOfRevenue": 94972000,
        "grossProfit": 20918000,
        "grossProfitRatio": 0.1804987488,
        "researchAndDevelopmentExpenses": 0,
        "generalAndAdministrativeExpenses": 0,
        "sellingAndMarketingExpenses": 0,
        "sellingGeneralAndAdministrativeExpenses": 18278000,
        "otherExpenses": 0,
        "operatingExpenses": 18278000,
        "costAndExpenses": 113250000,
        "interestIncome": 0,
        "interestExpense": 1000,
        "depreciationAndAmortization": 4044000,
        "ebitda": 6878000,
        "ebitdaratio": 0.059349383,
        "operatingIncome": 2640000,
        "operatingIncomeRatio": 0.0227802226,
        "totalOtherIncomeExpensesNet": -195000,
        "incomeBeforeTax": 2445000,
        "incomeBeforeTaxRatio": 0.0210975925,
        "incomeTaxExpense": 2221000,
        "netIncome": 311000,
        "netIncomeRatio": 0.0026835793,
        "eps": 0.01,
        "epsdiluted": 0.01,
        "weightedAverageShsOut": 37309890,
        "weightedAverageShsOutDil": 37520247,
        "link": "https://www.sec.gov/Archives/edgar/data/65270/000006527011000036/0000065270-11-000036-index.htm",
        "finalLink": "https://www.sec.gov/Archives/edgar/data/65270/000006527011000036/mei1029201110q.htm"
    },
    {
        "date": "2011-07-30",
        "symbol": "MEI",
        "reportedCurrency": "USD",
        "cik": "0000065270",
        "fillingDate": "2011-09-01",
        "acceptedDate": "2011-09-01 07:09:53",
        "calendarYear": "2012",
        "period": "Q1",
        "revenue": 110804000,
        "costOfRevenue": 90824000,
        "grossProfit": 19980000,
        "grossProfitRatio": 0.1803184001,
        "researchAndDevelopmentExpenses": 0,
        "generalAndAdministrativeExpenses": 0,
        "sellingAndMarketingExpenses": 0,
        "sellingGeneralAndAdministrativeExpenses": 18562000,
        "otherExpenses": 43000,
        "operatingExpenses": 18562000,
        "costAndExpenses": 109386000,
        "interestIncome": 0,
        "interestExpense": 4000,
        "depreciationAndAmortization": 3901000,
        "ebitda": 1418000,
        "ebitdaratio": 0.0127973719,
        "operatingIncome": 1418000,
        "operatingIncomeRatio": 0.0127973719,
        "totalOtherIncomeExpensesNet": 39000,
        "incomeBeforeTax": 1457000,
        "incomeBeforeTaxRatio": 0.0131493448,
        "incomeTaxExpense": 22000,
        "netIncome": 1494000,
        "netIncomeRatio": 0.0134832678,
        "eps": 0.04,
        "epsdiluted": 0.04,
        "weightedAverageShsOut": 37277306,
        "weightedAverageShsOutDil": 37518183,
        "link": "https://www.sec.gov/Archives/edgar/data/65270/000006527011000017/0000065270-11-000017-index.htm",
        "finalLink": "https://www.sec.gov/Archives/edgar/data/65270/000006527011000017/mei0730201110q.htm"
    },
    {
        "date": "2011-04-30",
        "symbol": "MEI",
        "reportedCurrency": "USD",
        "cik": "0000065270",
        "fillingDate": "2011-06-30",
        "acceptedDate": "2011-06-30 07:19:37",
        "calendarYear": "2011",
        "period": "Q4",
        "revenue": 119408000,
        "costOfRevenue": 93520000,
        "grossProfit": 25888000,
        "grossProfitRatio": 0.2168028943,
        "researchAndDevelopmentExpenses": 0,
        "generalAndAdministrativeExpenses": 0,
        "sellingAndMarketingExpenses": 0,
        "sellingGeneralAndAdministrativeExpenses": 17699000,
        "otherExpenses": 2402000,
        "operatingExpenses": 20101000,
        "costAndExpenses": 113621000,
        "interestIncome": 0,
        "interestExpense": 0,
        "depreciationAndAmortization": 4132000,
        "ebitda": 10591000,
        "ebitdaratio": 0.0886958998,
        "operatingIncome": 5787000,
        "operatingIncomeRatio": 0.0484640895,
        "totalOtherIncomeExpensesNet": -586000,
        "incomeBeforeTax": 5201000,
        "incomeBeforeTaxRatio": 0.0435565456,
        "incomeTaxExpense": -3987000,
        "netIncome": 10065000,
        "netIncomeRatio": 0.0842908348,
        "eps": 0.27,
        "epsdiluted": 0.27,
        "weightedAverageShsOut": 37250014,
        "weightedAverageShsOutDil": 37500000,
        "link": "https://www.sec.gov/Archives/edgar/data/65270/000006527011000008/0000065270-11-000008-index.htm",
        "finalLink": "https://www.sec.gov/Archives/edgar/data/65270/000006527011000008/mei-4302011x10k.htm"
    },
    {
        "date": "2011-01-29",
        "symbol": "MEI",
        "reportedCurrency": "USD",
        "cik": "0000065270",
        "fillingDate": "2011-03-03",
        "acceptedDate": "2011-03-03 06:45:14",
        "calendarYear": "2011",
        "period": "Q3",
        "revenue": 102102000,
        "costOfRevenue": 82668000,
        "grossProfit": 19434000,
        "grossProfitRatio": 0.1903390727,
        "researchAndDevelopmentExpenses": 0,
        "generalAndAdministrativeExpenses": 0,
        "sellingAndMarketingExpenses": 0,
        "sellingGeneralAndAdministrativeExpenses": 15496000,
        "otherExpenses": 0,
        "operatingExpenses": 15496000,
        "costAndExpenses": 98164000,
        "interestIncome": 0,
        "interestExpense": 116000,
        "depreciationAndAmortization": 3838000,
        "ebitda": 8266000,
        "ebitdaratio": 0.0809582574,
        "operatingIncome": 3938000,
        "operatingIncomeRatio": 0.0385692739,
        "totalOtherIncomeExpensesNet": 374000,
        "incomeBeforeTax": 4312000,
        "incomeBeforeTaxRatio": 0.0422322775,
        "incomeTaxExpense": -1499000,
        "netIncome": 5883000,
        "netIncomeRatio": 0.0576188517,
        "eps": 0.16,
        "epsdiluted": 0.16,
        "weightedAverageShsOut": 37144000,
        "weightedAverageShsOutDil": 37643000,
        "link": "https://www.sec.gov/Archives/edgar/data/65270/000144530511000364/0001445305-11-000364-index.htm",
        "finalLink": "https://www.sec.gov/Archives/edgar/data/65270/000144530511000364/mei0129201110q.htm"
    },
    {
        "date": "2010-10-30",
        "symbol": "MEI",
        "reportedCurrency": "USD",
        "cik": "0000065270",
        "fillingDate": "2010-12-09",
        "acceptedDate": "2010-12-09 07:30:34",
        "calendarYear": "2011",
        "period": "Q2",
        "revenue": 107716000,
        "costOfRevenue": 84073000,
        "grossProfit": 23643000,
        "grossProfitRatio": 0.2194938542,
        "researchAndDevelopmentExpenses": 0,
        "generalAndAdministrativeExpenses": 0,
        "sellingAndMarketingExpenses": 0,
        "sellingGeneralAndAdministrativeExpenses": 21293000,
        "otherExpenses": 0,
        "operatingExpenses": 21293000,
        "costAndExpenses": 105366000,
        "interestIncome": 0,
        "interestExpense": 61000,
        "depreciationAndAmortization": 3874000,
        "ebitda": 4213000,
        "ebitdaratio": 0.0391121096,
        "operatingIncome": 2371000,
        "operatingIncomeRatio": 0.022011586,
        "totalOtherIncomeExpensesNet": -2093000,
        "incomeBeforeTax": 278000,
        "incomeBeforeTaxRatio": 0.0025808608,
        "incomeTaxExpense": 768000,
        "netIncome": -513000,
        "netIncomeRatio": -0.0047625237,
        "eps": -0.0138,
        "epsdiluted": -0.0138,
        "weightedAverageShsOut": 37058108,
        "weightedAverageShsOutDil": 37058108,
        "link": "https://www.sec.gov/Archives/edgar/data/65270/000110465910061834/0001104659-10-061834-index.htm",
        "finalLink": "https://www.sec.gov/Archives/edgar/data/65270/000110465910061834/a10-22586_110q.htm"
    },
    {
        "date": "2010-07-31",
        "symbol": "MEI",
        "reportedCurrency": "USD",
        "cik": "0000065270",
        "fillingDate": "2010-09-02",
        "acceptedDate": "2010-09-02 07:57:03",
        "calendarYear": "2011",
        "period": "Q1",
        "revenue": 98973000,
        "costOfRevenue": 79529000,
        "grossProfit": 19444000,
        "grossProfitRatio": 0.1964576198,
        "researchAndDevelopmentExpenses": 0,
        "generalAndAdministrativeExpenses": 0,
        "sellingAndMarketingExpenses": 0,
        "sellingGeneralAndAdministrativeExpenses": 15595000,
        "otherExpenses": 0,
        "operatingExpenses": 15595000,
        "costAndExpenses": 95124000,
        "interestIncome": 200000,
        "interestExpense": 226000,
        "depreciationAndAmortization": 3912000,
        "ebitda": 8610000,
        "ebitdaratio": 0.0869934224,
        "operatingIncome": 3849000,
        "operatingIncomeRatio": 0.0388893941,
        "totalOtherIncomeExpensesNet": 823000,
        "incomeBeforeTax": 4672000,
        "incomeBeforeTaxRatio": 0.0472047932,
        "incomeTaxExpense": 642000,
        "netIncome": 4065000,
        "netIncomeRatio": 0.0410718075,
        "eps": 0.11,
        "epsdiluted": 0.11,
        "weightedAverageShsOut": 37045771,
        "weightedAverageShsOutDil": 37289671,
        "link": "https://www.sec.gov/Archives/edgar/data/65270/000110465910047010/0001104659-10-047010-index.htm",
        "finalLink": "https://www.sec.gov/Archives/edgar/data/65270/000110465910047010/a10-16684_110q.htm"
    },
    {
        "date": "2010-04-30",
        "symbol": "MEI",
        "reportedCurrency": "USD",
        "cik": "0000065270",
        "fillingDate": "2010-07-01",
        "acceptedDate": "2010-07-01 07:31:31",
        "calendarYear": "2010",
        "period": "Q4",
        "revenue": 96673000,
        "costOfRevenue": 74094000,
        "grossProfit": 22579000,
        "grossProfitRatio": 0.2335605598,
        "researchAndDevelopmentExpenses": 0,
        "generalAndAdministrativeExpenses": 0,
        "sellingAndMarketingExpenses": 0,
        "sellingGeneralAndAdministrativeExpenses": 13069000,
        "otherExpenses": 2297000,
        "operatingExpenses": 15366000,
        "costAndExpenses": 89460000,
        "interestIncome": 0,
        "interestExpense": 30000,
        "depreciationAndAmortization": 4029000,
        "ebitda": 14817000,
        "ebitdaratio": 0.1532692686,
        "operatingIncome": 6770000,
        "operatingIncomeRatio": 0.0700298946,
        "totalOtherIncomeExpensesNet": 533000,
        "incomeBeforeTax": 7303000,
        "incomeBeforeTaxRatio": 0.0755433265,
        "incomeTaxExpense": -8724000,
        "netIncome": 16096000,
        "netIncomeRatio": 0.1664994362,
        "eps": 0.44,
        "epsdiluted": 0.44,
        "weightedAverageShsOut": 36900000,
        "weightedAverageShsOutDil": 36900000,
        "link": "https://www.sec.gov/Archives/edgar/data/65270/000110465910036590/0001104659-10-036590-index.htm",
        "finalLink": "https://www.sec.gov/Archives/edgar/data/65270/000110465910036590/a10-13302_110k.htm"
    },
    {
        "date": "2010-01-30",
        "symbol": "MEI",
        "reportedCurrency": "USD",
        "cik": "0000065270",
        "fillingDate": "2010-03-04",
        "acceptedDate": "2010-03-04 07:59:19",
        "calendarYear": "2010",
        "period": "Q3",
        "revenue": 90243000,
        "costOfRevenue": 74924000,
        "grossProfit": 15319000,
        "grossProfitRatio": 0.1697527786,
        "researchAndDevelopmentExpenses": 0,
        "generalAndAdministrativeExpenses": 0,
        "sellingAndMarketingExpenses": 0,
        "sellingGeneralAndAdministrativeExpenses": 17075000,
        "otherExpenses": 0,
        "operatingExpenses": 17075000,
        "costAndExpenses": 91999000,
        "interestIncome": 0,
        "interestExpense": 22000,
        "depreciationAndAmortization": 4139000,
        "ebitda": 2088000,
        "ebitdaratio": 0.0231375287,
        "operatingIncome": -2315000,
        "operatingIncomeRatio": -0.0256529592,
        "totalOtherIncomeExpensesNet": 242000,
        "incomeBeforeTax": -2073000,
        "incomeBeforeTaxRatio": -0.0229713108,
        "incomeTaxExpense": 2249000,
        "netIncome": -4475000,
        "netIncomeRatio": -0.0495883337,
        "eps": -0.12,
        "epsdiluted": -0.12,
        "weightedAverageShsOut": 36641637,
        "weightedAverageShsOutDil": 36644127,
        "link": "https://www.sec.gov/Archives/edgar/data/65270/000110465910011942/0001104659-10-011942-index.htm",
        "finalLink": "https://www.sec.gov/Archives/edgar/data/65270/000110465910011942/a10-4984_110q.htm"
    },
    {
        "date": "2009-10-31",
        "symbol": "MEI",
        "reportedCurrency": "USD",
        "cik": "0000065270",
        "fillingDate": "2009-12-10",
        "acceptedDate": "2009-12-10 08:01:13",
        "calendarYear": "2010",
        "period": "Q2",
        "revenue": 99568000,
        "costOfRevenue": 77784000,
        "grossProfit": 21784000,
        "grossProfitRatio": 0.2187851519,
        "researchAndDevelopmentExpenses": 0,
        "generalAndAdministrativeExpenses": 0,
        "sellingAndMarketingExpenses": 0,
        "sellingGeneralAndAdministrativeExpenses": 16413000,
        "otherExpenses": 0,
        "operatingExpenses": 16413000,
        "costAndExpenses": 94197000,
        "interestIncome": 0,
        "interestExpense": 45000,
        "depreciationAndAmortization": 5638000,
        "ebitda": 7996000,
        "ebitdaratio": 0.0803069259,
        "operatingIncome": 2215000,
        "operatingIncomeRatio": 0.0222461032,
        "totalOtherIncomeExpensesNet": 98000,
        "incomeBeforeTax": 2313000,
        "incomeBeforeTaxRatio": 0.0232303551,
        "incomeTaxExpense": 225000,
        "netIncome": 2052000,
        "netIncomeRatio": 0.020609031,
        "eps": 0.06,
        "epsdiluted": 0.06,
        "weightedAverageShsOut": 36644000,
        "weightedAverageShsOutDil": 36868000,
        "link": "https://www.sec.gov/Archives/edgar/data/65270/000110465909069247/0001104659-09-069247-index.htm",
        "finalLink": "https://www.sec.gov/Archives/edgar/data/65270/000110465909069247/a09-35075_110q.htm"
    },
    {
        "date": "2009-08-01",
        "symbol": "MEI",
        "reportedCurrency": "USD",
        "cik": "0000065270",
        "fillingDate": "2009-09-03",
        "acceptedDate": "2009-09-03 08:00:36",
        "calendarYear": "2010",
        "period": "Q1",
        "revenue": 91163000,
        "costOfRevenue": 70909000,
        "grossProfit": 20254000,
        "grossProfitRatio": 0.2221734695,
        "researchAndDevelopmentExpenses": 0,
        "generalAndAdministrativeExpenses": 0,
        "sellingAndMarketingExpenses": 0,
        "sellingGeneralAndAdministrativeExpenses": 15874000,
        "otherExpenses": 0,
        "operatingExpenses": 15874000,
        "costAndExpenses": 86783000,
        "interestIncome": 0,
        "interestExpense": 102000,
        "depreciationAndAmortization": 5603000,
        "ebitda": 5978000,
        "ebitdaratio": 0.0655748494,
        "operatingIncome": 769000,
        "operatingIncomeRatio": 0.0084354398,
        "totalOtherIncomeExpensesNet": -496000,
        "incomeBeforeTax": 273000,
        "incomeBeforeTaxRatio": 0.002994636,
        "incomeTaxExpense": 286000,
        "netIncome": -19000,
        "netIncomeRatio": -0.0002084179,
        "eps": -0.0005,
        "epsdiluted": -0.0005,
        "weightedAverageShsOut": 36863000,
        "weightedAverageShsOutDil": 36863000,
        "link": "https://www.sec.gov/Archives/edgar/data/65270/000110465909053148/0001104659-09-053148-index.htm",
        "finalLink": "https://www.sec.gov/Archives/edgar/data/65270/000110465909053148/a09-25255_110q.htm"
    },
    {
        "date": "2009-04-30",
        "symbol": "MEI",
        "reportedCurrency": "USD",
        "cik": "0000065270",
        "fillingDate": "2009-07-02",
        "acceptedDate": "2009-07-02 07:00:08",
        "calendarYear": "2009",
        "period": "Q4",
        "revenue": 89804000,
        "costOfRevenue": 82739000,
        "grossProfit": 7065000,
        "grossProfitRatio": 0.0786713287,
        "researchAndDevelopmentExpenses": 0,
        "generalAndAdministrativeExpenses": 0,
        "sellingAndMarketingExpenses": 0,
        "sellingGeneralAndAdministrativeExpenses": 7625000,
        "otherExpenses": 6933000,
        "operatingExpenses": 14558000,
        "costAndExpenses": 97297000,
        "interestIncome": 0,
        "interestExpense": 167000,
        "depreciationAndAmortization": 11691000,
        "ebitda": 4198000,
        "ebitdaratio": 0.0467462474,
        "operatingIncome": -79470000,
        "operatingIncomeRatio": -0.8849271747,
        "totalOtherIncomeExpensesNet": -1550000,
        "incomeBeforeTax": -81020000,
        "incomeBeforeTaxRatio": -0.902186985,
        "incomeTaxExpense": 13994000,
        "netIncome": -95014000,
        "netIncomeRatio": -1.0580152332,
        "eps": -2.62,
        "epsdiluted": -2.62,
        "weightedAverageShsOut": 36300000,
        "weightedAverageShsOutDil": 36300000,
        "link": "https://www.sec.gov/Archives/edgar/data/65270/000110465909041502/0001104659-09-041502-index.htm",
        "finalLink": "https://www.sec.gov/Archives/edgar/data/65270/000110465909041502/a09-17145_110k.htm"
    },
    {
        "date": "2009-01-31",
        "symbol": "MEI",
        "reportedCurrency": "USD",
        "cik": "0000065270",
        "fillingDate": "2009-03-12",
        "acceptedDate": "2009-03-12 07:02:20",
        "calendarYear": "2009",
        "period": "Q3",
        "revenue": 81532000,
        "costOfRevenue": 70512000,
        "grossProfit": 11020000,
        "grossProfitRatio": 0.1351616543,
        "researchAndDevelopmentExpenses": 0,
        "generalAndAdministrativeExpenses": 0,
        "sellingAndMarketingExpenses": 0,
        "sellingGeneralAndAdministrativeExpenses": 14743000,
        "otherExpenses": 0,
        "operatingExpenses": 14743000,
        "costAndExpenses": 85255000,
        "interestIncome": 212000,
        "interestExpense": 212000,
        "depreciationAndAmortization": 8199000,
        "ebitda": -40197000,
        "ebitdaratio": -0.4930211451,
        "operatingIncome": -40197000,
        "operatingIncomeRatio": -0.4930211451,
        "totalOtherIncomeExpensesNet": -79000,
        "incomeBeforeTax": -40331000,
        "incomeBeforeTaxRatio": -0.4946646715,
        "incomeTaxExpense": -13346000,
        "netIncome": -26985000,
        "netIncomeRatio": -0.3309743414,
        "eps": -0.74,
        "epsdiluted": -0.74,
        "weightedAverageShsOut": 36597000,
        "weightedAverageShsOutDil": 36597000,
        "link": "https://www.sec.gov/Archives/edgar/data/65270/000095012309004479/0000950123-09-004479-index.htm",
        "finalLink": "https://www.sec.gov/Archives/edgar/data/65270/000095012309004479/c49969e10vq.htm"
    },
    {
        "date": "2008-11-01",
        "symbol": "MEI",
        "reportedCurrency": "USD",
        "cik": "0000065270",
        "fillingDate": "2008-12-09",
        "acceptedDate": "2008-12-09 07:00:44",
        "calendarYear": "2009",
        "period": "Q2",
        "revenue": 122263000,
        "costOfRevenue": 97815000,
        "grossProfit": 24448000,
        "grossProfitRatio": 0.1999623762,
        "researchAndDevelopmentExpenses": 0,
        "generalAndAdministrativeExpenses": 0,
        "sellingAndMarketingExpenses": 0,
        "sellingGeneralAndAdministrativeExpenses": 18650000,
        "otherExpenses": 0,
        "operatingExpenses": 18650000,
        "costAndExpenses": 116465000,
        "interestIncome": 0,
        "interestExpense": 0,
        "depreciationAndAmortization": 9040000,
        "ebitda": 15630000,
        "ebitdaratio": 0.1278391664,
        "operatingIncome": -486000,
        "operatingIncomeRatio": -0.0039750374,
        "totalOtherIncomeExpensesNet": 2322000,
        "incomeBeforeTax": 1836000,
        "incomeBeforeTaxRatio": 0.015016808,
        "incomeTaxExpense": -865000,
        "netIncome": 2701000,
        "netIncomeRatio": 0.0220917203,
        "eps": 0.07,
        "epsdiluted": 0.07,
        "weightedAverageShsOut": 37068000,
        "weightedAverageShsOutDil": 37551000,
        "link": "https://www.sec.gov/Archives/edgar/data/65270/000095012308017187/0000950123-08-017187-index.htm",
        "finalLink": "https://www.sec.gov/Archives/edgar/data/65270/000095012308017187/c48106e10vq.htm"
    },
    {
        "date": "2008-08-02",
        "symbol": "MEI",
        "reportedCurrency": "USD",
        "cik": "0000065270",
        "fillingDate": "2008-09-11",
        "acceptedDate": "2008-09-11 07:01:48",
        "calendarYear": "2009",
        "period": "Q1",
        "revenue": 135247000,
        "costOfRevenue": 105430000,
        "grossProfit": 29817000,
        "grossProfitRatio": 0.2204633005,
        "researchAndDevelopmentExpenses": 0,
        "generalAndAdministrativeExpenses": 0,
        "sellingAndMarketingExpenses": 0,
        "sellingGeneralAndAdministrativeExpenses": 16452000,
        "otherExpenses": 0,
        "operatingExpenses": 16452000,
        "costAndExpenses": 121882000,
        "interestIncome": 0,
        "interestExpense": 0,
        "depreciationAndAmortization": 8106000,
        "ebitda": 20733000,
        "ebitdaratio": 0.1532973005,
        "operatingIncome": 8448000,
        "operatingIncomeRatio": 0.0624634927,
        "totalOtherIncomeExpensesNet": 265000,
        "incomeBeforeTax": 8713000,
        "incomeBeforeTaxRatio": 0.0644228707,
        "incomeTaxExpense": 1897000,
        "netIncome": 6816000,
        "netIncomeRatio": 0.0503966816,
        "eps": 0.18,
        "epsdiluted": 0.18,
        "weightedAverageShsOut": 37198000,
        "weightedAverageShsOutDil": 37644000,
        "link": "https://www.sec.gov/Archives/edgar/data/65270/000095013408016464/0000950134-08-016464-index.htm",
        "finalLink": "https://www.sec.gov/Archives/edgar/data/65270/000095013408016464/c35447e10vq.htm"
    },
    {
        "date": "2008-04-30",
        "symbol": "MEI",
        "reportedCurrency": "USD",
        "cik": "0000065270",
        "fillingDate": "2008-07-17",
        "acceptedDate": "2008-07-17 07:00:42",
        "calendarYear": "2008",
        "period": "Q4",
        "revenue": 155253000,
        "costOfRevenue": 115088000,
        "grossProfit": 40165000,
        "grossProfitRatio": 0.2587067561,
        "researchAndDevelopmentExpenses": 0,
        "generalAndAdministrativeExpenses": 0,
        "sellingAndMarketingExpenses": 0,
        "sellingGeneralAndAdministrativeExpenses": 11772000,
        "otherExpenses": 7485000,
        "operatingExpenses": 19257000,
        "costAndExpenses": 134345000,
        "interestIncome": 0,
        "interestExpense": 0,
        "depreciationAndAmortization": 5121000,
        "ebitda": 26029000,
        "ebitdaratio": 0.1676553754,
        "operatingIncome": 16199000,
        "operatingIncomeRatio": 0.1043393686,
        "totalOtherIncomeExpensesNet": -541000,
        "incomeBeforeTax": 15658000,
        "incomeBeforeTaxRatio": 0.1008547339,
        "incomeTaxExpense": 2739000,
        "netIncome": 12919000,
        "netIncomeRatio": 0.0832125627,
        "eps": 0.34,
        "epsdiluted": 0.34,
        "weightedAverageShsOut": 37078000,
        "weightedAverageShsOutDil": 37400000,
        "link": "https://www.sec.gov/Archives/edgar/data/65270/000095013408012861/0000950134-08-012861-index.htm",
        "finalLink": "https://www.sec.gov/Archives/edgar/data/65270/000095013408012861/c32687e10vk.htm"
    },
    {
        "date": "2008-02-02",
        "symbol": "MEI",
        "reportedCurrency": "USD",
        "cik": "0000065270",
        "fillingDate": "2008-03-13",
        "acceptedDate": "2008-03-13 07:31:17",
        "calendarYear": "2008",
        "period": "Q3",
        "revenue": 138778000,
        "costOfRevenue": 109032000,
        "grossProfit": 29746000,
        "grossProfitRatio": 0.2143423309,
        "researchAndDevelopmentExpenses": 0,
        "generalAndAdministrativeExpenses": 0,
        "sellingAndMarketingExpenses": 0,
        "sellingGeneralAndAdministrativeExpenses": 17707000,
        "otherExpenses": 0,
        "operatingExpenses": 17707000,
        "costAndExpenses": 126739000,
        "interestIncome": 0,
        "interestExpense": 0,
        "depreciationAndAmortization": 8648000,
        "ebitda": 20687000,
        "ebitdaratio": 0.1490654138,
        "operatingIncome": 11589000,
        "operatingIncomeRatio": 0.0835074724,
        "totalOtherIncomeExpensesNet": -271000,
        "incomeBeforeTax": 11318000,
        "incomeBeforeTaxRatio": 0.0815547133,
        "incomeTaxExpense": 1561000,
        "netIncome": 9757000,
        "netIncomeRatio": 0.0703065327,
        "eps": 0.26,
        "epsdiluted": 0.26,
        "weightedAverageShsOut": 37138000,
        "weightedAverageShsOutDil": 37492000,
        "link": "https://www.sec.gov/Archives/edgar/data/65270/000095012408001190/0000950124-08-001190-index.htm",
        "finalLink": "https://www.sec.gov/Archives/edgar/data/65270/000095012408001190/c24781e10vq.htm"
    },
    {
        "date": "2007-10-27",
        "symbol": "MEI",
        "reportedCurrency": "USD",
        "cik": "0000065270",
        "fillingDate": "2007-12-06",
        "acceptedDate": "2007-12-06 08:00:45",
        "calendarYear": "2008",
        "period": "Q2",
        "revenue": 133766000,
        "costOfRevenue": 105900000,
        "grossProfit": 27866000,
        "grossProfitRatio": 0.2083190048,
        "researchAndDevelopmentExpenses": 0,
        "generalAndAdministrativeExpenses": 0,
        "sellingAndMarketingExpenses": 0,
        "sellingGeneralAndAdministrativeExpenses": 16107000,
        "otherExpenses": 0,
        "operatingExpenses": 16107000,
        "costAndExpenses": 122007000,
        "interestIncome": 0,
        "interestExpense": 0,
        "depreciationAndAmortization": 7786000,
        "ebitda": 11759000,
        "ebitdaratio": 0.087907241,
        "operatingIncome": 11759000,
        "operatingIncomeRatio": 0.087907241,
        "totalOtherIncomeExpensesNet": -330000,
        "incomeBeforeTax": 11429000,
        "incomeBeforeTaxRatio": 0.0854402464,
        "incomeTaxExpense": 2623000,
        "netIncome": 8806000,
        "netIncomeRatio": 0.0658313772,
        "eps": 0.24,
        "epsdiluted": 0.24,
        "weightedAverageShsOut": 37079000,
        "weightedAverageShsOutDil": 37467000,
        "link": "https://www.sec.gov/Archives/edgar/data/65270/000095013407025009/0000950134-07-025009-index.htm",
        "finalLink": "https://www.sec.gov/Archives/edgar/data/65270/000095013407025009/c22086e10vq.htm"
    },
    {
        "date": "2007-07-28",
        "symbol": "MEI",
        "reportedCurrency": "USD",
        "cik": "0000065270",
        "fillingDate": "2007-09-06",
        "acceptedDate": "2007-09-06 15:27:40",
        "calendarYear": "2008",
        "period": "Q1",
        "revenue": 125155000,
        "costOfRevenue": 98335000,
        "grossProfit": 26820000,
        "grossProfitRatio": 0.2142942751,
        "researchAndDevelopmentExpenses": 0,
        "generalAndAdministrativeExpenses": 0,
        "sellingAndMarketingExpenses": 0,
        "sellingGeneralAndAdministrativeExpenses": 15964000,
        "otherExpenses": 0,
        "operatingExpenses": 15964000,
        "costAndExpenses": 114299000,
        "interestIncome": 0,
        "interestExpense": 0,
        "depreciationAndAmortization": 6604000,
        "ebitda": 10856000,
        "ebitdaratio": 0.0867404419,
        "operatingIncome": 10856000,
        "operatingIncomeRatio": 0.0867404419,
        "totalOtherIncomeExpensesNet": 216000,
        "incomeBeforeTax": 11072000,
        "incomeBeforeTaxRatio": 0.0884663018,
        "incomeTaxExpense": 2800000,
        "netIncome": 8272000,
        "netIncomeRatio": 0.0660940434,
        "eps": 0.22,
        "epsdiluted": 0.22,
        "weightedAverageShsOut": 36993000,
        "weightedAverageShsOutDil": 37491000,
        "link": "https://www.sec.gov/Archives/edgar/data/65270/000095013707013860/0000950137-07-013860-index.htm",
        "finalLink": "https://www.sec.gov/Archives/edgar/data/65270/000095013707013860/c18438e10vq.htm"
    },
    {
        "date": "2007-04-30",
        "symbol": "MEI",
        "reportedCurrency": "USD",
        "cik": "0000065270",
        "fillingDate": "2007-07-12",
        "acceptedDate": "2007-07-12 17:01:43",
        "calendarYear": "2007",
        "period": "Q4",
        "revenue": 132524000,
        "costOfRevenue": 101377000,
        "grossProfit": 31147000,
        "grossProfitRatio": 0.2350291268,
        "researchAndDevelopmentExpenses": 0,
        "generalAndAdministrativeExpenses": 0,
        "sellingAndMarketingExpenses": 0,
        "sellingGeneralAndAdministrativeExpenses": 10243000,
        "otherExpenses": 6105000,
        "operatingExpenses": 16348000,
        "costAndExpenses": 117725000,
        "interestIncome": 0,
        "interestExpense": 0,
        "depreciationAndAmortization": 4183000,
        "ebitda": 18982000,
        "ebitdaratio": 0.143234433,
        "operatingIncome": 14633000,
        "operatingIncomeRatio": 0.1104177357,
        "totalOtherIncomeExpensesNet": 191000,
        "incomeBeforeTax": 14824000,
        "incomeBeforeTaxRatio": 0.111858984,
        "incomeTaxExpense": 2692000,
        "netIncome": 12132000,
        "netIncomeRatio": 0.0915456823,
        "eps": 0.33,
        "epsdiluted": 0.33,
        "weightedAverageShsOut": 36131111,
        "weightedAverageShsOutDil": 36900000,
        "link": "https://www.sec.gov/Archives/edgar/data/65270/000095013707009955/0000950137-07-009955-index.htm",
        "finalLink": "https://www.sec.gov/Archives/edgar/data/65270/000095013707009955/c16698e10vk.htm"
    },
    {
        "date": "2007-01-27",
        "symbol": "MEI",
        "reportedCurrency": "USD",
        "cik": "0000065270",
        "fillingDate": "2007-03-02",
        "acceptedDate": "2007-03-02 16:58:16",
        "calendarYear": "2007",
        "period": "Q3",
        "revenue": 105412000,
        "costOfRevenue": 85334000,
        "grossProfit": 20078000,
        "grossProfitRatio": 0.1904716731,
        "researchAndDevelopmentExpenses": 0,
        "generalAndAdministrativeExpenses": 0,
        "sellingAndMarketingExpenses": 0,
        "sellingGeneralAndAdministrativeExpenses": 12910000,
        "otherExpenses": -686000,
        "operatingExpenses": 12224000,
        "costAndExpenses": 97558000,
        "interestIncome": 0,
        "interestExpense": 0,
        "depreciationAndAmortization": 6631000,
        "ebitda": 14485000,
        "ebitdaratio": 0.1374131977,
        "operatingIncome": 5993000,
        "operatingIncomeRatio": 0.0568531097,
        "totalOtherIncomeExpensesNet": 721000,
        "incomeBeforeTax": 6714000,
        "incomeBeforeTaxRatio": 0.0636929382,
        "incomeTaxExpense": 2010000,
        "netIncome": 4704000,
        "netIncomeRatio": 0.0446249004,
        "eps": 0.13,
        "epsdiluted": 0.13,
        "weightedAverageShsOut": 36193000,
        "weightedAverageShsOutDil": 36562000,
        "link": "https://www.sec.gov/Archives/edgar/data/65270/000095013707003221/0000950137-07-003221-index.htm",
        "finalLink": "https://www.sec.gov/Archives/edgar/data/65270/000095013707003221/c12917e10vq.htm"
    },
    {
        "date": "2006-10-31",
        "symbol": "MEI",
        "reportedCurrency": "USD",
        "cik": "0000065270",
        "fillingDate": "2006-12-07",
        "acceptedDate": "2006-12-07 15:14:48",
        "calendarYear": "2007",
        "period": "Q2",
        "revenue": 108667000,
        "costOfRevenue": 89244000,
        "grossProfit": 19423000,
        "grossProfitRatio": 0.1787387155,
        "researchAndDevelopmentExpenses": 0,
        "generalAndAdministrativeExpenses": 0,
        "sellingAndMarketingExpenses": 0,
        "sellingGeneralAndAdministrativeExpenses": 13277000,
        "otherExpenses": 0,
        "operatingExpenses": 13277000,
        "costAndExpenses": 102521000,
        "interestIncome": 0,
        "interestExpense": 0,
        "depreciationAndAmortization": 6559000,
        "ebitda": 6146000,
        "ebitdaratio": 0.0565581087,
        "operatingIncome": 6146000,
        "operatingIncomeRatio": 0.0565581087,
        "totalOtherIncomeExpensesNet": 1297000,
        "incomeBeforeTax": 7443000,
        "incomeBeforeTaxRatio": 0.0684936549,
        "incomeTaxExpense": 2555000,
        "netIncome": 4888000,
        "netIncomeRatio": 0.0449814571,
        "eps": 0.13,
        "epsdiluted": 0.13,
        "weightedAverageShsOut": 36275000,
        "weightedAverageShsOutDil": 36495000,
        "link": "https://www.sec.gov/Archives/edgar/data/65270/000095013706013339/0000950137-06-013339-index.htm",
        "finalLink": "https://www.sec.gov/Archives/edgar/data/65270/000095013706013339/c10539e10vq.htm"
    },
    {
        "date": "2006-07-31",
        "symbol": "MEI",
        "reportedCurrency": "USD",
        "cik": "0000065270",
        "fillingDate": "2006-09-07",
        "acceptedDate": "2006-09-07 16:54:01",
        "calendarYear": "2007",
        "period": "Q1",
        "revenue": 103755000,
        "costOfRevenue": 83960000,
        "grossProfit": 19795000,
        "grossProfitRatio": 0.1907859862,
        "researchAndDevelopmentExpenses": 0,
        "generalAndAdministrativeExpenses": 0,
        "sellingAndMarketingExpenses": 0,
        "sellingGeneralAndAdministrativeExpenses": 13752000,
        "otherExpenses": 0,
        "operatingExpenses": 13752000,
        "costAndExpenses": 97712000,
        "interestIncome": 0,
        "interestExpense": 0,
        "depreciationAndAmortization": 6627000,
        "ebitda": 6043000,
        "ebitdaratio": 0.0582429762,
        "operatingIncome": 6043000,
        "operatingIncomeRatio": 0.0582429762,
        "totalOtherIncomeExpensesNet": 751000,
        "incomeBeforeTax": 6794000,
        "incomeBeforeTaxRatio": 0.0654811816,
        "incomeTaxExpense": 2535000,
        "netIncome": 4360000,
        "netIncomeRatio": 0.0420220712,
        "eps": 0.12,
        "epsdiluted": 0.12,
        "weightedAverageShsOut": 36334000,
        "weightedAverageShsOutDil": 36538000,
        "link": "https://www.sec.gov/Archives/edgar/data/65270/000095013706009849/0000950137-06-009849-index.htm",
        "finalLink": "https://www.sec.gov/Archives/edgar/data/65270/000095013706009849/c08342e10vq.htm"
    },
    {
        "date": "2006-04-30",
        "symbol": "MEI",
        "reportedCurrency": "USD",
        "cik": "0000065270",
        "fillingDate": "2006-07-13",
        "acceptedDate": "2006-07-13 17:05:23",
        "calendarYear": "2006",
        "period": "Q4",
        "revenue": 116710000,
        "costOfRevenue": 90991000,
        "grossProfit": 25719000,
        "grossProfitRatio": 0.2203667209,
        "researchAndDevelopmentExpenses": 0,
        "generalAndAdministrativeExpenses": 0,
        "sellingAndMarketingExpenses": 0,
        "sellingGeneralAndAdministrativeExpenses": 7493000,
        "otherExpenses": 5380000,
        "operatingExpenses": 12873000,
        "costAndExpenses": 103864000,
        "interestIncome": 0,
        "interestExpense": 0,
        "depreciationAndAmortization": 3608000,
        "ebitda": 16454000,
        "ebitdaratio": 0.140981921,
        "operatingIncome": 12846000,
        "operatingIncomeRatio": 0.1100676891,
        "totalOtherIncomeExpensesNet": 619000,
        "incomeBeforeTax": 13465000,
        "incomeBeforeTaxRatio": 0.1153714335,
        "incomeTaxExpense": 9175000,
        "netIncome": 4290000,
        "netIncomeRatio": 0.0367577757,
        "eps": 0.12,
        "epsdiluted": 0.12,
        "weightedAverageShsOut": 36334000,
        "weightedAverageShsOutDil": 36334000,
        "link": "https://www.sec.gov/Archives/edgar/data/65270/000095013706007779/0000950137-06-007779-index.htm",
        "finalLink": "https://www.sec.gov/Archives/edgar/data/65270/000095013706007779/c06694e10vk.htm"
    },
    {
        "date": "2006-01-31",
        "symbol": "MEI",
        "reportedCurrency": "USD",
        "cik": "0000065270",
        "fillingDate": "2006-03-09",
        "acceptedDate": "2006-03-09 16:43:37",
        "calendarYear": "2006",
        "period": "Q3",
        "revenue": 95153000,
        "costOfRevenue": 77597000,
        "grossProfit": 17556000,
        "grossProfitRatio": 0.1845028533,
        "researchAndDevelopmentExpenses": 0,
        "generalAndAdministrativeExpenses": 0,
        "sellingAndMarketingExpenses": 0,
        "sellingGeneralAndAdministrativeExpenses": 13214000,
        "otherExpenses": 0,
        "operatingExpenses": 13214000,
        "costAndExpenses": 90811000,
        "interestIncome": 0,
        "interestExpense": 0,
        "depreciationAndAmortization": 6661000,
        "ebitda": 4342000,
        "ebitdaratio": 0.045631772,
        "operatingIncome": 4342000,
        "operatingIncomeRatio": 0.045631772,
        "totalOtherIncomeExpensesNet": -72000,
        "incomeBeforeTax": 4270000,
        "incomeBeforeTaxRatio": 0.0448750959,
        "incomeTaxExpense": 1460000,
        "netIncome": 2810000,
        "netIncomeRatio": 0.0295313863,
        "eps": 0.08,
        "epsdiluted": 0.08,
        "weightedAverageShsOut": 36264000,
        "weightedAverageShsOutDil": 36413000,
        "link": "https://www.sec.gov/Archives/edgar/data/65270/000095013706002808/0000950137-06-002808-index.htm",
        "finalLink": "https://www.sec.gov/Archives/edgar/data/65270/000095013706002808/c03270e10vq.htm"
    },
    {
        "date": "2005-10-31",
        "symbol": "MEI",
        "reportedCurrency": "USD",
        "cik": "0000065270",
        "fillingDate": "2005-12-08",
        "acceptedDate": "2005-12-08 16:50:17",
        "calendarYear": "2006",
        "period": "Q2",
        "revenue": 116618000,
        "costOfRevenue": 92926000,
        "grossProfit": 23692000,
        "grossProfitRatio": 0.2031590321,
        "researchAndDevelopmentExpenses": 0,
        "generalAndAdministrativeExpenses": 0,
        "sellingAndMarketingExpenses": 0,
        "sellingGeneralAndAdministrativeExpenses": 16577000,
        "otherExpenses": 0,
        "operatingExpenses": 16577000,
        "costAndExpenses": 109503000,
        "interestIncome": 0,
        "interestExpense": 0,
        "depreciationAndAmortization": 6382000,
        "ebitda": 7115000,
        "ebitdaratio": 0.0610111647,
        "operatingIncome": 7115000,
        "operatingIncomeRatio": 0.0610111647,
        "totalOtherIncomeExpensesNet": 696000,
        "incomeBeforeTax": 7811000,
        "incomeBeforeTaxRatio": 0.0669793685,
        "incomeTaxExpense": 2570000,
        "netIncome": 5241000,
        "netIncomeRatio": 0.0449416042,
        "eps": 0.14,
        "epsdiluted": 0.14,
        "weightedAverageShsOut": 36262000,
        "weightedAverageShsOutDil": 36489000,
        "link": "https://www.sec.gov/Archives/edgar/data/65270/000095013705014715/0000950137-05-014715-index.htm",
        "finalLink": "https://www.sec.gov/Archives/edgar/data/65270/000095013705014715/c00660e10vq.htm"
    },
    {
        "date": "2005-07-31",
        "symbol": "MEI",
        "reportedCurrency": "USD",
        "cik": "0000065270",
        "fillingDate": "2005-09-08",
        "acceptedDate": "2005-09-08 15:49:23",
        "calendarYear": "2006",
        "period": "Q1",
        "revenue": 94208000,
        "costOfRevenue": 74897000,
        "grossProfit": 19311000,
        "grossProfitRatio": 0.2049825917,
        "researchAndDevelopmentExpenses": 0,
        "generalAndAdministrativeExpenses": 0,
        "sellingAndMarketingExpenses": 0,
        "sellingGeneralAndAdministrativeExpenses": 12894000,
        "otherExpenses": 0,
        "operatingExpenses": 12894000,
        "costAndExpenses": 87791000,
        "interestIncome": 0,
        "interestExpense": 0,
        "depreciationAndAmortization": 6195000,
        "ebitda": 6417000,
        "ebitdaratio": 0.0681152344,
        "operatingIncome": 6417000,
        "operatingIncomeRatio": 0.0681152344,
        "totalOtherIncomeExpensesNet": 405000,
        "incomeBeforeTax": 6822000,
        "incomeBeforeTaxRatio": 0.0724142323,
        "incomeTaxExpense": 2115000,
        "netIncome": 4707000,
        "netIncomeRatio": 0.0499639096,
        "eps": 0.13,
        "epsdiluted": 0.13,
        "weightedAverageShsOut": 36229000,
        "weightedAverageShsOutDil": 36457000,
        "link": "https://www.sec.gov/Archives/edgar/data/65270/000095013705011131/0000950137-05-011131-index.htm",
        "finalLink": "https://www.sec.gov/Archives/edgar/data/65270/000095013705011131/c98336e10vq.htm"
    },
    {
        "date": "2005-04-30",
        "symbol": "MEI",
        "reportedCurrency": "USD",
        "cik": "0000065270",
        "fillingDate": "2005-07-14",
        "acceptedDate": "2005-07-14 15:41:15",
        "calendarYear": "2005",
        "period": "Q4",
        "revenue": 116081000,
        "costOfRevenue": 89157000,
        "grossProfit": 26924000,
        "grossProfitRatio": 0.2319414891,
        "researchAndDevelopmentExpenses": 0,
        "generalAndAdministrativeExpenses": 0,
        "sellingAndMarketingExpenses": 0,
        "sellingGeneralAndAdministrativeExpenses": 8624000,
        "otherExpenses": 4311000,
        "operatingExpenses": 12935000,
        "costAndExpenses": 102092000,
        "interestIncome": 0,
        "interestExpense": 0,
        "depreciationAndAmortization": 4292000,
        "ebitda": 18281000,
        "ebitdaratio": 0.1574848597,
        "operatingIncome": 13989000,
        "operatingIncomeRatio": 0.1205106779,
        "totalOtherIncomeExpensesNet": 12611000,
        "incomeBeforeTax": 15491000,
        "incomeBeforeTaxRatio": 0.1334499186,
        "incomeTaxExpense": 5764000,
        "netIncome": 9727000,
        "netIncomeRatio": 0.0837949363,
        "eps": 0.27,
        "epsdiluted": 0.27,
        "weightedAverageShsOut": 36229000,
        "weightedAverageShsOutDil": 36229000,
        "link": "https://www.sec.gov/Archives/edgar/data/65270/000095013705008702/0000950137-05-008702-index.htm",
        "finalLink": "https://www.sec.gov/Archives/edgar/data/65270/000095013705008702/c96693e10vk.htm"
    },
    {
        "date": "2005-01-31",
        "symbol": "MEI",
        "reportedCurrency": "USD",
        "cik": "0000065270",
        "fillingDate": "2005-03-11",
        "acceptedDate": "2005-03-11 10:56:33",
        "calendarYear": "2005",
        "period": "Q3",
        "revenue": 92754000,
        "costOfRevenue": 71844000,
        "grossProfit": 20910000,
        "grossProfitRatio": 0.2254350217,
        "researchAndDevelopmentExpenses": 0,
        "generalAndAdministrativeExpenses": 0,
        "sellingAndMarketingExpenses": 0,
        "sellingGeneralAndAdministrativeExpenses": 14133000,
        "otherExpenses": 0,
        "operatingExpenses": 14133000,
        "costAndExpenses": 85977000,
        "interestIncome": 0,
        "interestExpense": 0,
        "depreciationAndAmortization": 6459000,
        "ebitda": 6777000,
        "ebitdaratio": 0.0730642344,
        "operatingIncome": 6777000,
        "operatingIncomeRatio": 0.0730642344,
        "totalOtherIncomeExpensesNet": 78000,
        "incomeBeforeTax": 6855000,
        "incomeBeforeTaxRatio": 0.0739051685,
        "incomeTaxExpense": 2150000,
        "netIncome": 4705000,
        "netIncomeRatio": 0.0507255752,
        "eps": 0.13,
        "epsdiluted": 0.13,
        "weightedAverageShsOut": 36043000,
        "weightedAverageShsOutDil": 36383000,
        "link": "https://www.sec.gov/Archives/edgar/data/65270/000095012405001445/0000950124-05-001445-index.htm",
        "finalLink": "https://www.sec.gov/Archives/edgar/data/65270/000095012405001445/c93114e10vq.htm"
    },
    {
        "date": "2004-10-31",
        "symbol": "MEI",
        "reportedCurrency": "USD",
        "cik": "0000065270",
        "fillingDate": "2004-12-08",
        "acceptedDate": "2004-12-08 17:13:00",
        "calendarYear": "2005",
        "period": "Q2",
        "revenue": 99933000,
        "costOfRevenue": 77835000,
        "grossProfit": 22098000,
        "grossProfitRatio": 0.2211281559,
        "researchAndDevelopmentExpenses": 0,
        "generalAndAdministrativeExpenses": 0,
        "sellingAndMarketingExpenses": 0,
        "sellingGeneralAndAdministrativeExpenses": 12729000,
        "otherExpenses": 0,
        "operatingExpenses": 12729000,
        "costAndExpenses": 90564000,
        "interestIncome": 0,
        "interestExpense": 0,
        "depreciationAndAmortization": 5403000,
        "ebitda": 9369000,
        "ebitdaratio": 0.0937528144,
        "operatingIncome": 9369000,
        "operatingIncomeRatio": 0.0937528144,
        "totalOtherIncomeExpensesNet": 75000,
        "incomeBeforeTax": 9444000,
        "incomeBeforeTaxRatio": 0.0945033172,
        "incomeTaxExpense": 2935000,
        "netIncome": 6509000,
        "netIncomeRatio": 0.0651336395,
        "eps": 0.18,
        "epsdiluted": 0.18,
        "weightedAverageShsOut": 35699000,
        "weightedAverageShsOutDil": 36041000,
        "link": "https://www.sec.gov/Archives/edgar/data/65270/000095013704010866/0000950137-04-010866-index.htm",
        "finalLink": "https://www.sec.gov/Archives/edgar/data/65270/000095013704010866/c90343e10vq.htm"
    },
    {
        "date": "2004-07-31",
        "symbol": "MEI",
        "reportedCurrency": "USD",
        "cik": "0000065270",
        "fillingDate": "2004-09-09",
        "acceptedDate": "2004-09-09 16:40:28",
        "calendarYear": "2005",
        "period": "Q1",
        "revenue": 85676000,
        "costOfRevenue": 67781000,
        "grossProfit": 17895000,
        "grossProfitRatio": 0.2088682945,
        "researchAndDevelopmentExpenses": 0,
        "generalAndAdministrativeExpenses": 0,
        "sellingAndMarketingExpenses": 0,
        "sellingGeneralAndAdministrativeExpenses": 11388000,
        "otherExpenses": 0,
        "operatingExpenses": 11388000,
        "costAndExpenses": 79169000,
        "interestIncome": 0,
        "interestExpense": 0,
        "depreciationAndAmortization": 5280000,
        "ebitda": 6507000,
        "ebitdaratio": 0.0759489239,
        "operatingIncome": 6507000,
        "operatingIncomeRatio": 0.0759489239,
        "totalOtherIncomeExpensesNet": 150000,
        "incomeBeforeTax": 6657000,
        "incomeBeforeTaxRatio": 0.0776997059,
        "incomeTaxExpense": 2065000,
        "netIncome": 4592000,
        "netIncomeRatio": 0.0535972734,
        "eps": 0.13,
        "epsdiluted": 0.13,
        "weightedAverageShsOut": 35500000,
        "weightedAverageShsOutDil": 35776000,
        "link": "https://www.sec.gov/Archives/edgar/data/65270/000095013704007594/0000950137-04-007594-index.htm",
        "finalLink": "https://www.sec.gov/Archives/edgar/data/65270/000095013704007594/c88094e10vq.htm"
    },
    {
        "date": "2004-04-30",
        "symbol": "MEI",
        "reportedCurrency": "USD",
        "cik": "0000065270",
        "fillingDate": "2004-07-13",
        "acceptedDate": "2004-07-13 11:57:09",
        "calendarYear": "2004",
        "period": "Q4",
        "revenue": 99855000,
        "costOfRevenue": 81821000,
        "grossProfit": 18034000,
        "grossProfitRatio": 0.1806018727,
        "researchAndDevelopmentExpenses": 0,
        "generalAndAdministrativeExpenses": 0,
        "sellingAndMarketingExpenses": 0,
        "sellingGeneralAndAdministrativeExpenses": 4191000,
        "otherExpenses": 3913000,
        "operatingExpenses": 8104000,
        "costAndExpenses": 89925000,
        "interestIncome": 0,
        "interestExpense": 0,
        "depreciationAndAmortization": 5172000,
        "ebitda": 15102000,
        "ebitdaratio": 0.151239297,
        "operatingIncome": 9930000,
        "operatingIncomeRatio": 0.0994441941,
        "totalOtherIncomeExpensesNet": 275000,
        "incomeBeforeTax": 10205000,
        "incomeBeforeTaxRatio": 0.1021981874,
        "incomeTaxExpense": 2645000,
        "netIncome": 7560000,
        "netIncomeRatio": 0.0757097792,
        "eps": 0.21,
        "epsdiluted": 0.21,
        "weightedAverageShsOut": 35500000,
        "weightedAverageShsOutDil": 35500000,
        "link": "https://www.sec.gov/Archives/edgar/data/65270/000095013704005575/0000950137-04-005575-index.htm",
        "finalLink": "https://www.sec.gov/Archives/edgar/data/65270/000095013704005575/c86692e10vk.htm"
    },
    {
        "date": "2004-01-31",
        "symbol": "MEI",
        "reportedCurrency": "USD",
        "cik": "0000065270",
        "fillingDate": "2004-03-15",
        "acceptedDate": "2004-03-15 14:17:27",
        "calendarYear": "2004",
        "period": "Q3",
        "revenue": 87334000,
        "costOfRevenue": 69594000,
        "grossProfit": 17740000,
        "grossProfitRatio": 0.2031282204,
        "researchAndDevelopmentExpenses": 0,
        "generalAndAdministrativeExpenses": 0,
        "sellingAndMarketingExpenses": 0,
        "sellingGeneralAndAdministrativeExpenses": 14721000,
        "otherExpenses": 0,
        "operatingExpenses": 14721000,
        "costAndExpenses": 84315000,
        "interestIncome": 0,
        "interestExpense": 0,
        "depreciationAndAmortization": 5530000,
        "ebitda": 3019000,
        "ebitdaratio": 0.0345684384,
        "operatingIncome": 3019000,
        "operatingIncomeRatio": 0.0345684384,
        "totalOtherIncomeExpensesNet": -410000,
        "incomeBeforeTax": 2609000,
        "incomeBeforeTaxRatio": 0.0298738178,
        "incomeTaxExpense": 1235000,
        "netIncome": 1374000,
        "netIncomeRatio": 0.0157327043,
        "eps": 0.04,
        "epsdiluted": 0.0381,
        "weightedAverageShsOut": 35700000,
        "weightedAverageShsOutDil": 36045000,
        "link": "https://www.sec.gov/Archives/edgar/data/65270/000110465904007409/0001104659-04-007409-index.htm",
        "finalLink": "https://www.sec.gov/Archives/edgar/data/65270/000110465904007409/a04-3454_110q.htm"
    },
    {
        "date": "2003-10-31",
        "symbol": "MEI",
        "reportedCurrency": "USD",
        "cik": "0000065270",
        "fillingDate": "2003-12-15",
        "acceptedDate": "2003-12-12 18:52:24",
        "calendarYear": "2004",
        "period": "Q2",
        "revenue": 95233000,
        "costOfRevenue": 74377000,
        "grossProfit": 20856000,
        "grossProfitRatio": 0.2189997165,
        "researchAndDevelopmentExpenses": 0,
        "generalAndAdministrativeExpenses": 0,
        "sellingAndMarketingExpenses": 0,
        "sellingGeneralAndAdministrativeExpenses": 11520000,
        "otherExpenses": 0,
        "operatingExpenses": 11520000,
        "costAndExpenses": 85897000,
        "interestIncome": 0,
        "interestExpense": 0,
        "depreciationAndAmortization": 5198000,
        "ebitda": 9336000,
        "ebitdaratio": 0.0980332448,
        "operatingIncome": 9336000,
        "operatingIncomeRatio": 0.0980332448,
        "totalOtherIncomeExpensesNet": 90000,
        "incomeBeforeTax": 9426000,
        "incomeBeforeTaxRatio": 0.0989782953,
        "incomeTaxExpense": 2970000,
        "netIncome": 6456000,
        "netIncomeRatio": 0.0677916269,
        "eps": 0.18,
        "epsdiluted": 0.18,
        "weightedAverageShsOut": 35714000,
        "weightedAverageShsOutDil": 36032000,
        "link": "https://www.sec.gov/Archives/edgar/data/65270/000110465903028473/0001104659-03-028473-index.htm",
        "finalLink": "https://www.sec.gov/Archives/edgar/data/65270/000110465903028473/a03-6227_110q.htm"
    },
    {
        "date": "2003-07-31",
        "symbol": "MEI",
        "reportedCurrency": "USD",
        "cik": "0000065270",
        "fillingDate": "2003-09-15",
        "acceptedDate": "2003-09-15 16:46:59",
        "calendarYear": "2004",
        "period": "Q1",
        "revenue": 78577000,
        "costOfRevenue": 62008000,
        "grossProfit": 16569000,
        "grossProfitRatio": 0.2108632297,
        "researchAndDevelopmentExpenses": 0,
        "generalAndAdministrativeExpenses": 0,
        "sellingAndMarketingExpenses": 0,
        "sellingGeneralAndAdministrativeExpenses": 9912000,
        "otherExpenses": 0,
        "operatingExpenses": 9912000,
        "costAndExpenses": 71920000,
        "interestIncome": 0,
        "interestExpense": 0,
        "depreciationAndAmortization": 4880000,
        "ebitda": 6657000,
        "ebitdaratio": 0.0847194472,
        "operatingIncome": 6657000,
        "operatingIncomeRatio": 0.0847194472,
        "totalOtherIncomeExpensesNet": -391000,
        "incomeBeforeTax": 6266000,
        "incomeBeforeTaxRatio": 0.0797434364,
        "incomeTaxExpense": 1975000,
        "netIncome": 4291000,
        "netIncomeRatio": 0.054608855,
        "eps": 0.12,
        "epsdiluted": 0.12,
        "weightedAverageShsOut": 36106000,
        "weightedAverageShsOutDil": 36334000,
        "link": "https://www.sec.gov/Archives/edgar/data/65270/000110465903020696/0001104659-03-020696-index.htm",
        "finalLink": "https://www.sec.gov/Archives/edgar/data/65270/000110465903020696/a03-3378_110q.htm"
    },
    {
        "date": "2003-04-30",
        "symbol": "MEI",
        "reportedCurrency": "USD",
        "cik": "0000065270",
        "fillingDate": "2003-07-29",
        "acceptedDate": "2003-07-29 17:13:28",
        "calendarYear": "2003",
        "period": "Q4",
        "revenue": 94364000,
        "costOfRevenue": 76469000,
        "grossProfit": 17895000,
        "grossProfitRatio": 0.1896379975,
        "researchAndDevelopmentExpenses": 0,
        "generalAndAdministrativeExpenses": 0,
        "sellingAndMarketingExpenses": 0,
        "sellingGeneralAndAdministrativeExpenses": 6454000,
        "otherExpenses": 2242000,
        "operatingExpenses": 8696000,
        "costAndExpenses": 85165000,
        "interestIncome": 0,
        "interestExpense": 0,
        "depreciationAndAmortization": 4816000,
        "ebitda": 14015000,
        "ebitdaratio": 0.1485206223,
        "operatingIncome": 9199000,
        "operatingIncomeRatio": 0.0974842101,
        "totalOtherIncomeExpensesNet": 241000,
        "incomeBeforeTax": 9440000,
        "incomeBeforeTaxRatio": 0.1000381501,
        "incomeTaxExpense": 2785000,
        "netIncome": 6655000,
        "netIncomeRatio": 0.0705247764,
        "eps": 0.18,
        "epsdiluted": 0.18,
        "weightedAverageShsOut": 36106000,
        "weightedAverageShsOutDil": 36106000,
        "link": "https://www.sec.gov/Archives/edgar/data/65270/000104746903025450/0001047469-03-025450-index.htm",
        "finalLink": "https://www.sec.gov/Archives/edgar/data/65270/000104746903025450/a2115537z10-k.htm"
    },
    {
        "date": "2003-01-31",
        "symbol": "MEI",
        "reportedCurrency": "USD",
        "cik": "0000065270",
        "fillingDate": "2003-03-17",
        "acceptedDate": "2003-03-17 16:38:01",
        "calendarYear": "2003",
        "period": "Q3",
        "revenue": 92420000,
        "costOfRevenue": 74823000,
        "grossProfit": 17597000,
        "grossProfitRatio": 0.1904025103,
        "researchAndDevelopmentExpenses": 0,
        "generalAndAdministrativeExpenses": 0,
        "sellingAndMarketingExpenses": 0,
        "sellingGeneralAndAdministrativeExpenses": 10281000,
        "otherExpenses": 0,
        "operatingExpenses": 10281000,
        "costAndExpenses": 85104000,
        "interestIncome": 0,
        "interestExpense": 0,
        "depreciationAndAmortization": 3907000,
        "ebitda": 7316000,
        "ebitdaratio": 0.0791603549,
        "operatingIncome": 7316000,
        "operatingIncomeRatio": 0.0791603549,
        "totalOtherIncomeExpensesNet": -708000,
        "incomeBeforeTax": 6608000,
        "incomeBeforeTaxRatio": 0.0714996754,
        "incomeTaxExpense": 2150000,
        "netIncome": 4458000,
        "netIncomeRatio": 0.0482363125,
        "eps": 0.12,
        "epsdiluted": 0.12,
        "weightedAverageShsOut": 36178000,
        "weightedAverageShsOutDil": 36421000,
        "link": "https://www.sec.gov/Archives/edgar/data/65270/000110465903004395/0001104659-03-004395-index.htm",
        "finalLink": "https://www.sec.gov/Archives/edgar/data/65270/000110465903004395/j8552_10q.htm"
    },
    {
        "date": "2002-10-31",
        "symbol": "MEI",
        "reportedCurrency": "USD",
        "cik": "0000065270",
        "fillingDate": "2002-12-13",
        "acceptedDate": "2002-12-13 17:19:29",
        "calendarYear": "2003",
        "period": "Q2",
        "revenue": 96846000,
        "costOfRevenue": 76041000,
        "grossProfit": 20805000,
        "grossProfitRatio": 0.2148255994,
        "researchAndDevelopmentExpenses": 0,
        "generalAndAdministrativeExpenses": 0,
        "sellingAndMarketingExpenses": 0,
        "sellingGeneralAndAdministrativeExpenses": 12140000,
        "otherExpenses": 0,
        "operatingExpenses": 12140000,
        "costAndExpenses": 88181000,
        "interestIncome": 0,
        "interestExpense": 0,
        "depreciationAndAmortization": 3979000,
        "ebitda": 8665000,
        "ebitdaratio": 0.0894719452,
        "operatingIncome": 8665000,
        "operatingIncomeRatio": 0.0894719452,
        "totalOtherIncomeExpensesNet": 512000,
        "incomeBeforeTax": 9177000,
        "incomeBeforeTaxRatio": 0.0947586891,
        "incomeTaxExpense": 3000000,
        "netIncome": 6177000,
        "netIncomeRatio": 0.063781674,
        "eps": 0.17,
        "epsdiluted": 0.17,
        "weightedAverageShsOut": 36168000,
        "weightedAverageShsOutDil": 36360000,
        "link": "https://www.sec.gov/Archives/edgar/data/65270/000104746902006958/0001047469-02-006958-index.htm",
        "finalLink": "https://www.sec.gov/Archives/edgar/data/65270/000104746902006958/a2096226z10-q.htm"
    },
    {
        "date": "2002-07-31",
        "symbol": "MEI",
        "reportedCurrency": "USD",
        "cik": "0000065270",
        "fillingDate": "2002-09-13",
        "acceptedDate": "2002-09-13 12:24:01",
        "calendarYear": "2003",
        "period": "Q1",
        "revenue": 80449000,
        "costOfRevenue": 62350000,
        "grossProfit": 18099000,
        "grossProfitRatio": 0.2249748288,
        "researchAndDevelopmentExpenses": 0,
        "generalAndAdministrativeExpenses": 0,
        "sellingAndMarketingExpenses": 0,
        "sellingGeneralAndAdministrativeExpenses": 10211000,
        "otherExpenses": 0,
        "operatingExpenses": 10211000,
        "costAndExpenses": 72561000,
        "interestIncome": 0,
        "interestExpense": 0,
        "depreciationAndAmortization": 3919000,
        "ebitda": 7888000,
        "ebitdaratio": 0.0980496961,
        "operatingIncome": 7888000,
        "operatingIncomeRatio": 0.0980496961,
        "totalOtherIncomeExpensesNet": -1155000,
        "incomeBeforeTax": 6733000,
        "incomeBeforeTaxRatio": 0.0836927743,
        "incomeTaxExpense": 2150000,
        "netIncome": 4583000,
        "netIncomeRatio": 0.0569677684,
        "eps": 0.13,
        "epsdiluted": 0.13,
        "weightedAverageShsOut": 36142000,
        "weightedAverageShsOutDil": 36442000,
        "link": "https://www.sec.gov/Archives/edgar/data/65270/000091205702035443/0000912057-02-035443-index.htm",
        "finalLink": "https://www.sec.gov/Archives/edgar/data/65270/000091205702035443/a2089234z10-q.htm"
    },
    {
        "date": "2002-04-30",
        "symbol": "MEI",
        "reportedCurrency": "USD",
        "cik": "0000065270",
        "fillingDate": "2002-07-29",
        "acceptedDate": "2002-07-29 16:21:00",
        "calendarYear": "2002",
        "period": "Q4",
        "revenue": 85446000,
        "costOfRevenue": 70454000,
        "grossProfit": 14992000,
        "grossProfitRatio": 0.1754558435,
        "researchAndDevelopmentExpenses": 0,
        "generalAndAdministrativeExpenses": 0,
        "sellingAndMarketingExpenses": 0,
        "sellingGeneralAndAdministrativeExpenses": 12217000,
        "otherExpenses": 12771000,
        "operatingExpenses": 24988000,
        "costAndExpenses": 95442000,
        "interestIncome": 0,
        "interestExpense": 0,
        "depreciationAndAmortization": 3768000,
        "ebitda": -6228000,
        "ebitdaratio": -0.0728881399,
        "operatingIncome": -9996000,
        "operatingIncomeRatio": -0.1169861667,
        "totalOtherIncomeExpensesNet": 497000,
        "incomeBeforeTax": -9499000,
        "incomeBeforeTaxRatio": -0.1111696276,
        "incomeTaxExpense": -4825000,
        "netIncome": -4674000,
        "netIncomeRatio": -0.0547012148,
        "eps": -0.13,
        "epsdiluted": -0.13,
        "weightedAverageShsOut": 36142000,
        "weightedAverageShsOutDil": 36142000,
        "link": "https://www.sec.gov/Archives/edgar/data/65270/000091205702028847/0000912057-02-028847-index.htm",
        "finalLink": "https://www.sec.gov/Archives/edgar/data/65270/000091205702028847/a2085195z10-k.htm"
    },
    {
        "date": "2002-01-31",
        "symbol": "MEI",
        "reportedCurrency": "USD",
        "cik": "0000065270",
        "fillingDate": "2002-03-14",
        "acceptedDate": "2002-03-14 00:00:00",
        "calendarYear": "2002",
        "period": "Q3",
        "revenue": 74472000,
        "costOfRevenue": 65839000,
        "grossProfit": 8633000,
        "grossProfitRatio": 0.1159227629,
        "researchAndDevelopmentExpenses": 0,
        "generalAndAdministrativeExpenses": 0,
        "sellingAndMarketingExpenses": 0,
        "sellingGeneralAndAdministrativeExpenses": 9157000,
        "otherExpenses": 0,
        "operatingExpenses": 9157000,
        "costAndExpenses": 74996000,
        "interestIncome": 0,
        "interestExpense": 0,
        "depreciationAndAmortization": 4609000,
        "ebitda": 4085000,
        "ebitdaratio": 0.0548528306,
        "operatingIncome": -524000,
        "operatingIncomeRatio": -0.0070362015,
        "totalOtherIncomeExpensesNet": 546000,
        "incomeBeforeTax": 22000,
        "incomeBeforeTaxRatio": 0.000295413,
        "incomeTaxExpense": -350000,
        "netIncome": 372000,
        "netIncomeRatio": 0.004995166,
        "eps": 0.01,
        "epsdiluted": 0.01,
        "weightedAverageShsOut": 35924000,
        "weightedAverageShsOutDil": 36096000,
        "link": "https://www.sec.gov/Archives/edgar/data/65270/000091205702009956/0000912057-02-009956-index.htm",
        "finalLink": "https://www.sec.gov/Archives/edgar/data/65270/000091205702009956/a2073320z10-q.htm"
    },
    {
        "date": "2001-10-31",
        "symbol": "MEI",
        "reportedCurrency": "USD",
        "cik": "0000065270",
        "fillingDate": "2001-12-14",
        "acceptedDate": "2001-12-14 00:00:00",
        "calendarYear": "2002",
        "period": "Q2",
        "revenue": 81064000,
        "costOfRevenue": 66677000,
        "grossProfit": 14387000,
        "grossProfitRatio": 0.1774770552,
        "researchAndDevelopmentExpenses": 0,
        "generalAndAdministrativeExpenses": 0,
        "sellingAndMarketingExpenses": 0,
        "sellingGeneralAndAdministrativeExpenses": 9849000,
        "otherExpenses": -498000,
        "operatingExpenses": 9351000,
        "costAndExpenses": 76028000,
        "interestIncome": 0,
        "interestExpense": 0,
        "depreciationAndAmortization": 4082000,
        "ebitda": 5036000,
        "ebitdaratio": 0.0621237541,
        "operatingIncome": 5036000,
        "operatingIncomeRatio": 0.0621237541,
        "totalOtherIncomeExpensesNet": 657000,
        "incomeBeforeTax": 5693000,
        "incomeBeforeTaxRatio": 0.0702284615,
        "incomeTaxExpense": 1840000,
        "netIncome": 3853000,
        "netIncomeRatio": 0.0475303464,
        "eps": 0.11,
        "epsdiluted": 0.11,
        "weightedAverageShsOut": 35847000,
        "weightedAverageShsOutDil": 36026000,
        "link": "https://www.sec.gov/Archives/edgar/data/65270/000091205701543281/0000912057-01-543281-index.htm",
        "finalLink": "https://www.sec.gov/Archives/edgar/data/65270/000091205701543281/a2066036z10-q.htm"
    },
    {
        "date": "2001-07-31",
        "symbol": "MEI",
        "reportedCurrency": "USD",
        "cik": "0000065270",
        "fillingDate": "2001-09-17",
        "acceptedDate": "2001-09-17 00:00:00",
        "calendarYear": "2002",
        "period": "Q1",
        "revenue": 80117000,
        "costOfRevenue": 64604000,
        "grossProfit": 15513000,
        "grossProfitRatio": 0.1936293171,
        "researchAndDevelopmentExpenses": 0,
        "generalAndAdministrativeExpenses": 0,
        "sellingAndMarketingExpenses": 0,
        "sellingGeneralAndAdministrativeExpenses": 9775000,
        "otherExpenses": 0,
        "operatingExpenses": 9775000,
        "costAndExpenses": 74379000,
        "interestIncome": 0,
        "interestExpense": 0,
        "depreciationAndAmortization": 3804000,
        "ebitda": 5738000,
        "ebitdaratio": 0.0716202554,
        "operatingIncome": 5738000,
        "operatingIncomeRatio": 0.0716202554,
        "totalOtherIncomeExpensesNet": 651000,
        "incomeBeforeTax": 6389000,
        "incomeBeforeTaxRatio": 0.0797458717,
        "incomeTaxExpense": 2135000,
        "netIncome": 4254000,
        "netIncomeRatio": 0.0530973451,
        "eps": 0.12,
        "epsdiluted": 0.12,
        "weightedAverageShsOut": 35775000,
        "weightedAverageShsOutDil": 35946000,
        "link": "https://www.sec.gov/Archives/edgar/data/65270/000105394901500271/0001053949-01-500271-index.htm",
        "finalLink": "https://www.sec.gov/Archives/edgar/data/65270/000105394901500271/e901145x4.htm"
    },
    {
        "date": "2001-04-30",
        "symbol": "MEI",
        "reportedCurrency": "USD",
        "cik": "0000065270",
        "fillingDate": "2001-07-30",
        "acceptedDate": "2001-07-30 00:00:00",
        "calendarYear": "2001",
        "period": "Q4",
        "revenue": -6149000,
        "costOfRevenue": 6273000,
        "grossProfit": -12422000,
        "grossProfitRatio": 2.0201658806,
        "researchAndDevelopmentExpenses": 0,
        "generalAndAdministrativeExpenses": 0,
        "sellingAndMarketingExpenses": 0,
        "sellingGeneralAndAdministrativeExpenses": -4578000,
        "otherExpenses": 10988000,
        "operatingExpenses": 6410000,
        "costAndExpenses": 12683000,
        "interestIncome": 0,
        "interestExpense": 0,
        "depreciationAndAmortization": 92000,
        "ebitda": -18740000,
        "ebitdaratio": 3.0476500244,
        "operatingIncome": -18832000,
        "operatingIncomeRatio": 3.0626118068,
        "totalOtherIncomeExpensesNet": -5803000,
        "incomeBeforeTax": -24635000,
        "incomeBeforeTaxRatio": 4.0063424947,
        "incomeTaxExpense": -6685000,
        "netIncome": -11362000,
        "netIncomeRatio": 1.8477801268,
        "eps": -0.32,
        "epsdiluted": -0.32,
        "weightedAverageShsOut": 35775000,
        "weightedAverageShsOutDil": 35775000,
        "link": "https://www.sec.gov/Archives/edgar/data/65270/000089155401503710/0000891554-01-503710-index.htm",
        "finalLink": "https://www.sec.gov/Archives/edgar/data/65270/000089155401503710/d70544_10-k.htm"
    },
    {
        "date": "2001-01-31",
        "symbol": "MEI",
        "reportedCurrency": "USD",
        "cik": "0000065270",
        "fillingDate": "2001-03-06",
        "acceptedDate": "2001-03-06 00:00:00",
        "calendarYear": "2001",
        "period": "Q3",
        "revenue": 125590000,
        "costOfRevenue": 99821000,
        "grossProfit": 25769000,
        "grossProfitRatio": 0.2051835337,
        "researchAndDevelopmentExpenses": 0,
        "generalAndAdministrativeExpenses": 0,
        "sellingAndMarketingExpenses": 0,
        "sellingGeneralAndAdministrativeExpenses": 17945000,
        "otherExpenses": 0,
        "operatingExpenses": 17945000,
        "costAndExpenses": 117766000,
        "interestIncome": 0,
        "interestExpense": 0,
        "depreciationAndAmortization": 6020000,
        "ebitda": 4272000,
        "ebitdaratio": 0.0340154471,
        "operatingIncome": 7824000,
        "operatingIncomeRatio": 0.0622979537,
        "totalOtherIncomeExpensesNet": 8055000,
        "incomeBeforeTax": 16552000,
        "incomeBeforeTaxRatio": 0.1317939326,
        "incomeTaxExpense": 3450000,
        "netIncome": 13102000,
        "netIncomeRatio": 0.1043235926,
        "eps": 0.37,
        "epsdiluted": 0.37,
        "weightedAverageShsOut": 35631000,
        "weightedAverageShsOutDil": 35770000,
        "link": "https://www.sec.gov/Archives/edgar/data/65270/000091205701007276/0000912057-01-007276-index.htm",
        "finalLink": "https://www.sec.gov/Archives/edgar/data/65270/000091205701007276/a2040602z10-q.htm"
    },
    {
        "date": "2000-10-31",
        "symbol": "MEI",
        "reportedCurrency": "USD",
        "cik": "0000065270",
        "fillingDate": "2000-12-14",
        "acceptedDate": "2000-12-14 00:00:00",
        "calendarYear": "2001",
        "period": "Q2",
        "revenue": 127603000,
        "costOfRevenue": 95314000,
        "grossProfit": 32289000,
        "grossProfitRatio": 0.2530426401,
        "researchAndDevelopmentExpenses": 0,
        "generalAndAdministrativeExpenses": 0,
        "sellingAndMarketingExpenses": 0,
        "sellingGeneralAndAdministrativeExpenses": 16388000,
        "otherExpenses": 5406000,
        "operatingExpenses": 21794000,
        "costAndExpenses": 117108000,
        "interestIncome": 0,
        "interestExpense": 0,
        "depreciationAndAmortization": 5406187,
        "ebitda": 15901187,
        "ebitdaratio": 0.1246145232,
        "operatingIncome": 10495000,
        "operatingIncomeRatio": 0.0822472826,
        "totalOtherIncomeExpensesNet": 2588000,
        "incomeBeforeTax": 13958000,
        "incomeBeforeTaxRatio": 0.109386143,
        "incomeTaxExpense": 4900000,
        "netIncome": 9058000,
        "netIncomeRatio": 0.0709857919,
        "eps": 0.25,
        "epsdiluted": 0.25,
        "weightedAverageShsOut": 35596000,
        "weightedAverageShsOutDil": 35891000,
        "link": "https://www.sec.gov/Archives/edgar/data/65270/000091205700053592/0000912057-00-053592-index.htm",
        "finalLink": "https://www.sec.gov/Archives/edgar/data/65270/000091205700053592/a2033296z10-q.htm"
    },
    {
        "date": "2000-07-31",
        "symbol": "MEI",
        "reportedCurrency": "USD",
        "cik": "0000065270",
        "fillingDate": "2000-09-14",
        "acceptedDate": "2000-09-14 00:00:00",
        "calendarYear": "2001",
        "period": "Q1",
        "revenue": 115095154,
        "costOfRevenue": 84424133,
        "grossProfit": 30671021,
        "grossProfitRatio": 0.2664840346,
        "researchAndDevelopmentExpenses": 0,
        "generalAndAdministrativeExpenses": 0,
        "sellingAndMarketingExpenses": 0,
        "sellingGeneralAndAdministrativeExpenses": 14564310,
        "otherExpenses": 5183813,
        "operatingExpenses": 19748123,
        "costAndExpenses": 104172256,
        "interestIncome": 0,
        "interestExpense": 0,
        "depreciationAndAmortization": 5183813,
        "ebitda": 10922898,
        "ebitdaratio": 0.0949031964,
        "operatingIncome": 10922898,
        "operatingIncomeRatio": 0.0949031964,
        "totalOtherIncomeExpensesNet": 2406060,
        "incomeBeforeTax": 13328958,
        "incomeBeforeTaxRatio": 0.1158081599,
        "incomeTaxExpense": 4775000,
        "netIncome": 8553958,
        "netIncomeRatio": 0.0743207486,
        "eps": 0.24,
        "epsdiluted": 0.24,
        "weightedAverageShsOut": 35501000,
        "weightedAverageShsOutDil": 35762000,
        "link": "https://www.sec.gov/Archives/edgar/data/65270/000091205700041411/0000912057-00-041411-index.htm",
        "finalLink": "https://www.sec.gov/Archives/edgar/data/65270/000091205700041411/a2025650z10-q.htm"
    },
    {
        "date": "2000-04-30",
        "symbol": "MEI",
        "reportedCurrency": "USD",
        "cik": "0000065270",
        "fillingDate": "2000-07-28",
        "acceptedDate": "2000-07-28 00:00:00",
        "calendarYear": "2000",
        "period": "Q4",
        "revenue": 117146000,
        "costOfRevenue": 84611000,
        "grossProfit": 32535000,
        "grossProfitRatio": 0.2777303536,
        "researchAndDevelopmentExpenses": 0,
        "generalAndAdministrativeExpenses": 0,
        "sellingAndMarketingExpenses": 0,
        "sellingGeneralAndAdministrativeExpenses": 13453000,
        "otherExpenses": 6309000,
        "operatingExpenses": 19762000,
        "costAndExpenses": 104373000,
        "interestIncome": 0,
        "interestExpense": 0,
        "depreciationAndAmortization": 6309000,
        "ebitda": 19082000,
        "ebitdaratio": 0.1628907517,
        "operatingIncome": 12773000,
        "operatingIncomeRatio": 0.1090348796,
        "totalOtherIncomeExpensesNet": 1415000,
        "incomeBeforeTax": 14188000,
        "incomeBeforeTaxRatio": 0.1211138238,
        "incomeTaxExpense": 4500000,
        "netIncome": 9688000,
        "netIncomeRatio": 0.0827002202,
        "eps": 0.27,
        "epsdiluted": 0.27,
        "weightedAverageShsOut": 35501000,
        "weightedAverageShsOutDil": 35501000,
        "link": "https://www.sec.gov/Archives/edgar/data/65270/000091205700033674/0000912057-00-033674-index.htm",
        "finalLink": "https://www.sec.gov/Archives/edgar/data/65270/000091205700033674/a10-k.txt"
    },
    {
        "date": "2000-01-31",
        "symbol": "MEI",
        "reportedCurrency": "USD",
        "cik": "0000065270",
        "fillingDate": "2000-03-15",
        "acceptedDate": "2000-03-15 00:00:00",
        "calendarYear": "2000",
        "period": "Q3",
        "revenue": 102000000,
        "costOfRevenue": 73100000,
        "grossProfit": 28900000,
        "grossProfitRatio": 0.2833333333,
        "researchAndDevelopmentExpenses": 0,
        "generalAndAdministrativeExpenses": 0,
        "sellingAndMarketingExpenses": 0,
        "sellingGeneralAndAdministrativeExpenses": 13800000,
        "otherExpenses": 4900000,
        "operatingExpenses": 18700000,
        "costAndExpenses": 91800000,
        "interestIncome": 0,
        "interestExpense": 0,
        "depreciationAndAmortization": 4900000,
        "ebitda": 14900000,
        "ebitdaratio": 0.1460784314,
        "operatingIncome": 10200000,
        "operatingIncomeRatio": 0.1,
        "totalOtherIncomeExpensesNet": 1300000,
        "incomeBeforeTax": 11500000,
        "incomeBeforeTaxRatio": 0.112745098,
        "incomeTaxExpense": 4100000,
        "netIncome": 7400000,
        "netIncomeRatio": 0.0725490196,
        "eps": 0.21,
        "epsdiluted": 0.21,
        "weightedAverageShsOut": 35316000,
        "weightedAverageShsOutDil": 35316000,
        "link": "https://www.sec.gov/Archives/edgar/data/65270/000091205700011771/0000912057-00-011771-index.html",
        "finalLink": "https://www.sec.gov/Archives/edgar/data/65270/000091205700011771/0000912057-00-011771-d1.html"
    },
    {
        "date": "1999-10-31",
        "symbol": "MEI",
        "reportedCurrency": "USD",
        "cik": "0000065270",
        "fillingDate": "1999-12-13",
        "acceptedDate": "1999-12-13 00:00:00",
        "calendarYear": "2000",
        "period": "Q2",
        "revenue": 104400000,
        "costOfRevenue": 75400000,
        "grossProfit": 29000000,
        "grossProfitRatio": 0.2777777778,
        "researchAndDevelopmentExpenses": 0,
        "generalAndAdministrativeExpenses": 0,
        "sellingAndMarketingExpenses": 0,
        "sellingGeneralAndAdministrativeExpenses": 17400000,
        "otherExpenses": 4900000,
        "operatingExpenses": 22300000,
        "costAndExpenses": 97700000,
        "interestIncome": 0,
        "interestExpense": 0,
        "depreciationAndAmortization": 4900000,
        "ebitda": 11600000,
        "ebitdaratio": 0.1111111111,
        "operatingIncome": 6700000,
        "operatingIncomeRatio": 0.0641762452,
        "totalOtherIncomeExpensesNet": 1600000,
        "incomeBeforeTax": 8300000,
        "incomeBeforeTaxRatio": 0.0795019157,
        "incomeTaxExpense": 2900000,
        "netIncome": 5400000,
        "netIncomeRatio": 0.0517241379,
        "eps": 0.15,
        "epsdiluted": 0.15,
        "weightedAverageShsOut": 36000000,
        "weightedAverageShsOutDil": 36000000,
        "link": "https://www.sec.gov/Archives/edgar/data/65270/000091205799009154/0000912057-99-009154-index.html",
        "finalLink": "https://www.sec.gov/Archives/edgar/data/65270/000091205799009154/0000912057-99-009154-d1.html"
    },
    {
        "date": "1999-07-31",
        "symbol": "MEI",
        "reportedCurrency": "USD",
        "cik": "0000065270",
        "fillingDate": "1999-09-08",
        "acceptedDate": "1999-09-08 00:00:00",
        "calendarYear": "2000",
        "period": "Q1",
        "revenue": 98600000,
        "costOfRevenue": 69500000,
        "grossProfit": 29100000,
        "grossProfitRatio": 0.2951318458,
        "researchAndDevelopmentExpenses": 0,
        "generalAndAdministrativeExpenses": 0,
        "sellingAndMarketingExpenses": 0,
        "sellingGeneralAndAdministrativeExpenses": 13400000,
        "otherExpenses": 4600000,
        "operatingExpenses": 18000000,
        "costAndExpenses": 87500000,
        "interestIncome": 0,
        "interestExpense": 0,
        "depreciationAndAmortization": 4600000,
        "ebitda": 15700000,
        "ebitdaratio": 0.1592292089,
        "operatingIncome": 11100000,
        "operatingIncomeRatio": 0.1125760649,
        "totalOtherIncomeExpensesNet": 2100000,
        "incomeBeforeTax": 13200000,
        "incomeBeforeTaxRatio": 0.1338742394,
        "incomeTaxExpense": 4700000,
        "netIncome": 8500000,
        "netIncomeRatio": 0.0862068966,
        "eps": 0.24,
        "epsdiluted": 0.24,
        "weightedAverageShsOut": 35416667,
        "weightedAverageShsOutDil": 35416667,
        "link": "https://www.sec.gov/Archives/edgar/data/65270/000095013199005221/0000950131-99-005221-index.html",
        "finalLink": "https://www.sec.gov/Archives/edgar/data/65270/000095013199005221/"
    },
    {
        "date": "1999-04-30",
        "symbol": "MEI",
        "reportedCurrency": "USD",
        "cik": "0000065270",
        "fillingDate": "1999-07-29",
        "acceptedDate": "1999-07-29 00:00:00",
        "calendarYear": "1999",
        "period": "Q4",
        "revenue": 111500000,
        "costOfRevenue": 77500000,
        "grossProfit": 34000000,
        "grossProfitRatio": 0.3049327354,
        "researchAndDevelopmentExpenses": 0,
        "generalAndAdministrativeExpenses": 0,
        "sellingAndMarketingExpenses": 0,
        "sellingGeneralAndAdministrativeExpenses": 14700000,
        "otherExpenses": 5900000,
        "operatingExpenses": 20600000,
        "costAndExpenses": 98100000,
        "interestIncome": 0,
        "interestExpense": 0,
        "depreciationAndAmortization": 5900000,
        "ebitda": 19300000,
        "ebitdaratio": 0.1730941704,
        "operatingIncome": 13400000,
        "operatingIncomeRatio": 0.1201793722,
        "totalOtherIncomeExpensesNet": 700000,
        "incomeBeforeTax": 14100000,
        "incomeBeforeTaxRatio": 0.1264573991,
        "incomeTaxExpense": 5300000,
        "netIncome": 8800000,
        "netIncomeRatio": 0.0789237668,
        "eps": 0.25,
        "epsdiluted": 0.25,
        "weightedAverageShsOut": 35274636,
        "weightedAverageShsOutDil": 35416667,
        "link": "https://www.sec.gov/Archives/edgar/data/65270/000095013199004532/0000950131-99-004532-index.html",
        "finalLink": "https://www.sec.gov/Archives/edgar/data/65270/000095013199004532/"
    },
    {
        "date": "1999-01-31",
        "symbol": "MEI",
        "reportedCurrency": "USD",
        "cik": "0000065270",
        "fillingDate": "1999-03-10",
        "acceptedDate": "1999-03-10 00:00:00",
        "calendarYear": "1999",
        "period": "Q3",
        "revenue": 96400000,
        "costOfRevenue": 68000000,
        "grossProfit": 28400000,
        "grossProfitRatio": 0.2946058091,
        "researchAndDevelopmentExpenses": 0,
        "generalAndAdministrativeExpenses": 0,
        "sellingAndMarketingExpenses": 0,
        "sellingGeneralAndAdministrativeExpenses": 13500000,
        "otherExpenses": 4800000,
        "operatingExpenses": 18300000,
        "costAndExpenses": 86300000,
        "interestIncome": 0,
        "interestExpense": 0,
        "depreciationAndAmortization": 4800000,
        "ebitda": 14900000,
        "ebitdaratio": 0.1545643154,
        "operatingIncome": 10100000,
        "operatingIncomeRatio": 0.1047717842,
        "totalOtherIncomeExpensesNet": 800000,
        "incomeBeforeTax": 10900000,
        "incomeBeforeTaxRatio": 0.1130705394,
        "incomeTaxExpense": 3800000,
        "netIncome": 7100000,
        "netIncomeRatio": 0.0736514523,
        "eps": 0.2,
        "epsdiluted": 0.2,
        "weightedAverageShsOut": 35500000,
        "weightedAverageShsOutDil": 35500000,
        "link": "https://www.sec.gov/Archives/edgar/data/65270/000095013199001420/0000950131-99-001420-index.html",
        "finalLink": "https://www.sec.gov/Archives/edgar/data/65270/"
    },
    {
        "date": "1998-10-31",
        "symbol": "MEI",
        "reportedCurrency": "USD",
        "cik": "0000065270",
        "fillingDate": "1998-12-15",
        "acceptedDate": "1998-12-15 00:00:00",
        "calendarYear": "1999",
        "period": "Q2",
        "revenue": 107900000,
        "costOfRevenue": 75900000,
        "grossProfit": 32000000,
        "grossProfitRatio": 0.296570899,
        "researchAndDevelopmentExpenses": 0,
        "generalAndAdministrativeExpenses": 0,
        "sellingAndMarketingExpenses": 0,
        "sellingGeneralAndAdministrativeExpenses": 14700000,
        "otherExpenses": 4500000,
        "operatingExpenses": 19200000,
        "costAndExpenses": 95100000,
        "interestIncome": 0,
        "interestExpense": 0,
        "depreciationAndAmortization": 4500000,
        "ebitda": 17300000,
        "ebitdaratio": 0.1603336423,
        "operatingIncome": 12800000,
        "operatingIncomeRatio": 0.1186283596,
        "totalOtherIncomeExpensesNet": 1200000,
        "incomeBeforeTax": 14000000,
        "incomeBeforeTaxRatio": 0.1297497683,
        "incomeTaxExpense": 4800000,
        "netIncome": 9200000,
        "netIncomeRatio": 0.0852641335,
        "eps": 0.26,
        "epsdiluted": 0.26,
        "weightedAverageShsOut": 35384615,
        "weightedAverageShsOutDil": 35384615,
        "link": "https://www.sec.gov/Archives/edgar/data/65270/000095013198006511/0000950131-98-006511-index.html",
        "finalLink": "https://www.sec.gov/Archives/edgar/data/65270/"
    },
    {
        "date": "1998-07-31",
        "symbol": "MEI",
        "reportedCurrency": "USD",
        "cik": "0000065270",
        "fillingDate": "1998-09-11",
        "acceptedDate": "1998-09-11 00:00:00",
        "calendarYear": "1999",
        "period": "Q1",
        "revenue": 88000000,
        "costOfRevenue": 60800000,
        "grossProfit": 27200000,
        "grossProfitRatio": 0.3090909091,
        "researchAndDevelopmentExpenses": 0,
        "generalAndAdministrativeExpenses": 0,
        "sellingAndMarketingExpenses": 0,
        "sellingGeneralAndAdministrativeExpenses": 11900000,
        "otherExpenses": 4700000,
        "operatingExpenses": 16600000,
        "costAndExpenses": 77400000,
        "interestIncome": 0,
        "interestExpense": 0,
        "depreciationAndAmortization": 4700000,
        "ebitda": 15400000,
        "ebitdaratio": 0.175,
        "operatingIncome": 10600000,
        "operatingIncomeRatio": 0.1204545455,
        "totalOtherIncomeExpensesNet": 1200000,
        "incomeBeforeTax": 11800000,
        "incomeBeforeTaxRatio": 0.1340909091,
        "incomeTaxExpense": 4100000,
        "netIncome": 7700000,
        "netIncomeRatio": 0.0875,
        "eps": 0.22,
        "epsdiluted": 0.22,
        "weightedAverageShsOut": 35000000,
        "weightedAverageShsOutDil": 35000000,
        "link": "https://www.sec.gov/Archives/edgar/data/65270/000095013198005174/0000950131-98-005174-index.html",
        "finalLink": "https://www.sec.gov/Archives/edgar/data/65270/"
    },
    {
        "date": "1998-04-30",
        "symbol": "MEI",
        "reportedCurrency": "USD",
        "cik": "0000065270",
        "fillingDate": "1998-07-29",
        "acceptedDate": "1998-07-29 00:00:00",
        "calendarYear": "1998",
        "period": "Q4",
        "revenue": 96700000,
        "costOfRevenue": 65000000,
        "grossProfit": 31700000,
        "grossProfitRatio": 0.3278179938,
        "researchAndDevelopmentExpenses": 0,
        "generalAndAdministrativeExpenses": 0,
        "sellingAndMarketingExpenses": 0,
        "sellingGeneralAndAdministrativeExpenses": 13600000,
        "otherExpenses": 6200000,
        "operatingExpenses": 19800000,
        "costAndExpenses": 84800000,
        "interestIncome": 0,
        "interestExpense": 0,
        "depreciationAndAmortization": 6200000,
        "ebitda": 18100000,
        "ebitdaratio": 0.1871768356,
        "operatingIncome": 11900000,
        "operatingIncomeRatio": 0.1230610134,
        "totalOtherIncomeExpensesNet": 2100000,
        "incomeBeforeTax": 14000000,
        "incomeBeforeTaxRatio": 0.1447776629,
        "incomeTaxExpense": 4400000,
        "netIncome": 9600000,
        "netIncomeRatio": 0.0992761117,
        "eps": 0.27,
        "epsdiluted": 0.27,
        "weightedAverageShsOut": 35000000,
        "weightedAverageShsOutDil": 35000000,
        "link": "https://www.sec.gov/Archives/edgar/data/65270/000095013198004476/0000950131-98-004476-index.html",
        "finalLink": "https://www.sec.gov/Archives/edgar/data/65270/"
    },
    {
        "date": "1998-01-31",
        "symbol": "MEI",
        "reportedCurrency": "USD",
        "cik": "0000065270",
        "fillingDate": "1998-03-13",
        "acceptedDate": "1998-03-13 00:00:00",
        "calendarYear": "1998",
        "period": "Q3",
        "revenue": 90700000,
        "costOfRevenue": 64100000,
        "grossProfit": 26600000,
        "grossProfitRatio": 0.2932745314,
        "researchAndDevelopmentExpenses": 0,
        "generalAndAdministrativeExpenses": 0,
        "sellingAndMarketingExpenses": 0,
        "sellingGeneralAndAdministrativeExpenses": 12100000,
        "otherExpenses": 4600000,
        "operatingExpenses": 16700000,
        "costAndExpenses": 80800000,
        "interestIncome": 0,
        "interestExpense": 0,
        "depreciationAndAmortization": 4600000,
        "ebitda": 14500000,
        "ebitdaratio": 0.1598676957,
        "operatingIncome": 9900000,
        "operatingIncomeRatio": 0.1091510474,
        "totalOtherIncomeExpensesNet": 1100000,
        "incomeBeforeTax": 11000000,
        "incomeBeforeTaxRatio": 0.1212789416,
        "incomeTaxExpense": 3900000,
        "netIncome": 7100000,
        "netIncomeRatio": 0.0782800441,
        "eps": 0.2,
        "epsdiluted": 0.2,
        "weightedAverageShsOut": 35500000,
        "weightedAverageShsOutDil": 35500000,
        "link": "https://www.sec.gov/Archives/edgar/data/65270/000095013198001684/0000950131-98-001684-index.html",
        "finalLink": "https://www.sec.gov/Archives/edgar/data/65270/"
    },
    {
        "date": "1997-10-31",
        "symbol": "MEI",
        "reportedCurrency": "USD",
        "cik": "0000065270",
        "fillingDate": "1997-12-12",
        "acceptedDate": "1997-12-12 00:00:00",
        "calendarYear": "1998",
        "period": "Q2",
        "revenue": 99900000,
        "costOfRevenue": 68900000,
        "grossProfit": 31000000,
        "grossProfitRatio": 0.3103103103,
        "researchAndDevelopmentExpenses": 0,
        "generalAndAdministrativeExpenses": 0,
        "sellingAndMarketingExpenses": 0,
        "sellingGeneralAndAdministrativeExpenses": 13200000,
        "otherExpenses": 4600000,
        "operatingExpenses": 17800000,
        "costAndExpenses": 86700000,
        "interestIncome": 0,
        "interestExpense": 0,
        "depreciationAndAmortization": 4600000,
        "ebitda": 17800000,
        "ebitdaratio": 0.1781781782,
        "operatingIncome": 13200000,
        "operatingIncomeRatio": 0.1321321321,
        "totalOtherIncomeExpensesNet": 1400000,
        "incomeBeforeTax": 14600000,
        "incomeBeforeTaxRatio": 0.1461461461,
        "incomeTaxExpense": 5100000,
        "netIncome": 9500000,
        "netIncomeRatio": 0.0950950951,
        "eps": 0.27,
        "epsdiluted": 0.27,
        "weightedAverageShsOut": 35185185,
        "weightedAverageShsOutDil": 35185185,
        "link": "https://www.sec.gov/Archives/edgar/data/65270/000095013197007253/0000950131-97-007253-index.html",
        "finalLink": "https://www.sec.gov/Archives/edgar/data/65270/"
    },
    {
        "date": "1997-07-31",
        "symbol": "MEI",
        "reportedCurrency": "USD",
        "cik": "0000065270",
        "fillingDate": "1997-09-10",
        "acceptedDate": "1997-09-10 00:00:00",
        "calendarYear": "1998",
        "period": "Q1",
        "revenue": 91900000,
        "costOfRevenue": 62300000,
        "grossProfit": 29600000,
        "grossProfitRatio": 0.3220892274,
        "researchAndDevelopmentExpenses": 0,
        "generalAndAdministrativeExpenses": 0,
        "sellingAndMarketingExpenses": 0,
        "sellingGeneralAndAdministrativeExpenses": 12200000,
        "otherExpenses": 4500000,
        "operatingExpenses": 16700000,
        "costAndExpenses": 79000000,
        "interestIncome": 0,
        "interestExpense": 0,
        "depreciationAndAmortization": 4500000,
        "ebitda": 17400000,
        "ebitdaratio": 0.189336235,
        "operatingIncome": 12900000,
        "operatingIncomeRatio": 0.1403699674,
        "totalOtherIncomeExpensesNet": 1200000,
        "incomeBeforeTax": 14100000,
        "incomeBeforeTaxRatio": 0.1534276387,
        "incomeTaxExpense": 4900000,
        "netIncome": 9200000,
        "netIncomeRatio": 0.1001088139,
        "eps": 0.26,
        "epsdiluted": 0.26,
        "weightedAverageShsOut": 35384615,
        "weightedAverageShsOutDil": 35384615,
        "link": "https://www.sec.gov/Archives/edgar/data/65270/000095013197005493/0000950131-97-005493-index.html",
        "finalLink": "https://www.sec.gov/Archives/edgar/data/65270/"
    },
    {
        "date": "1997-04-30",
        "symbol": "MEI",
        "reportedCurrency": "USD",
        "cik": "0000065270",
        "fillingDate": "1997-07-29",
        "acceptedDate": "1997-07-29 00:00:00",
        "calendarYear": "1997",
        "period": "Q4",
        "revenue": 93000000,
        "costOfRevenue": 58900000,
        "grossProfit": 34100000,
        "grossProfitRatio": 0.3666666667,
        "researchAndDevelopmentExpenses": 0,
        "generalAndAdministrativeExpenses": 0,
        "sellingAndMarketingExpenses": 0,
        "sellingGeneralAndAdministrativeExpenses": 11900000,
        "otherExpenses": 6300000,
        "operatingExpenses": 18200000,
        "costAndExpenses": 77100000,
        "interestIncome": 0,
        "interestExpense": 0,
        "depreciationAndAmortization": 6300000,
        "ebitda": 22200000,
        "ebitdaratio": 0.2387096774,
        "operatingIncome": 15900000,
        "operatingIncomeRatio": 0.1709677419,
        "totalOtherIncomeExpensesNet": 1200000,
        "incomeBeforeTax": 17100000,
        "incomeBeforeTaxRatio": 0.1838709677,
        "incomeTaxExpense": 6100000,
        "netIncome": 11000000,
        "netIncomeRatio": 0.1182795699,
        "eps": 0.31,
        "epsdiluted": 0.31,
        "weightedAverageShsOut": 35384615,
        "weightedAverageShsOutDil": 35384615,
        "link": "https://www.sec.gov/Archives/edgar/data/65270/000095013197004644/0000950131-97-004644-index.html",
        "finalLink": "https://www.sec.gov/Archives/edgar/data/65270/"
    },
    {
        "date": "1997-01-31",
        "symbol": "MEI",
        "reportedCurrency": "USD",
        "cik": "0000065270",
        "fillingDate": "1997-02-25",
        "acceptedDate": "1997-02-25 00:00:00",
        "calendarYear": "1997",
        "period": "Q3",
        "revenue": 85900000,
        "costOfRevenue": 58500000,
        "grossProfit": 27400000,
        "grossProfitRatio": 0.318975553,
        "researchAndDevelopmentExpenses": 0,
        "generalAndAdministrativeExpenses": 0,
        "sellingAndMarketingExpenses": 0,
        "sellingGeneralAndAdministrativeExpenses": 11400000,
        "otherExpenses": 3600000,
        "operatingExpenses": 15000000,
        "costAndExpenses": 73500000,
        "interestIncome": 0,
        "interestExpense": 0,
        "depreciationAndAmortization": 3600000,
        "ebitda": 16000000,
        "ebitdaratio": 0.1862630966,
        "operatingIncome": 12400000,
        "operatingIncomeRatio": 0.1443538999,
        "totalOtherIncomeExpensesNet": 2000000,
        "incomeBeforeTax": 14400000,
        "incomeBeforeTaxRatio": 0.167636787,
        "incomeTaxExpense": 5300000,
        "netIncome": 9100000,
        "netIncomeRatio": 0.1059371362,
        "eps": 0.26,
        "epsdiluted": 0.26,
        "weightedAverageShsOut": 35000000,
        "weightedAverageShsOutDil": 35000000,
        "link": "https://www.sec.gov/Archives/edgar/data/65270/000095013197001275/0000950131-97-001275-index.html",
        "finalLink": "https://www.sec.gov/Archives/edgar/data/65270/"
    },
    {
        "date": "1996-10-31",
        "symbol": "MEI",
        "reportedCurrency": "USD",
        "cik": "0000065270",
        "fillingDate": "1996-12-13",
        "acceptedDate": "1996-12-13 00:00:00",
        "calendarYear": "1997",
        "period": "Q2",
        "revenue": 85200000,
        "costOfRevenue": 57900000,
        "grossProfit": 27300000,
        "grossProfitRatio": 0.3204225352,
        "researchAndDevelopmentExpenses": 0,
        "generalAndAdministrativeExpenses": 0,
        "sellingAndMarketingExpenses": 0,
        "sellingGeneralAndAdministrativeExpenses": 10900000,
        "otherExpenses": 3400000,
        "operatingExpenses": 14300000,
        "costAndExpenses": 72200000,
        "interestIncome": 0,
        "interestExpense": 0,
        "depreciationAndAmortization": 3400000,
        "ebitda": 16400000,
        "ebitdaratio": 0.1924882629,
        "operatingIncome": 13000000,
        "operatingIncomeRatio": 0.1525821596,
        "totalOtherIncomeExpensesNet": 1300000,
        "incomeBeforeTax": 14300000,
        "incomeBeforeTaxRatio": 0.1678403756,
        "incomeTaxExpense": 5200000,
        "netIncome": 9100000,
        "netIncomeRatio": 0.1068075117,
        "eps": 0.26,
        "epsdiluted": 0.26,
        "weightedAverageShsOut": 35000000,
        "weightedAverageShsOutDil": 35000000,
        "link": "https://www.sec.gov/Archives/edgar/data/65270/000095013196006304/0000950131-96-006304-index.html",
        "finalLink": "https://www.sec.gov/Archives/edgar/data/65270/"
    },
    {
        "date": "1996-07-31",
        "symbol": "MEI",
        "reportedCurrency": "USD",
        "cik": "0000065270",
        "fillingDate": "1996-09-11",
        "acceptedDate": "1996-09-11 00:00:00",
        "calendarYear": "1997",
        "period": "Q1",
        "revenue": 79000000,
        "costOfRevenue": 54200000,
        "grossProfit": 24800000,
        "grossProfitRatio": 0.3139240506,
        "researchAndDevelopmentExpenses": 0,
        "generalAndAdministrativeExpenses": 0,
        "sellingAndMarketingExpenses": 0,
        "sellingGeneralAndAdministrativeExpenses": 10100000,
        "otherExpenses": 3400000,
        "operatingExpenses": 13500000,
        "costAndExpenses": 67700000,
        "interestIncome": 0,
        "interestExpense": 0,
        "depreciationAndAmortization": 3400000,
        "ebitda": 14700000,
        "ebitdaratio": 0.1860759494,
        "operatingIncome": 11300000,
        "operatingIncomeRatio": 0.1430379747,
        "totalOtherIncomeExpensesNet": 1300000,
        "incomeBeforeTax": 12600000,
        "incomeBeforeTaxRatio": 0.1594936709,
        "incomeTaxExpense": 4600000,
        "netIncome": 8000000,
        "netIncomeRatio": 0.1012658228,
        "eps": 0.23,
        "epsdiluted": 0.23,
        "weightedAverageShsOut": 34782609,
        "weightedAverageShsOutDil": 34782609,
        "link": "https://www.sec.gov/Archives/edgar/data/65270/000095013196004486/0000950131-96-004486-index.html",
        "finalLink": "https://www.sec.gov/Archives/edgar/data/65270/"
    },
    {
        "date": "1996-04-30",
        "symbol": "MEI",
        "reportedCurrency": "USD",
        "cik": "0000065270",
        "fillingDate": "1996-07-29",
        "acceptedDate": "1996-07-29 00:00:00",
        "calendarYear": "1996",
        "period": "Q4",
        "revenue": 84900000,
        "costOfRevenue": 55000000,
        "grossProfit": 29900000,
        "grossProfitRatio": 0.3521790342,
        "researchAndDevelopmentExpenses": 0,
        "generalAndAdministrativeExpenses": 0,
        "sellingAndMarketingExpenses": 0,
        "sellingGeneralAndAdministrativeExpenses": 9700000,
        "otherExpenses": 4700000,
        "operatingExpenses": 14400000,
        "costAndExpenses": 69400000,
        "interestIncome": 0,
        "interestExpense": 0,
        "depreciationAndAmortization": 4700000,
        "ebitda": 20200000,
        "ebitdaratio": 0.2379269729,
        "operatingIncome": 15500000,
        "operatingIncomeRatio": 0.1825677267,
        "totalOtherIncomeExpensesNet": 1100000,
        "incomeBeforeTax": 16600000,
        "incomeBeforeTaxRatio": 0.1955241461,
        "incomeTaxExpense": 6000000,
        "netIncome": 10600000,
        "netIncomeRatio": 0.124852768,
        "eps": 0.3,
        "epsdiluted": 0.3,
        "weightedAverageShsOut": 34782609,
        "weightedAverageShsOutDil": 34782609,
        "link": "https://www.sec.gov/Archives/edgar/data/65270/000095013196003488/0000950131-96-003488-index.html",
        "finalLink": "https://www.sec.gov/Archives/edgar/data/65270/"
    },
    {
        "date": "1996-01-31",
        "symbol": "MEI",
        "reportedCurrency": "USD",
        "cik": "0000065270",
        "fillingDate": "1996-03-08",
        "acceptedDate": "1996-03-08 00:00:00",
        "calendarYear": "1996",
        "period": "Q3",
        "revenue": 75700000,
        "costOfRevenue": 51900000,
        "grossProfit": 23800000,
        "grossProfitRatio": 0.3143989432,
        "researchAndDevelopmentExpenses": 0,
        "generalAndAdministrativeExpenses": 0,
        "sellingAndMarketingExpenses": 0,
        "sellingGeneralAndAdministrativeExpenses": 10000000,
        "otherExpenses": 3100000,
        "operatingExpenses": 13100000,
        "costAndExpenses": 65000000,
        "interestIncome": 0,
        "interestExpense": 0,
        "depreciationAndAmortization": 3100000,
        "ebitda": 13800000,
        "ebitdaratio": 0.1822985469,
        "operatingIncome": 10700000,
        "operatingIncomeRatio": 0.141347424,
        "totalOtherIncomeExpensesNet": 1200000,
        "incomeBeforeTax": 11900000,
        "incomeBeforeTaxRatio": 0.1571994716,
        "incomeTaxExpense": 4300000,
        "netIncome": 7600000,
        "netIncomeRatio": 0.1003963012,
        "eps": 0.22,
        "epsdiluted": 0.22,
        "weightedAverageShsOut": 34545455,
        "weightedAverageShsOutDil": 34545455,
        "link": "https://www.sec.gov/Archives/edgar/data/65270/000095013196000988/0000950131-96-000988-index.html",
        "finalLink": "https://www.sec.gov/Archives/edgar/data/65270/"
    },
    {
        "date": "1995-10-31",
        "symbol": "MEI",
        "reportedCurrency": "USD",
        "cik": "0000065270",
        "fillingDate": "1995-12-15",
        "acceptedDate": "1995-12-15 00:00:00",
        "calendarYear": "1996",
        "period": "Q2",
        "revenue": 78600000,
        "costOfRevenue": 54200000,
        "grossProfit": 24400000,
        "grossProfitRatio": 0.31043257,
        "researchAndDevelopmentExpenses": 0,
        "generalAndAdministrativeExpenses": 0,
        "sellingAndMarketingExpenses": 0,
        "sellingGeneralAndAdministrativeExpenses": 10600000,
        "otherExpenses": 3100000,
        "operatingExpenses": 13700000,
        "costAndExpenses": 67900000,
        "interestIncome": 0,
        "interestExpense": 0,
        "depreciationAndAmortization": 3100000,
        "ebitda": 13800000,
        "ebitdaratio": 0.1755725191,
        "operatingIncome": 10700000,
        "operatingIncomeRatio": 0.1361323155,
        "totalOtherIncomeExpensesNet": 1300000,
        "incomeBeforeTax": 12000000,
        "incomeBeforeTaxRatio": 0.1526717557,
        "incomeTaxExpense": 4400000,
        "netIncome": 7600000,
        "netIncomeRatio": 0.096692112,
        "eps": 0.22,
        "epsdiluted": 0.22,
        "weightedAverageShsOut": 34545455,
        "weightedAverageShsOutDil": 34545455,
        "link": "https://www.sec.gov/Archives/edgar/data/65270/000095013195003525/0000950131-95-003525-index.html",
        "finalLink": "https://www.sec.gov/Archives/edgar/data/65270/"
    },
    {
        "date": "1995-07-31",
        "symbol": "MEI",
        "reportedCurrency": "USD",
        "cik": "0000065270",
        "fillingDate": "1995-09-13",
        "acceptedDate": "1995-09-13 00:00:00",
        "calendarYear": "1996",
        "period": "Q1",
        "revenue": 68200000,
        "costOfRevenue": 46500000,
        "grossProfit": 21700000,
        "grossProfitRatio": 0.3181818182,
        "researchAndDevelopmentExpenses": 0,
        "generalAndAdministrativeExpenses": 0,
        "sellingAndMarketingExpenses": 0,
        "sellingGeneralAndAdministrativeExpenses": 9200000,
        "otherExpenses": 3100000,
        "operatingExpenses": 12300000,
        "costAndExpenses": 58800000,
        "interestIncome": 0,
        "interestExpense": 0,
        "depreciationAndAmortization": 3100000,
        "ebitda": 12500000,
        "ebitdaratio": 0.1832844575,
        "operatingIncome": 9400000,
        "operatingIncomeRatio": 0.137829912,
        "totalOtherIncomeExpensesNet": 1200000,
        "incomeBeforeTax": 10600000,
        "incomeBeforeTaxRatio": 0.1554252199,
        "incomeTaxExpense": 3900000,
        "netIncome": 6700000,
        "netIncomeRatio": 0.0982404692,
        "eps": 0.19,
        "epsdiluted": 0.19,
        "weightedAverageShsOut": 35263158,
        "weightedAverageShsOutDil": 35263158,
        "link": "https://www.sec.gov/Archives/edgar/data/65270/000095013195002554/0000950131-95-002554-index.html",
        "finalLink": "https://www.sec.gov/Archives/edgar/data/65270/"
    },
    {
        "date": "1995-04-30",
        "symbol": "MEI",
        "reportedCurrency": "USD",
        "cik": "0000065270",
        "fillingDate": "1995-07-31",
        "acceptedDate": "1995-07-31 00:00:00",
        "calendarYear": "1995",
        "period": "Q4",
        "revenue": 78800000,
        "costOfRevenue": 53400000,
        "grossProfit": 25400000,
        "grossProfitRatio": 0.3223350254,
        "researchAndDevelopmentExpenses": 0,
        "generalAndAdministrativeExpenses": 0,
        "sellingAndMarketingExpenses": 0,
        "sellingGeneralAndAdministrativeExpenses": 9400000,
        "otherExpenses": 4300000,
        "operatingExpenses": 13700000,
        "costAndExpenses": 67100000,
        "interestIncome": 0,
        "interestExpense": 0,
        "depreciationAndAmortization": 4300000,
        "ebitda": 16000000,
        "ebitdaratio": 0.2030456853,
        "operatingIncome": 11700000,
        "operatingIncomeRatio": 0.1484771574,
        "totalOtherIncomeExpensesNet": 800000,
        "incomeBeforeTax": 12500000,
        "incomeBeforeTaxRatio": 0.1586294416,
        "incomeTaxExpense": 4200000,
        "netIncome": 8300000,
        "netIncomeRatio": 0.1053299492,
        "eps": 0.24,
        "epsdiluted": 0.24,
        "weightedAverageShsOut": 33978118,
        "weightedAverageShsOutDil": 35263158,
        "link": "https://www.sec.gov/Archives/edgar/data/65270/000095013195002003/0000950131-95-002003-index.html",
        "finalLink": "https://www.sec.gov/Archives/edgar/data/65270/"
    },
    {
        "date": "1995-01-31",
        "symbol": "MEI",
        "reportedCurrency": "USD",
        "cik": "0000065270",
        "fillingDate": "1995-03-13",
        "acceptedDate": "1995-03-13 00:00:00",
        "calendarYear": "1995",
        "period": "Q3",
        "revenue": 67400000,
        "costOfRevenue": 46800000,
        "grossProfit": 20600000,
        "grossProfitRatio": 0.3056379822,
        "researchAndDevelopmentExpenses": 0,
        "generalAndAdministrativeExpenses": 0,
        "sellingAndMarketingExpenses": 0,
        "sellingGeneralAndAdministrativeExpenses": 9500000,
        "otherExpenses": 2700000,
        "operatingExpenses": 12200000,
        "costAndExpenses": 59000000,
        "interestIncome": 0,
        "interestExpense": 0,
        "depreciationAndAmortization": 2700000,
        "ebitda": 11100000,
        "ebitdaratio": 0.1646884273,
        "operatingIncome": 8400000,
        "operatingIncomeRatio": 0.1246290801,
        "totalOtherIncomeExpensesNet": 1000000,
        "incomeBeforeTax": 9400000,
        "incomeBeforeTaxRatio": 0.1394658754,
        "incomeTaxExpense": 3400000,
        "netIncome": 6000000,
        "netIncomeRatio": 0.0890207715,
        "eps": 0.17,
        "epsdiluted": 0.17,
        "weightedAverageShsOut": 35294118,
        "weightedAverageShsOutDil": 35294118,
        "link": "https://www.sec.gov/Archives/edgar/data/65270/000095013195000566/0000950131-95-000566-index.html",
        "finalLink": "https://www.sec.gov/Archives/edgar/data/65270/"
    },
    {
        "date": "1994-10-31",
        "symbol": "MEI",
        "reportedCurrency": "USD",
        "cik": "0000065270",
        "fillingDate": "1994-10-31",
        "acceptedDate": "1994-10-30 19:00:00",
        "calendarYear": "1995",
        "period": "Q2",
        "revenue": 66800000,
        "costOfRevenue": 46400000,
        "grossProfit": 20400000,
        "grossProfitRatio": 0.3053892216,
        "researchAndDevelopmentExpenses": 0,
        "generalAndAdministrativeExpenses": 0,
        "sellingAndMarketingExpenses": 0,
        "sellingGeneralAndAdministrativeExpenses": 9000000,
        "otherExpenses": 2600000,
        "operatingExpenses": 11600000,
        "costAndExpenses": 58000000,
        "interestIncome": 0,
        "interestExpense": 0,
        "depreciationAndAmortization": 2600000,
        "ebitda": 11400000,
        "ebitdaratio": 0.1706586826,
        "operatingIncome": 8800000,
        "operatingIncomeRatio": 0.1317365269,
        "totalOtherIncomeExpensesNet": 800000,
        "incomeBeforeTax": 9600000,
        "incomeBeforeTaxRatio": 0.1437125749,
        "incomeTaxExpense": 3600000,
        "netIncome": 6000000,
        "netIncomeRatio": 0.0898203593,
        "eps": 0.17,
        "epsdiluted": 0.17,
        "weightedAverageShsOut": 35294118,
        "weightedAverageShsOutDil": 35294118,
        "link": "",
        "finalLink": ""
    },
    {
        "date": "1994-07-31",
        "symbol": "MEI",
        "reportedCurrency": "USD",
        "cik": "0000065270",
        "fillingDate": "1994-07-31",
        "acceptedDate": "1994-07-30 20:00:00",
        "calendarYear": "1995",
        "period": "Q1",
        "revenue": 57800000,
        "costOfRevenue": 38500000,
        "grossProfit": 19300000,
        "grossProfitRatio": 0.3339100346,
        "researchAndDevelopmentExpenses": 0,
        "generalAndAdministrativeExpenses": 0,
        "sellingAndMarketingExpenses": 0,
        "sellingGeneralAndAdministrativeExpenses": 8200000,
        "otherExpenses": 2500000,
        "operatingExpenses": 10700000,
        "costAndExpenses": 49200000,
        "interestIncome": 0,
        "interestExpense": 0,
        "depreciationAndAmortization": 2500000,
        "ebitda": 11100000,
        "ebitdaratio": 0.1920415225,
        "operatingIncome": 8600000,
        "operatingIncomeRatio": 0.1487889273,
        "totalOtherIncomeExpensesNet": 800000,
        "incomeBeforeTax": 9400000,
        "incomeBeforeTaxRatio": 0.1626297578,
        "incomeTaxExpense": 3600000,
        "netIncome": 5800000,
        "netIncomeRatio": 0.1003460208,
        "eps": 0.17,
        "epsdiluted": 0.17,
        "weightedAverageShsOut": 34117647,
        "weightedAverageShsOutDil": 34117647,
        "link": "",
        "finalLink": ""
    },
    {
        "date": "1994-04-30",
        "symbol": "MEI",
        "reportedCurrency": "USD",
        "cik": "0000065270",
        "fillingDate": "1994-04-30",
        "acceptedDate": "1994-04-29 20:00:00",
        "calendarYear": "1994",
        "period": "Q4",
        "revenue": 63800000,
        "costOfRevenue": 41700000,
        "grossProfit": 22100000,
        "grossProfitRatio": 0.3463949843,
        "researchAndDevelopmentExpenses": 0,
        "generalAndAdministrativeExpenses": 0,
        "sellingAndMarketingExpenses": 0,
        "sellingGeneralAndAdministrativeExpenses": 7700000,
        "otherExpenses": 3200000,
        "operatingExpenses": 10900000,
        "costAndExpenses": 52600000,
        "interestIncome": 0,
        "interestExpense": 0,
        "depreciationAndAmortization": 3200000,
        "ebitda": 14400000,
        "ebitdaratio": 0.2257053292,
        "operatingIncome": 11200000,
        "operatingIncomeRatio": 0.1755485893,
        "totalOtherIncomeExpensesNet": 400000,
        "incomeBeforeTax": 11600000,
        "incomeBeforeTaxRatio": 0.1818181818,
        "incomeTaxExpense": 4200000,
        "netIncome": 7400000,
        "netIncomeRatio": 0.1159874608,
        "eps": 0.22,
        "epsdiluted": 0.22,
        "weightedAverageShsOut": 33089533,
        "weightedAverageShsOutDil": 34000000,
        "link": "",
        "finalLink": ""
    },
    {
        "date": "1994-01-31",
        "symbol": "MEI",
        "reportedCurrency": "USD",
        "cik": "0000065270",
        "fillingDate": "1994-01-31",
        "acceptedDate": "1994-01-30 19:00:00",
        "calendarYear": "1994",
        "period": "Q3",
        "revenue": 53000000,
        "costOfRevenue": 35900000,
        "grossProfit": 17100000,
        "grossProfitRatio": 0.3226415094,
        "researchAndDevelopmentExpenses": 0,
        "generalAndAdministrativeExpenses": 0,
        "sellingAndMarketingExpenses": 0,
        "sellingGeneralAndAdministrativeExpenses": 7100000,
        "otherExpenses": 2400000,
        "operatingExpenses": 9500000,
        "costAndExpenses": 45400000,
        "interestIncome": 0,
        "interestExpense": 0,
        "depreciationAndAmortization": 2400000,
        "ebitda": 10000000,
        "ebitdaratio": 0.1886792453,
        "operatingIncome": 7600000,
        "operatingIncomeRatio": 0.1433962264,
        "totalOtherIncomeExpensesNet": 700000,
        "incomeBeforeTax": 8300000,
        "incomeBeforeTaxRatio": 0.1566037736,
        "incomeTaxExpense": 3200000,
        "netIncome": 5100000,
        "netIncomeRatio": 0.0962264151,
        "eps": 0.15,
        "epsdiluted": 0.15,
        "weightedAverageShsOut": 34000000,
        "weightedAverageShsOutDil": 34000000,
        "link": "",
        "finalLink": ""
    },
    {
        "date": "1993-10-31",
        "symbol": "MEI",
        "reportedCurrency": "USD",
        "cik": "0000065270",
        "fillingDate": "1993-10-31",
        "acceptedDate": "1993-10-30 20:00:00",
        "calendarYear": "1994",
        "period": "Q2",
        "revenue": 53000000,
        "costOfRevenue": 36100000,
        "grossProfit": 16900000,
        "grossProfitRatio": 0.3188679245,
        "researchAndDevelopmentExpenses": 0,
        "generalAndAdministrativeExpenses": 0,
        "sellingAndMarketingExpenses": 0,
        "sellingGeneralAndAdministrativeExpenses": 7300000,
        "otherExpenses": 2200000,
        "operatingExpenses": 9500000,
        "costAndExpenses": 45600000,
        "interestIncome": 0,
        "interestExpense": 0,
        "depreciationAndAmortization": 2200000,
        "ebitda": 9600000,
        "ebitdaratio": 0.1811320755,
        "operatingIncome": 7400000,
        "operatingIncomeRatio": 0.1396226415,
        "totalOtherIncomeExpensesNet": 400000,
        "incomeBeforeTax": 7800000,
        "incomeBeforeTaxRatio": 0.1471698113,
        "incomeTaxExpense": 2900000,
        "netIncome": 4900000,
        "netIncomeRatio": 0.0924528302,
        "eps": 0.14,
        "epsdiluted": 0.14,
        "weightedAverageShsOut": 35000000,
        "weightedAverageShsOutDil": 35000000,
        "link": "",
        "finalLink": ""
    },
    {
        "date": "1993-07-31",
        "symbol": "MEI",
        "reportedCurrency": "USD",
        "cik": "0000065270",
        "fillingDate": "1993-07-31",
        "acceptedDate": "1993-07-30 20:00:00",
        "calendarYear": "1994",
        "period": "Q1",
        "revenue": 43500000,
        "costOfRevenue": 29600000,
        "grossProfit": 13900000,
        "grossProfitRatio": 0.3195402299,
        "researchAndDevelopmentExpenses": 0,
        "generalAndAdministrativeExpenses": 0,
        "sellingAndMarketingExpenses": 0,
        "sellingGeneralAndAdministrativeExpenses": 6400000,
        "otherExpenses": 2200000,
        "operatingExpenses": 8600000,
        "costAndExpenses": 38200000,
        "interestIncome": 0,
        "interestExpense": 0,
        "depreciationAndAmortization": 2200000,
        "ebitda": 7500000,
        "ebitdaratio": 0.1724137931,
        "operatingIncome": 5300000,
        "operatingIncomeRatio": 0.1218390805,
        "totalOtherIncomeExpensesNet": 500000,
        "incomeBeforeTax": 5800000,
        "incomeBeforeTaxRatio": 0.1333333333,
        "incomeTaxExpense": 2200000,
        "netIncome": 3600000,
        "netIncomeRatio": 0.0827586207,
        "eps": 0.11,
        "epsdiluted": 0.11,
        "weightedAverageShsOut": 32727273,
        "weightedAverageShsOutDil": 32727273,
        "link": "",
        "finalLink": ""
    },
    {
        "date": "1993-04-30",
        "symbol": "MEI",
        "reportedCurrency": "USD",
        "cik": "0000065270",
        "fillingDate": "1993-04-30",
        "acceptedDate": "1993-04-29 20:00:00",
        "calendarYear": "1993",
        "period": "Q4",
        "revenue": 47100000,
        "costOfRevenue": 31600000,
        "grossProfit": 15500000,
        "grossProfitRatio": 0.3290870488,
        "researchAndDevelopmentExpenses": 0,
        "generalAndAdministrativeExpenses": 0,
        "sellingAndMarketingExpenses": 0,
        "sellingGeneralAndAdministrativeExpenses": 6800000,
        "otherExpenses": 2400000,
        "operatingExpenses": 9200000,
        "costAndExpenses": 40800000,
        "interestIncome": 0,
        "interestExpense": 0,
        "depreciationAndAmortization": 2400000,
        "ebitda": 8700000,
        "ebitdaratio": 0.1847133758,
        "operatingIncome": 6300000,
        "operatingIncomeRatio": 0.1337579618,
        "totalOtherIncomeExpensesNet": 200000,
        "incomeBeforeTax": 6500000,
        "incomeBeforeTaxRatio": 0.1380042463,
        "incomeTaxExpense": 2500000,
        "netIncome": 4700000,
        "netIncomeRatio": 0.0997876858,
        "eps": 0.14,
        "epsdiluted": 0.14,
        "weightedAverageShsOut": 33000000,
        "weightedAverageShsOutDil": 33000000,
        "link": "",
        "finalLink": ""
    },
    {
        "date": "1993-01-31",
        "symbol": "MEI",
        "reportedCurrency": "USD",
        "cik": "0000065270",
        "fillingDate": "1993-01-31",
        "acceptedDate": "1993-01-30 19:00:00",
        "calendarYear": "1993",
        "period": "Q3",
        "revenue": 41300000,
        "costOfRevenue": 28600000,
        "grossProfit": 12700000,
        "grossProfitRatio": 0.3075060533,
        "researchAndDevelopmentExpenses": 0,
        "generalAndAdministrativeExpenses": 0,
        "sellingAndMarketingExpenses": 0,
        "sellingGeneralAndAdministrativeExpenses": 5700000,
        "otherExpenses": 2100000,
        "operatingExpenses": 7800000,
        "costAndExpenses": 36400000,
        "interestIncome": 0,
        "interestExpense": 0,
        "depreciationAndAmortization": 2100000,
        "ebitda": 7000000,
        "ebitdaratio": 0.1694915254,
        "operatingIncome": 4900000,
        "operatingIncomeRatio": 0.1186440678,
        "totalOtherIncomeExpensesNet": 400000,
        "incomeBeforeTax": 5300000,
        "incomeBeforeTaxRatio": 0.1283292978,
        "incomeTaxExpense": 2000000,
        "netIncome": 3300000,
        "netIncomeRatio": 0.0799031477,
        "eps": 0.1,
        "epsdiluted": 0.1,
        "weightedAverageShsOut": 33000000,
        "weightedAverageShsOutDil": 33000000,
        "link": "",
        "finalLink": ""
    },
    {
        "date": "1992-10-31",
        "symbol": "MEI",
        "reportedCurrency": "USD",
        "cik": "0000065270",
        "fillingDate": "1992-10-31",
        "acceptedDate": "1992-10-30 19:00:00",
        "calendarYear": "1993",
        "period": "Q2",
        "revenue": 42800000,
        "costOfRevenue": 28900000,
        "grossProfit": 13900000,
        "grossProfitRatio": 0.3247663551,
        "researchAndDevelopmentExpenses": 0,
        "generalAndAdministrativeExpenses": 0,
        "sellingAndMarketingExpenses": 0,
        "sellingGeneralAndAdministrativeExpenses": 6500000,
        "otherExpenses": 2100000,
        "operatingExpenses": 8600000,
        "costAndExpenses": 37500000,
        "interestIncome": 0,
        "interestExpense": 0,
        "depreciationAndAmortization": 2100000,
        "ebitda": 7400000,
        "ebitdaratio": 0.1728971963,
        "operatingIncome": 5300000,
        "operatingIncomeRatio": 0.1238317757,
        "totalOtherIncomeExpensesNet": 500000,
        "incomeBeforeTax": 5800000,
        "incomeBeforeTaxRatio": 0.1355140187,
        "incomeTaxExpense": 1900000,
        "netIncome": 3900000,
        "netIncomeRatio": 0.0911214953,
        "eps": 0.12,
        "epsdiluted": 0.12,
        "weightedAverageShsOut": 32500000,
        "weightedAverageShsOutDil": 32500000,
        "link": "",
        "finalLink": ""
    },
    {
        "date": "1992-07-31",
        "symbol": "MEI",
        "reportedCurrency": "USD",
        "cik": "0000065270",
        "fillingDate": "1992-07-31",
        "acceptedDate": "1992-07-30 20:00:00",
        "calendarYear": "1993",
        "period": "Q1",
        "revenue": 40800000,
        "costOfRevenue": 27700000,
        "grossProfit": 13100000,
        "grossProfitRatio": 0.3210784314,
        "researchAndDevelopmentExpenses": 0,
        "generalAndAdministrativeExpenses": 0,
        "sellingAndMarketingExpenses": 0,
        "sellingGeneralAndAdministrativeExpenses": 6500000,
        "otherExpenses": 2100000,
        "operatingExpenses": 8600000,
        "costAndExpenses": 36300000,
        "interestIncome": 0,
        "interestExpense": 0,
        "depreciationAndAmortization": 2100000,
        "ebitda": 6600000,
        "ebitdaratio": 0.1617647059,
        "operatingIncome": 4500000,
        "operatingIncomeRatio": 0.1102941176,
        "totalOtherIncomeExpensesNet": 400000,
        "incomeBeforeTax": 4900000,
        "incomeBeforeTaxRatio": 0.1200980392,
        "incomeTaxExpense": 1500000,
        "netIncome": 3400000,
        "netIncomeRatio": 0.0833333333,
        "eps": 0.1,
        "epsdiluted": 0.1,
        "weightedAverageShsOut": 34000000,
        "weightedAverageShsOutDil": 34000000,
        "link": "",
        "finalLink": ""
    },
    {
        "date": "1992-04-30",
        "symbol": "MEI",
        "reportedCurrency": "USD",
        "cik": "0000065270",
        "fillingDate": "1992-04-30",
        "acceptedDate": "1992-04-29 20:00:00",
        "calendarYear": "1992",
        "period": "Q4",
        "revenue": 38100000,
        "costOfRevenue": 27100000,
        "grossProfit": 11000000,
        "grossProfitRatio": 0.2887139108,
        "researchAndDevelopmentExpenses": 0,
        "generalAndAdministrativeExpenses": 0,
        "sellingAndMarketingExpenses": 0,
        "sellingGeneralAndAdministrativeExpenses": 3900000,
        "otherExpenses": 1800000,
        "operatingExpenses": 5700000,
        "costAndExpenses": 32800000,
        "interestIncome": 0,
        "interestExpense": 0,
        "depreciationAndAmortization": 1800000,
        "ebitda": 7100000,
        "ebitdaratio": 0.186351706,
        "operatingIncome": 5300000,
        "operatingIncomeRatio": 0.1391076115,
        "totalOtherIncomeExpensesNet": -800000,
        "incomeBeforeTax": 4500000,
        "incomeBeforeTaxRatio": 0.1181102362,
        "incomeTaxExpense": 1400000,
        "netIncome": -1800000,
        "netIncomeRatio": -0.0472440945,
        "eps": -0.0529,
        "epsdiluted": -0.0529,
        "weightedAverageShsOut": 34000000,
        "weightedAverageShsOutDil": 34000000,
        "link": "",
        "finalLink": ""
    },
    {
        "date": "1992-01-31",
        "symbol": "MEI",
        "reportedCurrency": "USD",
        "cik": "0000065270",
        "fillingDate": "1992-01-31",
        "acceptedDate": "1992-01-30 19:00:00",
        "calendarYear": "1992",
        "period": "Q3",
        "revenue": 33800000,
        "costOfRevenue": 23600000,
        "grossProfit": 10200000,
        "grossProfitRatio": 0.3017751479,
        "researchAndDevelopmentExpenses": 0,
        "generalAndAdministrativeExpenses": 0,
        "sellingAndMarketingExpenses": 0,
        "sellingGeneralAndAdministrativeExpenses": 6300000,
        "otherExpenses": 1900000,
        "operatingExpenses": 8200000,
        "costAndExpenses": 31800000,
        "interestIncome": 0,
        "interestExpense": 0,
        "depreciationAndAmortization": 1900000,
        "ebitda": 3900000,
        "ebitdaratio": 0.1153846154,
        "operatingIncome": 2000000,
        "operatingIncomeRatio": 0.0591715976,
        "totalOtherIncomeExpensesNet": 400000,
        "incomeBeforeTax": 2400000,
        "incomeBeforeTaxRatio": 0.0710059172,
        "incomeTaxExpense": 700000,
        "netIncome": 1700000,
        "netIncomeRatio": 0.050295858,
        "eps": 0.05,
        "epsdiluted": 0.05,
        "weightedAverageShsOut": 34000000,
        "weightedAverageShsOutDil": 34000000,
        "link": "",
        "finalLink": ""
    },
    {
        "date": "1991-10-31",
        "symbol": "MEI",
        "reportedCurrency": "USD",
        "cik": "0000065270",
        "fillingDate": "1991-10-31",
        "acceptedDate": "1991-10-30 19:00:00",
        "calendarYear": "1992",
        "period": "Q2",
        "revenue": 40300000,
        "costOfRevenue": 28500000,
        "grossProfit": 11800000,
        "grossProfitRatio": 0.2928039702,
        "researchAndDevelopmentExpenses": 0,
        "generalAndAdministrativeExpenses": 0,
        "sellingAndMarketingExpenses": 0,
        "sellingGeneralAndAdministrativeExpenses": 6800000,
        "otherExpenses": 1800000,
        "operatingExpenses": 8600000,
        "costAndExpenses": 37100000,
        "interestIncome": 0,
        "interestExpense": 0,
        "depreciationAndAmortization": 1800000,
        "ebitda": 5000000,
        "ebitdaratio": 0.1240694789,
        "operatingIncome": 3200000,
        "operatingIncomeRatio": 0.0794044665,
        "totalOtherIncomeExpensesNet": 200000,
        "incomeBeforeTax": 3400000,
        "incomeBeforeTaxRatio": 0.0843672457,
        "incomeTaxExpense": 1000000,
        "netIncome": 2400000,
        "netIncomeRatio": 0.0595533499,
        "eps": 0.07,
        "epsdiluted": 0.07,
        "weightedAverageShsOut": 34285714,
        "weightedAverageShsOutDil": 34285714,
        "link": "",
        "finalLink": ""
    },
    {
        "date": "1991-07-31",
        "symbol": "MEI",
        "reportedCurrency": "USD",
        "cik": "0000065270",
        "fillingDate": "1991-07-31",
        "acceptedDate": "1991-07-30 20:00:00",
        "calendarYear": "1992",
        "period": "Q1",
        "revenue": 35900000,
        "costOfRevenue": 24900000,
        "grossProfit": 11000000,
        "grossProfitRatio": 0.3064066852,
        "researchAndDevelopmentExpenses": 0,
        "generalAndAdministrativeExpenses": 0,
        "sellingAndMarketingExpenses": 0,
        "sellingGeneralAndAdministrativeExpenses": 6200000,
        "otherExpenses": 1800000,
        "operatingExpenses": 8000000,
        "costAndExpenses": 32900000,
        "interestIncome": 0,
        "interestExpense": 0,
        "depreciationAndAmortization": 1800000,
        "ebitda": 4800000,
        "ebitdaratio": 0.1337047354,
        "operatingIncome": 3000000,
        "operatingIncomeRatio": 0.0835654596,
        "totalOtherIncomeExpensesNet": 200000,
        "incomeBeforeTax": 3200000,
        "incomeBeforeTaxRatio": 0.0891364903,
        "incomeTaxExpense": 1000000,
        "netIncome": 2200000,
        "netIncomeRatio": 0.061281337,
        "eps": 0.07,
        "epsdiluted": 0.07,
        "weightedAverageShsOut": 31428571,
        "weightedAverageShsOutDil": 31428571,
        "link": "",
        "finalLink": ""
    },
    {
        "date": "1991-04-30",
        "symbol": "MEI",
        "reportedCurrency": "USD",
        "cik": "0000065270",
        "fillingDate": "1991-04-30",
        "acceptedDate": "1991-04-29 20:00:00",
        "calendarYear": "1991",
        "period": "Q4",
        "revenue": 36400000,
        "costOfRevenue": 26200000,
        "grossProfit": 10200000,
        "grossProfitRatio": 0.2802197802,
        "researchAndDevelopmentExpenses": 0,
        "generalAndAdministrativeExpenses": 0,
        "sellingAndMarketingExpenses": 0,
        "sellingGeneralAndAdministrativeExpenses": 6000000,
        "otherExpenses": 1500000,
        "operatingExpenses": 7500000,
        "costAndExpenses": 33700000,
        "interestIncome": 0,
        "interestExpense": 0,
        "depreciationAndAmortization": 1500000,
        "ebitda": 4200000,
        "ebitdaratio": 0.1153846154,
        "operatingIncome": 2700000,
        "operatingIncomeRatio": 0.0741758242,
        "totalOtherIncomeExpensesNet": 200000,
        "incomeBeforeTax": 2900000,
        "incomeBeforeTaxRatio": 0.0796703297,
        "incomeTaxExpense": 800000,
        "netIncome": 2100000,
        "netIncomeRatio": 0.0576923077,
        "eps": 0.0656,
        "epsdiluted": 0.0656,
        "weightedAverageShsOut": 32000000,
        "weightedAverageShsOutDil": 32000000,
        "link": "",
        "finalLink": ""
    },
    {
        "date": "1991-01-31",
        "symbol": "MEI",
        "reportedCurrency": "USD",
        "cik": "0000065270",
        "fillingDate": "1991-01-31",
        "acceptedDate": "1991-01-30 19:00:00",
        "calendarYear": "1991",
        "period": "Q3",
        "revenue": 35500000,
        "costOfRevenue": 26100000,
        "grossProfit": 9400000,
        "grossProfitRatio": 0.2647887324,
        "researchAndDevelopmentExpenses": 0,
        "generalAndAdministrativeExpenses": 0,
        "sellingAndMarketingExpenses": 0,
        "sellingGeneralAndAdministrativeExpenses": 5600000,
        "otherExpenses": 1700000,
        "operatingExpenses": 7300000,
        "costAndExpenses": 33400000,
        "interestIncome": 0,
        "interestExpense": 0,
        "depreciationAndAmortization": 1800000,
        "ebitda": 3900000,
        "ebitdaratio": 0.1098591549,
        "operatingIncome": 2100000,
        "operatingIncomeRatio": 0.0591549296,
        "totalOtherIncomeExpensesNet": 400000,
        "incomeBeforeTax": 2500000,
        "incomeBeforeTaxRatio": 0.0704225352,
        "incomeTaxExpense": 900000,
        "netIncome": 1600000,
        "netIncomeRatio": 0.0450704225,
        "eps": 0.05,
        "epsdiluted": 0.05,
        "weightedAverageShsOut": 32000000,
        "weightedAverageShsOutDil": 32000000,
        "link": "",
        "finalLink": ""
    },
    {
        "date": "1990-10-31",
        "symbol": "MEI",
        "reportedCurrency": "USD",
        "cik": "0000065270",
        "fillingDate": "1990-10-31",
        "acceptedDate": "1990-10-30 19:00:00",
        "calendarYear": "1991",
        "period": "Q2",
        "revenue": 43000000,
        "costOfRevenue": 31200000,
        "grossProfit": 11800000,
        "grossProfitRatio": 0.2744186047,
        "researchAndDevelopmentExpenses": 0,
        "generalAndAdministrativeExpenses": 0,
        "sellingAndMarketingExpenses": 0,
        "sellingGeneralAndAdministrativeExpenses": 6900000,
        "otherExpenses": 1600000,
        "operatingExpenses": 8500000,
        "costAndExpenses": 39700000,
        "interestIncome": 0,
        "interestExpense": 0,
        "depreciationAndAmortization": 1700000,
        "ebitda": 5000000,
        "ebitdaratio": 0.1162790698,
        "operatingIncome": 3300000,
        "operatingIncomeRatio": 0.076744186,
        "totalOtherIncomeExpensesNet": 300000,
        "incomeBeforeTax": 3600000,
        "incomeBeforeTaxRatio": 0.0837209302,
        "incomeTaxExpense": 1300000,
        "netIncome": 2300000,
        "netIncomeRatio": 0.0534883721,
        "eps": 0.07,
        "epsdiluted": 0.07,
        "weightedAverageShsOut": 32857143,
        "weightedAverageShsOutDil": 32857143,
        "link": "",
        "finalLink": ""
    },
    {
        "date": "1990-07-31",
        "symbol": "MEI",
        "reportedCurrency": "USD",
        "cik": "0000065270",
        "fillingDate": "1990-07-31",
        "acceptedDate": "1990-07-30 20:00:00",
        "calendarYear": "1991",
        "period": "Q1",
        "revenue": 34500000,
        "costOfRevenue": 24200000,
        "grossProfit": 10300000,
        "grossProfitRatio": 0.2985507246,
        "researchAndDevelopmentExpenses": 0,
        "generalAndAdministrativeExpenses": 0,
        "sellingAndMarketingExpenses": 0,
        "sellingGeneralAndAdministrativeExpenses": 5900000,
        "otherExpenses": 1600000,
        "operatingExpenses": 7500000,
        "costAndExpenses": 31700000,
        "interestIncome": 0,
        "interestExpense": 0,
        "depreciationAndAmortization": 1600000,
        "ebitda": 4400000,
        "ebitdaratio": 0.1275362319,
        "operatingIncome": 2800000,
        "operatingIncomeRatio": 0.0811594203,
        "totalOtherIncomeExpensesNet": 100000,
        "incomeBeforeTax": 2900000,
        "incomeBeforeTaxRatio": 0.084057971,
        "incomeTaxExpense": 1000000,
        "netIncome": 1900000,
        "netIncomeRatio": 0.0550724638,
        "eps": 0.06,
        "epsdiluted": 0.06,
        "weightedAverageShsOut": 31666667,
        "weightedAverageShsOutDil": 31666667,
        "link": "",
        "finalLink": ""
    },
    {
        "date": "1990-04-30",
        "symbol": "MEI",
        "reportedCurrency": "USD",
        "cik": "0000065270",
        "fillingDate": "1990-04-30",
        "acceptedDate": "1990-04-29 20:00:00",
        "calendarYear": "1990",
        "period": "Q4",
        "revenue": 36300000,
        "costOfRevenue": 0,
        "grossProfit": 36300000,
        "grossProfitRatio": 1,
        "researchAndDevelopmentExpenses": 0,
        "generalAndAdministrativeExpenses": 0,
        "sellingAndMarketingExpenses": 0,
        "sellingGeneralAndAdministrativeExpenses": 0,
        "otherExpenses": -124400000,
        "operatingExpenses": -124400000,
        "costAndExpenses": -124400000,
        "interestIncome": 0,
        "interestExpense": 0,
        "depreciationAndAmortization": 0,
        "ebitda": -88100000,
        "ebitdaratio": -2.4269972452,
        "operatingIncome": -88100000,
        "operatingIncomeRatio": -2.4269972452,
        "totalOtherIncomeExpensesNet": 88100000,
        "incomeBeforeTax": 0,
        "incomeBeforeTaxRatio": 0,
        "incomeTaxExpense": 0,
        "netIncome": 1900000,
        "netIncomeRatio": 0.0523415978,
        "eps": 0.05,
        "epsdiluted": 0.05,
        "weightedAverageShsOut": 33349000,
        "weightedAverageShsOutDil": 33349000,
        "link": "",
        "finalLink": ""
    },
    {
        "date": "1990-01-31",
        "symbol": "MEI",
        "reportedCurrency": "USD",
        "cik": "0000065270",
        "fillingDate": "1990-01-31",
        "acceptedDate": "1990-01-30 19:00:00",
        "calendarYear": "1990",
        "period": "Q3",
        "revenue": 32900000,
        "costOfRevenue": 0,
        "grossProfit": 32900000,
        "grossProfitRatio": 1,
        "researchAndDevelopmentExpenses": 0,
        "generalAndAdministrativeExpenses": 0,
        "sellingAndMarketingExpenses": 0,
        "sellingGeneralAndAdministrativeExpenses": 0,
        "otherExpenses": 0,
        "operatingExpenses": 0,
        "costAndExpenses": 0,
        "interestIncome": 0,
        "interestExpense": 0,
        "depreciationAndAmortization": 0,
        "ebitda": 32900000,
        "ebitdaratio": 1,
        "operatingIncome": 32900000,
        "operatingIncomeRatio": 1,
        "totalOtherIncomeExpensesNet": -32900000,
        "incomeBeforeTax": 0,
        "incomeBeforeTaxRatio": 0,
        "incomeTaxExpense": 0,
        "netIncome": 1300000,
        "netIncomeRatio": 0.0395136778,
        "eps": 0.04,
        "epsdiluted": 0.04,
        "weightedAverageShsOut": 33349000,
        "weightedAverageShsOutDil": 33349000,
        "link": "",
        "finalLink": ""
    },
    {
        "date": "1989-10-31",
        "symbol": "MEI",
        "reportedCurrency": "USD",
        "cik": "0000065270",
        "fillingDate": "1989-10-31",
        "acceptedDate": "1989-10-30 19:00:00",
        "calendarYear": "1990",
        "period": "Q2",
        "revenue": 33200000,
        "costOfRevenue": 0,
        "grossProfit": 33200000,
        "grossProfitRatio": 1,
        "researchAndDevelopmentExpenses": 0,
        "generalAndAdministrativeExpenses": 0,
        "sellingAndMarketingExpenses": 0,
        "sellingGeneralAndAdministrativeExpenses": 0,
        "otherExpenses": 0,
        "operatingExpenses": 0,
        "costAndExpenses": 0,
        "interestIncome": 0,
        "interestExpense": 0,
        "depreciationAndAmortization": 0,
        "ebitda": 33200000,
        "ebitdaratio": 1,
        "operatingIncome": 33200000,
        "operatingIncomeRatio": 1,
        "totalOtherIncomeExpensesNet": -33200000,
        "incomeBeforeTax": 0,
        "incomeBeforeTaxRatio": 0,
        "incomeTaxExpense": 0,
        "netIncome": 1100000,
        "netIncomeRatio": 0.0331325301,
        "eps": 0.03,
        "epsdiluted": 0.03,
        "weightedAverageShsOut": 33349000,
        "weightedAverageShsOutDil": 33349000,
        "link": "",
        "finalLink": ""
    },
    {
        "date": "1989-07-31",
        "symbol": "MEI",
        "reportedCurrency": "USD",
        "cik": "0000065270",
        "fillingDate": "1989-07-31",
        "acceptedDate": "1989-07-30 20:00:00",
        "calendarYear": "1990",
        "period": "Q1",
        "revenue": 30500000,
        "costOfRevenue": 0,
        "grossProfit": 30500000,
        "grossProfitRatio": 1,
        "researchAndDevelopmentExpenses": 0,
        "generalAndAdministrativeExpenses": 0,
        "sellingAndMarketingExpenses": 0,
        "sellingGeneralAndAdministrativeExpenses": 0,
        "otherExpenses": 0,
        "operatingExpenses": 0,
        "costAndExpenses": 0,
        "interestIncome": 0,
        "interestExpense": 0,
        "depreciationAndAmortization": 0,
        "ebitda": 30500000,
        "ebitdaratio": 1,
        "operatingIncome": 30500000,
        "operatingIncomeRatio": 1,
        "totalOtherIncomeExpensesNet": -30500000,
        "incomeBeforeTax": 0,
        "incomeBeforeTaxRatio": 0,
        "incomeTaxExpense": 0,
        "netIncome": 800000,
        "netIncomeRatio": 0.0262295082,
        "eps": 0.03,
        "epsdiluted": 0.03,
        "weightedAverageShsOut": 33028000,
        "weightedAverageShsOutDil": 33028000,
        "link": "",
        "finalLink": ""
    },
    {
        "date": "1989-04-30",
        "symbol": "MEI",
        "reportedCurrency": "USD",
        "cik": "0000065270",
        "fillingDate": "1989-04-30",
        "acceptedDate": "1989-04-29 20:00:00",
        "calendarYear": "1989",
        "period": "Q4",
        "revenue": 32900000,
        "costOfRevenue": 0,
        "grossProfit": 32900000,
        "grossProfitRatio": 1,
        "researchAndDevelopmentExpenses": 0,
        "generalAndAdministrativeExpenses": 0,
        "sellingAndMarketingExpenses": 0,
        "sellingGeneralAndAdministrativeExpenses": 0,
        "otherExpenses": -118500000,
        "operatingExpenses": -118500000,
        "costAndExpenses": -118500000,
        "interestIncome": 0,
        "interestExpense": 0,
        "depreciationAndAmortization": 0,
        "ebitda": -85600000,
        "ebitdaratio": -2.6018237082,
        "operatingIncome": -85600000,
        "operatingIncomeRatio": -2.6018237082,
        "totalOtherIncomeExpensesNet": 85600000,
        "incomeBeforeTax": 0,
        "incomeBeforeTaxRatio": 0,
        "incomeTaxExpense": 0,
        "netIncome": 800000,
        "netIncomeRatio": 0.0243161094,
        "eps": 0.02,
        "epsdiluted": 0.02,
        "weightedAverageShsOut": 33028000,
        "weightedAverageShsOutDil": 33028000,
        "link": "",
        "finalLink": ""
    },
    {
        "date": "1989-01-31",
        "symbol": "MEI",
        "reportedCurrency": "USD",
        "cik": "0000065270",
        "fillingDate": "1989-01-31",
        "acceptedDate": "1989-01-30 19:00:00",
        "calendarYear": "1989",
        "period": "Q3",
        "revenue": 28400000,
        "costOfRevenue": 0,
        "grossProfit": 28400000,
        "grossProfitRatio": 1,
        "researchAndDevelopmentExpenses": 0,
        "generalAndAdministrativeExpenses": 0,
        "sellingAndMarketingExpenses": 0,
        "sellingGeneralAndAdministrativeExpenses": 0,
        "otherExpenses": 0,
        "operatingExpenses": 0,
        "costAndExpenses": 0,
        "interestIncome": 0,
        "interestExpense": 0,
        "depreciationAndAmortization": 0,
        "ebitda": 28400000,
        "ebitdaratio": 1,
        "operatingIncome": 28400000,
        "operatingIncomeRatio": 1,
        "totalOtherIncomeExpensesNet": -28400000,
        "incomeBeforeTax": 0,
        "incomeBeforeTaxRatio": 0,
        "incomeTaxExpense": 0,
        "netIncome": 200000,
        "netIncomeRatio": 0.0070422535,
        "eps": 0.01,
        "epsdiluted": 0.01,
        "weightedAverageShsOut": 33028000,
        "weightedAverageShsOutDil": 33028000,
        "link": "",
        "finalLink": ""
    },
    {
        "date": "1988-10-31",
        "symbol": "MEI",
        "reportedCurrency": "USD",
        "cik": "0000065270",
        "fillingDate": "1988-10-31",
        "acceptedDate": "1988-10-30 19:00:00",
        "calendarYear": "1989",
        "period": "Q2",
        "revenue": 30700000,
        "costOfRevenue": 0,
        "grossProfit": 30700000,
        "grossProfitRatio": 1,
        "researchAndDevelopmentExpenses": 0,
        "generalAndAdministrativeExpenses": 0,
        "sellingAndMarketingExpenses": 0,
        "sellingGeneralAndAdministrativeExpenses": 0,
        "otherExpenses": 0,
        "operatingExpenses": 0,
        "costAndExpenses": 0,
        "interestIncome": 0,
        "interestExpense": 0,
        "depreciationAndAmortization": 0,
        "ebitda": 30700000,
        "ebitdaratio": 1,
        "operatingIncome": 30700000,
        "operatingIncomeRatio": 1,
        "totalOtherIncomeExpensesNet": -30700000,
        "incomeBeforeTax": 0,
        "incomeBeforeTaxRatio": 0,
        "incomeTaxExpense": 0,
        "netIncome": 600000,
        "netIncomeRatio": 0.0195439739,
        "eps": 0.02,
        "epsdiluted": 0.02,
        "weightedAverageShsOut": 33028000,
        "weightedAverageShsOutDil": 33028000,
        "link": "",
        "finalLink": ""
    },
    {
        "date": "1988-07-31",
        "symbol": "MEI",
        "reportedCurrency": "USD",
        "cik": "0000065270",
        "fillingDate": "1988-07-31",
        "acceptedDate": "1988-07-30 20:00:00",
        "calendarYear": "1989",
        "period": "Q1",
        "revenue": 30200000,
        "costOfRevenue": 0,
        "grossProfit": 30200000,
        "grossProfitRatio": 1,
        "researchAndDevelopmentExpenses": 0,
        "generalAndAdministrativeExpenses": 0,
        "sellingAndMarketingExpenses": 0,
        "sellingGeneralAndAdministrativeExpenses": 0,
        "otherExpenses": 0,
        "operatingExpenses": 0,
        "costAndExpenses": 0,
        "interestIncome": 0,
        "interestExpense": 0,
        "depreciationAndAmortization": 0,
        "ebitda": 30200000,
        "ebitdaratio": 1,
        "operatingIncome": 30200000,
        "operatingIncomeRatio": 1,
        "totalOtherIncomeExpensesNet": -30200000,
        "incomeBeforeTax": 0,
        "incomeBeforeTaxRatio": 0,
        "incomeTaxExpense": 0,
        "netIncome": 500000,
        "netIncomeRatio": 0.0165562914,
        "eps": 0.02,
        "epsdiluted": 0.02,
        "weightedAverageShsOut": 32825000,
        "weightedAverageShsOutDil": 32825000,
        "link": "",
        "finalLink": ""
    },
    {
        "date": "1988-04-30",
        "symbol": "MEI",
        "reportedCurrency": "USD",
        "cik": "0000065270",
        "fillingDate": "1988-04-30",
        "acceptedDate": "1988-04-29 20:00:00",
        "calendarYear": "1988",
        "period": "Q4",
        "revenue": 31600000,
        "costOfRevenue": 0,
        "grossProfit": 31600000,
        "grossProfitRatio": 1,
        "researchAndDevelopmentExpenses": 0,
        "generalAndAdministrativeExpenses": 0,
        "sellingAndMarketingExpenses": 0,
        "sellingGeneralAndAdministrativeExpenses": 0,
        "otherExpenses": -104500000,
        "operatingExpenses": -104500000,
        "costAndExpenses": -104500000,
        "interestIncome": 0,
        "interestExpense": 0,
        "depreciationAndAmortization": 0,
        "ebitda": -72900000,
        "ebitdaratio": -2.3069620253,
        "operatingIncome": -72900000,
        "operatingIncomeRatio": -2.3069620253,
        "totalOtherIncomeExpensesNet": 72900000,
        "incomeBeforeTax": 0,
        "incomeBeforeTaxRatio": 0,
        "incomeTaxExpense": 0,
        "netIncome": 1500000,
        "netIncomeRatio": 0.0474683544,
        "eps": 0.05,
        "epsdiluted": 0.05,
        "weightedAverageShsOut": 32666000,
        "weightedAverageShsOutDil": 32666000,
        "link": "",
        "finalLink": ""
    },
    {
        "date": "1988-01-31",
        "symbol": "MEI",
        "reportedCurrency": "USD",
        "cik": "0000065270",
        "fillingDate": "1988-01-31",
        "acceptedDate": "1988-01-30 19:00:00",
        "calendarYear": "1988",
        "period": "Q3",
        "revenue": 28500000,
        "costOfRevenue": 0,
        "grossProfit": 28500000,
        "grossProfitRatio": 1,
        "researchAndDevelopmentExpenses": 0,
        "generalAndAdministrativeExpenses": 0,
        "sellingAndMarketingExpenses": 0,
        "sellingGeneralAndAdministrativeExpenses": 0,
        "otherExpenses": 0,
        "operatingExpenses": 0,
        "costAndExpenses": 0,
        "interestIncome": 0,
        "interestExpense": 0,
        "depreciationAndAmortization": 0,
        "ebitda": 28500000,
        "ebitdaratio": 1,
        "operatingIncome": 28500000,
        "operatingIncomeRatio": 1,
        "totalOtherIncomeExpensesNet": -28500000,
        "incomeBeforeTax": 0,
        "incomeBeforeTaxRatio": 0,
        "incomeTaxExpense": 0,
        "netIncome": 1400000,
        "netIncomeRatio": 0.049122807,
        "eps": 0.05,
        "epsdiluted": 0.05,
        "weightedAverageShsOut": 32666000,
        "weightedAverageShsOutDil": 32666000,
        "link": "",
        "finalLink": ""
    },
    {
        "date": "1987-10-31",
        "symbol": "MEI",
        "reportedCurrency": "USD",
        "cik": "0000065270",
        "fillingDate": "1987-10-31",
        "acceptedDate": "1987-10-30 19:00:00",
        "calendarYear": "1988",
        "period": "Q2",
        "revenue": 28000000,
        "costOfRevenue": 0,
        "grossProfit": 28000000,
        "grossProfitRatio": 1,
        "researchAndDevelopmentExpenses": 0,
        "generalAndAdministrativeExpenses": 0,
        "sellingAndMarketingExpenses": 0,
        "sellingGeneralAndAdministrativeExpenses": 0,
        "otherExpenses": 0,
        "operatingExpenses": 0,
        "costAndExpenses": 0,
        "interestIncome": 0,
        "interestExpense": 0,
        "depreciationAndAmortization": 0,
        "ebitda": 28000000,
        "ebitdaratio": 1,
        "operatingIncome": 28000000,
        "operatingIncomeRatio": 1,
        "totalOtherIncomeExpensesNet": -28000000,
        "incomeBeforeTax": 0,
        "incomeBeforeTaxRatio": 0,
        "incomeTaxExpense": 0,
        "netIncome": 1300000,
        "netIncomeRatio": 0.0464285714,
        "eps": 0.04,
        "epsdiluted": 0.04,
        "weightedAverageShsOut": 32666000,
        "weightedAverageShsOutDil": 32666000,
        "link": "",
        "finalLink": ""
    },
    {
        "date": "1987-07-31",
        "symbol": "MEI",
        "reportedCurrency": "USD",
        "cik": "0000065270",
        "fillingDate": "1987-07-31",
        "acceptedDate": "1987-07-30 20:00:00",
        "calendarYear": "1988",
        "period": "Q1",
        "revenue": 22800000,
        "costOfRevenue": 0,
        "grossProfit": 22800000,
        "grossProfitRatio": 1,
        "researchAndDevelopmentExpenses": 0,
        "generalAndAdministrativeExpenses": 0,
        "sellingAndMarketingExpenses": 0,
        "sellingGeneralAndAdministrativeExpenses": 0,
        "otherExpenses": 0,
        "operatingExpenses": 0,
        "costAndExpenses": 0,
        "interestIncome": 0,
        "interestExpense": 0,
        "depreciationAndAmortization": 0,
        "ebitda": 22800000,
        "ebitdaratio": 1,
        "operatingIncome": 22800000,
        "operatingIncomeRatio": 1,
        "totalOtherIncomeExpensesNet": -22800000,
        "incomeBeforeTax": 0,
        "incomeBeforeTaxRatio": 0,
        "incomeTaxExpense": 0,
        "netIncome": 700000,
        "netIncomeRatio": 0.0307017544,
        "eps": 0.02,
        "epsdiluted": 0.02,
        "weightedAverageShsOut": 32666000,
        "weightedAverageShsOutDil": 32666000,
        "link": "",
        "finalLink": ""
    },
    {
        "date": "1987-04-30",
        "symbol": "MEI",
        "reportedCurrency": "USD",
        "cik": "0000065270",
        "fillingDate": "1987-04-30",
        "acceptedDate": "1987-04-29 20:00:00",
        "calendarYear": "1987",
        "period": "Q4",
        "revenue": 25900000,
        "costOfRevenue": 0,
        "grossProfit": 25900000,
        "grossProfitRatio": 1,
        "researchAndDevelopmentExpenses": 0,
        "generalAndAdministrativeExpenses": 0,
        "sellingAndMarketingExpenses": 0,
        "sellingGeneralAndAdministrativeExpenses": 0,
        "otherExpenses": -89700000,
        "operatingExpenses": -89700000,
        "costAndExpenses": -89700000,
        "interestIncome": 0,
        "interestExpense": 0,
        "depreciationAndAmortization": 0,
        "ebitda": -63800000,
        "ebitdaratio": -2.4633204633,
        "operatingIncome": -63800000,
        "operatingIncomeRatio": -2.4633204633,
        "totalOtherIncomeExpensesNet": 63800000,
        "incomeBeforeTax": 0,
        "incomeBeforeTaxRatio": 0,
        "incomeTaxExpense": 0,
        "netIncome": 1000000,
        "netIncomeRatio": 0.0386100386,
        "eps": 0.03,
        "epsdiluted": 0.03,
        "weightedAverageShsOut": 32519000,
        "weightedAverageShsOutDil": 32519000,
        "link": "",
        "finalLink": ""
    },
    {
        "date": "1987-01-31",
        "symbol": "MEI",
        "reportedCurrency": "USD",
        "cik": "0000065270",
        "fillingDate": "1987-01-31",
        "acceptedDate": "1987-01-30 19:00:00",
        "calendarYear": "1987",
        "period": "Q3",
        "revenue": 23000000,
        "costOfRevenue": 0,
        "grossProfit": 23000000,
        "grossProfitRatio": 1,
        "researchAndDevelopmentExpenses": 0,
        "generalAndAdministrativeExpenses": 0,
        "sellingAndMarketingExpenses": 0,
        "sellingGeneralAndAdministrativeExpenses": 0,
        "otherExpenses": 0,
        "operatingExpenses": 0,
        "costAndExpenses": 0,
        "interestIncome": 0,
        "interestExpense": 0,
        "depreciationAndAmortization": 0,
        "ebitda": 23000000,
        "ebitdaratio": 1,
        "operatingIncome": 23000000,
        "operatingIncomeRatio": 1,
        "totalOtherIncomeExpensesNet": -23000000,
        "incomeBeforeTax": 0,
        "incomeBeforeTaxRatio": 0,
        "incomeTaxExpense": 0,
        "netIncome": 700000,
        "netIncomeRatio": 0.0304347826,
        "eps": 0.03,
        "epsdiluted": 0.03,
        "weightedAverageShsOut": 32519000,
        "weightedAverageShsOutDil": 32519000,
        "link": "",
        "finalLink": ""
    },
    {
        "date": "1986-10-31",
        "symbol": "MEI",
        "reportedCurrency": "USD",
        "cik": "0000065270",
        "fillingDate": "1986-10-31",
        "acceptedDate": "1986-10-30 19:00:00",
        "calendarYear": "1987",
        "period": "Q2",
        "revenue": 24000000,
        "costOfRevenue": 0,
        "grossProfit": 24000000,
        "grossProfitRatio": 1,
        "researchAndDevelopmentExpenses": 0,
        "generalAndAdministrativeExpenses": 0,
        "sellingAndMarketingExpenses": 0,
        "sellingGeneralAndAdministrativeExpenses": 0,
        "otherExpenses": 0,
        "operatingExpenses": 0,
        "costAndExpenses": 0,
        "interestIncome": 0,
        "interestExpense": 0,
        "depreciationAndAmortization": 0,
        "ebitda": 24000000,
        "ebitdaratio": 1,
        "operatingIncome": 24000000,
        "operatingIncomeRatio": 1,
        "totalOtherIncomeExpensesNet": -24000000,
        "incomeBeforeTax": 0,
        "incomeBeforeTaxRatio": 0,
        "incomeTaxExpense": 0,
        "netIncome": 500000,
        "netIncomeRatio": 0.0208333333,
        "eps": 0.02,
        "epsdiluted": 0.02,
        "weightedAverageShsOut": 32519000,
        "weightedAverageShsOutDil": 32519000,
        "link": "",
        "finalLink": ""
    },
    {
        "date": "1986-07-31",
        "symbol": "MEI",
        "reportedCurrency": "USD",
        "cik": "0000065270",
        "fillingDate": "1986-07-31",
        "acceptedDate": "1986-07-30 20:00:00",
        "calendarYear": "1987",
        "period": "Q1",
        "revenue": 22800000,
        "costOfRevenue": 0,
        "grossProfit": 22800000,
        "grossProfitRatio": 1,
        "researchAndDevelopmentExpenses": 0,
        "generalAndAdministrativeExpenses": 0,
        "sellingAndMarketingExpenses": 0,
        "sellingGeneralAndAdministrativeExpenses": 0,
        "otherExpenses": 0,
        "operatingExpenses": 0,
        "costAndExpenses": 0,
        "interestIncome": 0,
        "interestExpense": 0,
        "depreciationAndAmortization": 0,
        "ebitda": 22800000,
        "ebitdaratio": 1,
        "operatingIncome": 22800000,
        "operatingIncomeRatio": 1,
        "totalOtherIncomeExpensesNet": -22800000,
        "incomeBeforeTax": 0,
        "incomeBeforeTaxRatio": 0,
        "incomeTaxExpense": 0,
        "netIncome": 700000,
        "netIncomeRatio": 0.0307017544,
        "eps": 0.02,
        "epsdiluted": 0.02,
        "weightedAverageShsOut": 32519000,
        "weightedAverageShsOutDil": 32519000,
        "link": "",
        "finalLink": ""
    },
    {
        "date": "1986-04-30",
        "symbol": "MEI",
        "reportedCurrency": "USD",
        "cik": "0000065270",
        "fillingDate": "1986-04-30",
        "acceptedDate": "1986-04-29 20:00:00",
        "calendarYear": "1986",
        "period": "Q4",
        "revenue": 26100000,
        "costOfRevenue": 0,
        "grossProfit": 26100000,
        "grossProfitRatio": 1,
        "researchAndDevelopmentExpenses": 0,
        "generalAndAdministrativeExpenses": 0,
        "sellingAndMarketingExpenses": 0,
        "sellingGeneralAndAdministrativeExpenses": 0,
        "otherExpenses": -85500000,
        "operatingExpenses": -85500000,
        "costAndExpenses": -85500000,
        "interestIncome": 0,
        "interestExpense": 0,
        "depreciationAndAmortization": 0,
        "ebitda": -59400000,
        "ebitdaratio": -2.275862069,
        "operatingIncome": -59400000,
        "operatingIncomeRatio": -2.275862069,
        "totalOtherIncomeExpensesNet": 59400000,
        "incomeBeforeTax": 0,
        "incomeBeforeTaxRatio": 0,
        "incomeTaxExpense": 0,
        "netIncome": 1900000,
        "netIncomeRatio": 0.0727969349,
        "eps": 0.06,
        "epsdiluted": 0.06,
        "weightedAverageShsOut": 28672000,
        "weightedAverageShsOutDil": 28672000,
        "link": "",
        "finalLink": ""
    },
    {
        "date": "1986-01-31",
        "symbol": "MEI",
        "reportedCurrency": "USD",
        "cik": "0000065270",
        "fillingDate": "1986-01-31",
        "acceptedDate": "1986-01-30 19:00:00",
        "calendarYear": "1986",
        "period": "Q3",
        "revenue": 23300000,
        "costOfRevenue": 0,
        "grossProfit": 23300000,
        "grossProfitRatio": 1,
        "researchAndDevelopmentExpenses": 0,
        "generalAndAdministrativeExpenses": 0,
        "sellingAndMarketingExpenses": 0,
        "sellingGeneralAndAdministrativeExpenses": 0,
        "otherExpenses": 0,
        "operatingExpenses": 0,
        "costAndExpenses": 0,
        "interestIncome": 0,
        "interestExpense": 0,
        "depreciationAndAmortization": 0,
        "ebitda": 23300000,
        "ebitdaratio": 1,
        "operatingIncome": 23300000,
        "operatingIncomeRatio": 1,
        "totalOtherIncomeExpensesNet": -23300000,
        "incomeBeforeTax": 0,
        "incomeBeforeTaxRatio": 0,
        "incomeTaxExpense": 0,
        "netIncome": 1300000,
        "netIncomeRatio": 0.0557939914,
        "eps": 0.04,
        "epsdiluted": 0.04,
        "weightedAverageShsOut": 28672000,
        "weightedAverageShsOutDil": 28672000,
        "link": "",
        "finalLink": ""
    },
    {
        "date": "1985-10-31",
        "symbol": "MEI",
        "reportedCurrency": "USD",
        "cik": "0000065270",
        "fillingDate": "1985-10-31",
        "acceptedDate": "1985-10-30 19:00:00",
        "calendarYear": "1986",
        "period": "Q2",
        "revenue": 24600000,
        "costOfRevenue": 0,
        "grossProfit": 24600000,
        "grossProfitRatio": 1,
        "researchAndDevelopmentExpenses": 0,
        "generalAndAdministrativeExpenses": 0,
        "sellingAndMarketingExpenses": 0,
        "sellingGeneralAndAdministrativeExpenses": 0,
        "otherExpenses": 0,
        "operatingExpenses": 0,
        "costAndExpenses": 0,
        "interestIncome": 0,
        "interestExpense": 0,
        "depreciationAndAmortization": 0,
        "ebitda": 24600000,
        "ebitdaratio": 1,
        "operatingIncome": 24600000,
        "operatingIncomeRatio": 1,
        "totalOtherIncomeExpensesNet": -24600000,
        "incomeBeforeTax": 0,
        "incomeBeforeTaxRatio": 0,
        "incomeTaxExpense": 0,
        "netIncome": 1500000,
        "netIncomeRatio": 0.0609756098,
        "eps": 0.05,
        "epsdiluted": 0.05,
        "weightedAverageShsOut": 28672000,
        "weightedAverageShsOutDil": 28672000,
        "link": "",
        "finalLink": ""
    }
]