[
    {
        "date": "2025-09-30",
        "symbol": "MIR",
        "reportedCurrency": "USD",
        "cik": "0001809987",
        "fillingDate": "2025-10-29",
        "acceptedDate": "2025-10-29 16:48:31",
        "calendarYear": "2025",
        "period": "Q3",
        "revenue": 223100000,
        "costOfRevenue": 118600000,
        "grossProfit": 104500000,
        "grossProfitRatio": 0.4683998207,
        "researchAndDevelopmentExpenses": 10100000,
        "generalAndAdministrativeExpenses": 0,
        "sellingAndMarketingExpenses": 0,
        "sellingGeneralAndAdministrativeExpenses": 87000000,
        "otherExpenses": 0,
        "operatingExpenses": 97100000,
        "costAndExpenses": 215700000,
        "interestIncome": 2200000,
        "interestExpense": 8900000,
        "depreciationAndAmortization": 34800000,
        "ebitda": 44900000,
        "ebitdaratio": 0.2012550426,
        "operatingIncome": 7400000,
        "operatingIncomeRatio": 0.0331689825,
        "totalOtherIncomeExpensesNet": -6200000,
        "incomeBeforeTax": 1200000,
        "incomeBeforeTaxRatio": 0.0053787539,
        "incomeTaxExpense": -1900000,
        "netIncome": 2900000,
        "netIncomeRatio": 0.0129986553,
        "eps": 0.0129,
        "epsdiluted": 0.0113,
        "weightedAverageShsOut": 224583000,
        "weightedAverageShsOutDil": 255662000,
        "link": "https://www.sec.gov/Archives/edgar/data/1809987/000162828025047169/0001628280-25-047169-index.htm",
        "finalLink": "https://www.sec.gov/Archives/edgar/data/1809987/000162828025047169/mir-20250930.htm"
    },
    {
        "date": "2025-06-30",
        "symbol": "MIR",
        "reportedCurrency": "USD",
        "cik": "0001809987",
        "fillingDate": "2025-08-01",
        "acceptedDate": "2025-08-01 16:20:18",
        "calendarYear": "2025",
        "period": "Q2",
        "revenue": 222900000,
        "costOfRevenue": 120200000,
        "grossProfit": 102700000,
        "grossProfitRatio": 0.4607447286,
        "researchAndDevelopmentExpenses": 10000000,
        "generalAndAdministrativeExpenses": 0,
        "sellingAndMarketingExpenses": 0,
        "sellingGeneralAndAdministrativeExpenses": 82400000,
        "otherExpenses": 400000,
        "operatingExpenses": 92800000,
        "costAndExpenses": 213000000,
        "interestIncome": 2000000,
        "interestExpense": 11800000,
        "depreciationAndAmortization": 33800000,
        "ebitda": 44100000,
        "ebitdaratio": 0.197846568,
        "operatingIncome": 9900000,
        "operatingIncomeRatio": 0.0444145357,
        "totalOtherIncomeExpensesNet": -2100000,
        "incomeBeforeTax": 7800000,
        "incomeBeforeTaxRatio": 0.0349932705,
        "incomeTaxExpense": -700000,
        "netIncome": 8300000,
        "netIncomeRatio": 0.0372364289,
        "eps": 0.0369,
        "epsdiluted": 0.0342,
        "weightedAverageShsOut": 225339000,
        "weightedAverageShsOutDil": 243594000,
        "link": "https://www.sec.gov/Archives/edgar/data/1809987/000180998725000011/0001809987-25-000011-index.htm",
        "finalLink": "https://www.sec.gov/Archives/edgar/data/1809987/000180998725000011/mir-20250630.htm"
    },
    {
        "date": "2025-03-31",
        "symbol": "MIR",
        "reportedCurrency": "USD",
        "cik": "0001809987",
        "fillingDate": "2025-04-30",
        "acceptedDate": "2025-04-30 16:21:46",
        "calendarYear": "2025",
        "period": "Q1",
        "revenue": 202000000,
        "costOfRevenue": 105900000,
        "grossProfit": 96100000,
        "grossProfitRatio": 0.4757425743,
        "researchAndDevelopmentExpenses": 8700000,
        "generalAndAdministrativeExpenses": 0,
        "sellingAndMarketingExpenses": 0,
        "sellingGeneralAndAdministrativeExpenses": 78700000,
        "otherExpenses": 0,
        "operatingExpenses": 87400000,
        "costAndExpenses": 193300000,
        "interestIncome": 1900000,
        "interestExpense": 12500000,
        "depreciationAndAmortization": 33700000,
        "ebitda": 42400000,
        "ebitdaratio": 0.2099009901,
        "operatingIncome": 8700000,
        "operatingIncomeRatio": 0.0430693069,
        "totalOtherIncomeExpensesNet": -8100000,
        "incomeBeforeTax": 600000,
        "incomeBeforeTaxRatio": 0.002970297,
        "incomeTaxExpense": 200000,
        "netIncome": 300000,
        "netIncomeRatio": 0.0014851485,
        "eps": 0.0013,
        "epsdiluted": 0.0013,
        "weightedAverageShsOut": 225655000,
        "weightedAverageShsOutDil": 226918000,
        "link": "https://www.sec.gov/Archives/edgar/data/1809987/000162828025021106/0001628280-25-021106-index.htm",
        "finalLink": "https://www.sec.gov/Archives/edgar/data/1809987/000162828025021106/mir-20250331.htm"
    },
    {
        "date": "2024-12-31",
        "symbol": "MIR",
        "reportedCurrency": "USD",
        "cik": "0001809987",
        "fillingDate": "2025-02-26",
        "acceptedDate": "2025-02-26 17:19:21",
        "calendarYear": "2024",
        "period": "Q4",
        "revenue": 254300000,
        "costOfRevenue": 131900000,
        "grossProfit": 122400000,
        "grossProfitRatio": 0.4813212741,
        "researchAndDevelopmentExpenses": 8100000,
        "generalAndAdministrativeExpenses": 83300000,
        "sellingAndMarketingExpenses": 1700000,
        "sellingGeneralAndAdministrativeExpenses": 85000000,
        "otherExpenses": 300000,
        "operatingExpenses": 93400000,
        "costAndExpenses": 225300000,
        "interestIncome": 1500000,
        "interestExpense": 13200000,
        "depreciationAndAmortization": 34600000,
        "ebitda": 63900000,
        "ebitdaratio": 0.2512780181,
        "operatingIncome": 29000000,
        "operatingIncomeRatio": 0.1140385372,
        "totalOtherIncomeExpensesNet": -13300000,
        "incomeBeforeTax": 15700000,
        "incomeBeforeTaxRatio": 0.0617381046,
        "incomeTaxExpense": -200000,
        "netIncome": 15000000,
        "netIncomeRatio": 0.0589854503,
        "eps": 0.25,
        "epsdiluted": 0.25,
        "weightedAverageShsOut": 204991000,
        "weightedAverageShsOutDil": 204991000,
        "link": "https://www.sec.gov/Archives/edgar/data/1809987/000162828025008233/0001628280-25-008233-index.htm",
        "finalLink": "https://www.sec.gov/Archives/edgar/data/1809987/000162828025008233/mir-20241231.htm"
    },
    {
        "date": "2024-09-30",
        "symbol": "MIR",
        "reportedCurrency": "USD",
        "cik": "0001809987",
        "fillingDate": "2024-10-30",
        "acceptedDate": "2024-10-30 16:34:34",
        "calendarYear": "2024",
        "period": "Q3",
        "revenue": 206800000,
        "costOfRevenue": 112400000,
        "grossProfit": 94400000,
        "grossProfitRatio": 0.4564796905,
        "researchAndDevelopmentExpenses": 10200000,
        "generalAndAdministrativeExpenses": 0,
        "sellingAndMarketingExpenses": 0,
        "sellingGeneralAndAdministrativeExpenses": 84000000,
        "otherExpenses": 1800000,
        "operatingExpenses": 96000000,
        "costAndExpenses": 208400000,
        "interestIncome": 1400000,
        "interestExpense": 14100000,
        "depreciationAndAmortization": 38600000,
        "ebitda": 38800000,
        "ebitdaratio": 0.1876208897,
        "operatingIncome": -1600000,
        "operatingIncomeRatio": -0.0077369439,
        "totalOtherIncomeExpensesNet": -11400000,
        "incomeBeforeTax": -13000000,
        "incomeBeforeTaxRatio": -0.0628626692,
        "incomeTaxExpense": 1000000,
        "netIncome": -13600000,
        "netIncomeRatio": -0.0657640232,
        "eps": -0.0658,
        "epsdiluted": -0.0658,
        "weightedAverageShsOut": 206676000,
        "weightedAverageShsOutDil": 206676000,
        "link": "https://www.sec.gov/Archives/edgar/data/1809987/000162828024044338/0001628280-24-044338-index.htm",
        "finalLink": "https://www.sec.gov/Archives/edgar/data/1809987/000162828024044338/mir-20240930.htm"
    },
    {
        "date": "2024-06-30",
        "symbol": "MIR",
        "reportedCurrency": "USD",
        "cik": "0001809987",
        "fillingDate": "2024-08-02",
        "acceptedDate": "2024-08-02 16:13:32",
        "calendarYear": "2024",
        "period": "Q2",
        "revenue": 207100000,
        "costOfRevenue": 109200000,
        "grossProfit": 97900000,
        "grossProfitRatio": 0.4727184935,
        "researchAndDevelopmentExpenses": 8800000,
        "generalAndAdministrativeExpenses": 0,
        "sellingAndMarketingExpenses": 0,
        "sellingGeneralAndAdministrativeExpenses": 85100000,
        "otherExpenses": 1700000,
        "operatingExpenses": 95600000,
        "costAndExpenses": 204800000,
        "interestIncome": 2000000,
        "interestExpense": 15100000,
        "depreciationAndAmortization": 38400000,
        "ebitda": 42400000,
        "ebitdaratio": 0.2047320135,
        "operatingIncome": 2300000,
        "operatingIncomeRatio": 0.011105746,
        "totalOtherIncomeExpensesNet": -13600000,
        "incomeBeforeTax": -11300000,
        "incomeBeforeTaxRatio": -0.054563013,
        "incomeTaxExpense": 700000,
        "netIncome": -11700000,
        "netIncomeRatio": -0.0564944471,
        "eps": -0.0579,
        "epsdiluted": -0.0579,
        "weightedAverageShsOut": 202197000,
        "weightedAverageShsOutDil": 202197000,
        "link": "https://www.sec.gov/Archives/edgar/data/1809987/000162828024034412/0001628280-24-034412-index.htm",
        "finalLink": "https://www.sec.gov/Archives/edgar/data/1809987/000162828024034412/mir-20240630.htm"
    },
    {
        "date": "2024-03-31",
        "symbol": "MIR",
        "reportedCurrency": "USD",
        "cik": "0001809987",
        "fillingDate": "2024-05-01",
        "acceptedDate": "2024-05-01 07:31:38",
        "calendarYear": "2024",
        "period": "Q1",
        "revenue": 192600000,
        "costOfRevenue": 105500000,
        "grossProfit": 87100000,
        "grossProfitRatio": 0.4522326064,
        "researchAndDevelopmentExpenses": 7900000,
        "generalAndAdministrativeExpenses": 0,
        "sellingAndMarketingExpenses": 0,
        "sellingGeneralAndAdministrativeExpenses": 83500000,
        "otherExpenses": 600000,
        "operatingExpenses": 92000000,
        "costAndExpenses": 197500000,
        "interestIncome": 1700000,
        "interestExpense": 15500000,
        "depreciationAndAmortization": 38800000,
        "ebitda": 34500000,
        "ebitdaratio": 0.1791277259,
        "operatingIncome": -4900000,
        "operatingIncomeRatio": -0.0254413292,
        "totalOtherIncomeExpensesNet": -20400000,
        "incomeBeforeTax": -25300000,
        "incomeBeforeTaxRatio": -0.1313603323,
        "incomeTaxExpense": 1200000,
        "netIncome": -25800000,
        "netIncomeRatio": -0.1339563863,
        "eps": -0.13,
        "epsdiluted": -0.13,
        "weightedAverageShsOut": 199729000,
        "weightedAverageShsOutDil": 199729000,
        "link": "https://www.sec.gov/Archives/edgar/data/1809987/000162828024019463/0001628280-24-019463-index.htm",
        "finalLink": "https://www.sec.gov/Archives/edgar/data/1809987/000162828024019463/mir-20240331.htm"
    },
    {
        "date": "2023-12-31",
        "symbol": "MIR",
        "reportedCurrency": "USD",
        "cik": "0001809987",
        "fillingDate": "2024-02-28",
        "acceptedDate": "2024-02-28 17:18:07",
        "calendarYear": "2023",
        "period": "Q4",
        "revenue": 230400000,
        "costOfRevenue": 121900000,
        "grossProfit": 108500000,
        "grossProfitRatio": 0.4709201389,
        "researchAndDevelopmentExpenses": 7800000,
        "generalAndAdministrativeExpenses": 86000000,
        "sellingAndMarketingExpenses": 1300000,
        "sellingGeneralAndAdministrativeExpenses": 87300000,
        "otherExpenses": 0,
        "operatingExpenses": 95100000,
        "costAndExpenses": 217000000,
        "interestIncome": 1400000,
        "interestExpense": 15800000,
        "depreciationAndAmortization": 40000000,
        "ebitda": 53400000,
        "ebitdaratio": 0.2317708333,
        "operatingIncome": 13400000,
        "operatingIncomeRatio": 0.0581597222,
        "totalOtherIncomeExpensesNet": -31400000,
        "incomeBeforeTax": -18000000,
        "incomeBeforeTaxRatio": -0.078125,
        "incomeTaxExpense": -3500000,
        "netIncome": -15200000,
        "netIncomeRatio": -0.0659722222,
        "eps": -0.0763,
        "epsdiluted": -0.0763,
        "weightedAverageShsOut": 199280000,
        "weightedAverageShsOutDil": 199280000,
        "link": "https://www.sec.gov/Archives/edgar/data/1809987/000162828024007670/0001628280-24-007670-index.htm",
        "finalLink": "https://www.sec.gov/Archives/edgar/data/1809987/000162828024007670/mir-20231231.htm"
    },
    {
        "date": "2023-09-30",
        "symbol": "MIR",
        "reportedCurrency": "USD",
        "cik": "0001809987",
        "fillingDate": "2023-11-02",
        "acceptedDate": "2023-11-02 16:43:46",
        "calendarYear": "2023",
        "period": "Q3",
        "revenue": 191200000,
        "costOfRevenue": 110400000,
        "grossProfit": 80800000,
        "grossProfitRatio": 0.4225941423,
        "researchAndDevelopmentExpenses": 7900000,
        "generalAndAdministrativeExpenses": 0,
        "sellingAndMarketingExpenses": 0,
        "sellingGeneralAndAdministrativeExpenses": 83800000,
        "otherExpenses": 200000,
        "operatingExpenses": 91900000,
        "costAndExpenses": 202300000,
        "interestIncome": 1300000,
        "interestExpense": 15500000,
        "depreciationAndAmortization": 40600000,
        "ebitda": 29700000,
        "ebitdaratio": 0.155334728,
        "operatingIncome": -11100000,
        "operatingIncomeRatio": -0.0580543933,
        "totalOtherIncomeExpensesNet": -2600000,
        "incomeBeforeTax": -13700000,
        "incomeBeforeTaxRatio": -0.0716527197,
        "incomeTaxExpense": -800000,
        "netIncome": -12100000,
        "netIncomeRatio": -0.0632845188,
        "eps": -0.0607,
        "epsdiluted": -0.0607,
        "weightedAverageShsOut": 199223000,
        "weightedAverageShsOutDil": 199223000,
        "link": "https://www.sec.gov/Archives/edgar/data/1809987/000162828023036439/0001628280-23-036439-index.htm",
        "finalLink": "https://www.sec.gov/Archives/edgar/data/1809987/000162828023036439/mir-20230930.htm"
    },
    {
        "date": "2023-06-30",
        "symbol": "MIR",
        "reportedCurrency": "USD",
        "cik": "0001809987",
        "fillingDate": "2023-08-03",
        "acceptedDate": "2023-08-02 17:33:56",
        "calendarYear": "2023",
        "period": "Q2",
        "revenue": 197200000,
        "costOfRevenue": 109100000,
        "grossProfit": 88100000,
        "grossProfitRatio": 0.4467545639,
        "researchAndDevelopmentExpenses": 8400000,
        "generalAndAdministrativeExpenses": 0,
        "sellingAndMarketingExpenses": 0,
        "sellingGeneralAndAdministrativeExpenses": 83800000,
        "otherExpenses": 6500000,
        "operatingExpenses": 98700000,
        "costAndExpenses": 207800000,
        "interestIncome": 1000000,
        "interestExpense": 14600000,
        "depreciationAndAmortization": 40899999,
        "ebitda": 36800000,
        "ebitdaratio": 0.1866125761,
        "operatingIncome": -10600000,
        "operatingIncomeRatio": -0.0537525355,
        "totalOtherIncomeExpensesNet": -19000000,
        "incomeBeforeTax": -29600000,
        "incomeBeforeTaxRatio": -0.1501014199,
        "incomeTaxExpense": -1200000,
        "netIncome": -27700000,
        "netIncomeRatio": -0.1404665314,
        "eps": -0.14,
        "epsdiluted": -0.14,
        "weightedAverageShsOut": 199181000,
        "weightedAverageShsOutDil": 199181000,
        "link": "https://www.sec.gov/Archives/edgar/data/1809987/000162828023026839/0001628280-23-026839-index.htm",
        "finalLink": "https://www.sec.gov/Archives/edgar/data/1809987/000162828023026839/mir-20230630.htm"
    },
    {
        "date": "2023-03-31",
        "symbol": "MIR",
        "reportedCurrency": "USD",
        "cik": "0001809987",
        "fillingDate": "2023-05-03",
        "acceptedDate": "2023-05-03 17:27:20",
        "calendarYear": "2023",
        "period": "Q1",
        "revenue": 182100000,
        "costOfRevenue": 103000000,
        "grossProfit": 79100000,
        "grossProfitRatio": 0.4343767161,
        "researchAndDevelopmentExpenses": 7600000,
        "generalAndAdministrativeExpenses": 0,
        "sellingAndMarketingExpenses": 0,
        "sellingGeneralAndAdministrativeExpenses": 83700000,
        "otherExpenses": 1400000,
        "operatingExpenses": 92700000,
        "costAndExpenses": 195700000,
        "interestIncome": 1100000,
        "interestExpense": 16000000,
        "depreciationAndAmortization": 41300000,
        "ebitda": 29100000,
        "ebitdaratio": 0.1598023064,
        "operatingIncome": -13600000,
        "operatingIncomeRatio": -0.0746842394,
        "totalOtherIncomeExpensesNet": -30400000,
        "incomeBeforeTax": -44000000,
        "incomeBeforeTaxRatio": -0.2416254805,
        "incomeTaxExpense": -1100000,
        "netIncome": -41900000,
        "netIncomeRatio": -0.2300933553,
        "eps": -0.24,
        "epsdiluted": -0.24,
        "weightedAverageShsOut": 187701000,
        "weightedAverageShsOutDil": 187701308,
        "link": "https://www.sec.gov/Archives/edgar/data/1809987/000162828023015295/0001628280-23-015295-index.htm",
        "finalLink": "https://www.sec.gov/Archives/edgar/data/1809987/000162828023015295/mir-20230331.htm"
    },
    {
        "date": "2022-12-31",
        "symbol": "MIR",
        "reportedCurrency": "USD",
        "cik": "0001809987",
        "fillingDate": "2023-02-28",
        "acceptedDate": "2023-02-28 17:24:46",
        "calendarYear": "2022",
        "period": "Q4",
        "revenue": 217900000,
        "costOfRevenue": 120900000,
        "grossProfit": 97000000,
        "grossProfitRatio": 0.4451583295,
        "researchAndDevelopmentExpenses": 7800000,
        "generalAndAdministrativeExpenses": 88700000,
        "sellingAndMarketingExpenses": 1700000,
        "sellingGeneralAndAdministrativeExpenses": 90400000,
        "otherExpenses": 160700000,
        "operatingExpenses": 258900000,
        "costAndExpenses": 379800000,
        "interestIncome": 0,
        "interestExpense": 12500000,
        "depreciationAndAmortization": 42100000,
        "ebitda": 40900000,
        "ebitdaratio": 0.1877007802,
        "operatingIncome": -161900000,
        "operatingIncomeRatio": -0.7430013768,
        "totalOtherIncomeExpensesNet": 500000,
        "incomeBeforeTax": -161400000,
        "incomeBeforeTaxRatio": -0.7407067462,
        "incomeTaxExpense": -1700000,
        "netIncome": -153500000,
        "netIncomeRatio": -0.7044515833,
        "eps": -0.83,
        "epsdiluted": -0.83,
        "weightedAverageShsOut": 184425000,
        "weightedAverageShsOutDil": 184425209,
        "link": "https://www.sec.gov/Archives/edgar/data/1809987/000162828023005646/0001628280-23-005646-index.htm",
        "finalLink": "https://www.sec.gov/Archives/edgar/data/1809987/000162828023005646/mir-20221231.htm"
    },
    {
        "date": "2022-09-30",
        "symbol": "MIR",
        "reportedCurrency": "USD",
        "cik": "0001809987",
        "fillingDate": "2022-11-03",
        "acceptedDate": "2022-11-03 06:33:33",
        "calendarYear": "2022",
        "period": "Q3",
        "revenue": 160900000,
        "costOfRevenue": 91000000,
        "grossProfit": 69900000,
        "grossProfitRatio": 0.4344313238,
        "researchAndDevelopmentExpenses": 8000000,
        "generalAndAdministrativeExpenses": 0,
        "sellingAndMarketingExpenses": 0,
        "sellingGeneralAndAdministrativeExpenses": 88900000,
        "otherExpenses": 600000,
        "operatingExpenses": 97500000,
        "costAndExpenses": 188500000,
        "interestIncome": 0,
        "interestExpense": 13100000,
        "depreciationAndAmortization": 42600000,
        "ebitda": 15600000,
        "ebitdaratio": 0.0969546302,
        "operatingIncome": -27600000,
        "operatingIncomeRatio": -0.171535115,
        "totalOtherIncomeExpensesNet": -27800000,
        "incomeBeforeTax": -55400000,
        "incomeBeforeTaxRatio": -0.344313238,
        "incomeTaxExpense": -5000000,
        "netIncome": -47100000,
        "netIncomeRatio": -0.2927284027,
        "eps": -0.33,
        "epsdiluted": -0.33,
        "weightedAverageShsOut": 181333000,
        "weightedAverageShsOutDil": 181333086,
        "link": "https://www.sec.gov/Archives/edgar/data/1809987/000162828022027935/0001628280-22-027935-index.htm",
        "finalLink": "https://www.sec.gov/Archives/edgar/data/1809987/000162828022027935/mir-20220930.htm"
    },
    {
        "date": "2022-06-30",
        "symbol": "MIR",
        "reportedCurrency": "USD",
        "cik": "0001809987",
        "fillingDate": "2022-07-29",
        "acceptedDate": "2022-07-29 16:17:06",
        "calendarYear": "2022",
        "period": "Q2",
        "revenue": 175800000,
        "costOfRevenue": 96200000,
        "grossProfit": 79600000,
        "grossProfitRatio": 0.4527872582,
        "researchAndDevelopmentExpenses": 7400000,
        "generalAndAdministrativeExpenses": 0,
        "sellingAndMarketingExpenses": 0,
        "sellingGeneralAndAdministrativeExpenses": 88800000,
        "otherExpenses": 58000000,
        "operatingExpenses": 154200000,
        "costAndExpenses": 250400000,
        "interestIncome": 0,
        "interestExpense": 8400000,
        "depreciationAndAmortization": 44900000,
        "ebitda": 28300000,
        "ebitdaratio": 0.1609783845,
        "operatingIncome": -74600000,
        "operatingIncomeRatio": -0.4243458476,
        "totalOtherIncomeExpensesNet": 7900000,
        "incomeBeforeTax": -66700000,
        "incomeBeforeTaxRatio": -0.3794084187,
        "incomeTaxExpense": -7400000,
        "netIncome": -58600000,
        "netIncomeRatio": -0.3333333333,
        "eps": -0.32,
        "epsdiluted": -0.32,
        "weightedAverageShsOut": 180992000,
        "weightedAverageShsOutDil": 180992000,
        "link": "https://www.sec.gov/Archives/edgar/data/1809987/000162828022019835/0001628280-22-019835-index.htm",
        "finalLink": "https://www.sec.gov/Archives/edgar/data/1809987/000162828022019835/mir-20220630.htm"
    },
    {
        "date": "2022-03-31",
        "symbol": "MIR",
        "reportedCurrency": "USD",
        "cik": "0001809987",
        "fillingDate": "2022-05-05",
        "acceptedDate": "2022-05-04 20:17:48",
        "calendarYear": "2022",
        "period": "Q1",
        "revenue": 163200000,
        "costOfRevenue": 92400000,
        "grossProfit": 70800000,
        "grossProfitRatio": 0.4338235294,
        "researchAndDevelopmentExpenses": 7100000,
        "generalAndAdministrativeExpenses": 0,
        "sellingAndMarketingExpenses": 0,
        "sellingGeneralAndAdministrativeExpenses": 89000000,
        "otherExpenses": 8300000,
        "operatingExpenses": 104400000,
        "costAndExpenses": 196800000,
        "interestIncome": 0,
        "interestExpense": 7900000,
        "depreciationAndAmortization": 44900000,
        "ebitda": 19600000,
        "ebitdaratio": 0.1200980392,
        "operatingIncome": -33600000,
        "operatingIncomeRatio": -0.2058823529,
        "totalOtherIncomeExpensesNet": 10500000,
        "incomeBeforeTax": -23100000,
        "incomeBeforeTaxRatio": -0.1415441176,
        "incomeTaxExpense": -4100000,
        "netIncome": -17700000,
        "netIncomeRatio": -0.1084558824,
        "eps": -0.15,
        "epsdiluted": -0.15,
        "weightedAverageShsOut": 180774000,
        "weightedAverageShsOutDil": 180774573,
        "link": "https://www.sec.gov/Archives/edgar/data/1809987/000162828022012399/0001628280-22-012399-index.htm",
        "finalLink": "https://www.sec.gov/Archives/edgar/data/1809987/000162828022012399/mir-20220331.htm"
    },
    {
        "date": "2021-12-31",
        "symbol": "MIR",
        "reportedCurrency": "USD",
        "cik": "0001809987",
        "fillingDate": "2022-02-28",
        "acceptedDate": "2022-02-28 17:17:44",
        "calendarYear": "2021",
        "period": "Q4",
        "revenue": 177800000,
        "costOfRevenue": 101300000,
        "grossProfit": 76500000,
        "grossProfitRatio": 0.4302587177,
        "researchAndDevelopmentExpenses": 8500000,
        "generalAndAdministrativeExpenses": 78900000,
        "sellingAndMarketingExpenses": 800000,
        "sellingGeneralAndAdministrativeExpenses": 79700000,
        "otherExpenses": 43900000,
        "operatingExpenses": 132100000,
        "costAndExpenses": 233400000,
        "interestIncome": 0,
        "interestExpense": 15300000,
        "depreciationAndAmortization": 42100000,
        "ebitda": 30400000,
        "ebitdaratio": 0.1709786277,
        "operatingIncome": -55600000,
        "operatingIncomeRatio": -0.3127109111,
        "totalOtherIncomeExpensesNet": -34200000,
        "incomeBeforeTax": -89800000,
        "incomeBeforeTaxRatio": -0.5050618673,
        "incomeTaxExpense": -7700000,
        "netIncome": -81200000,
        "netIncomeRatio": -0.4566929134,
        "eps": -0.56,
        "epsdiluted": -0.56,
        "weightedAverageShsOut": 144843258,
        "weightedAverageShsOutDil": 144843044,
        "link": "https://www.sec.gov/Archives/edgar/data/1809987/000162828022004286/0001628280-22-004286-index.htm",
        "finalLink": "https://www.sec.gov/Archives/edgar/data/1809987/000162828022004286/mir-20211231.htm"
    },
    {
        "date": "2021-09-30",
        "symbol": "MIR",
        "reportedCurrency": "USD",
        "cik": "0001809987",
        "fillingDate": "2021-11-10",
        "acceptedDate": "2021-11-10 16:06:30",
        "calendarYear": "2021",
        "period": "Q3",
        "revenue": 144300000,
        "costOfRevenue": 81500000,
        "grossProfit": 62800000,
        "grossProfitRatio": 0.4352044352,
        "researchAndDevelopmentExpenses": 8500000,
        "generalAndAdministrativeExpenses": 0,
        "sellingAndMarketingExpenses": 0,
        "sellingGeneralAndAdministrativeExpenses": 61700000,
        "otherExpenses": 1500000,
        "operatingExpenses": 71700000,
        "costAndExpenses": 153200000,
        "interestIncome": 0,
        "interestExpense": 52800000,
        "depreciationAndAmortization": 21100000,
        "ebitda": 13700000,
        "ebitdaratio": 0.0949410949,
        "operatingIncome": -8900000,
        "operatingIncomeRatio": -0.0616770617,
        "totalOtherIncomeExpensesNet": -42500000,
        "incomeBeforeTax": -51400000,
        "incomeBeforeTaxRatio": -0.3562023562,
        "incomeTaxExpense": -4700000,
        "netIncome": -46700000,
        "netIncomeRatio": -0.3236313236,
        "eps": -7.01,
        "epsdiluted": -7.01,
        "weightedAverageShsOut": 6665000,
        "weightedAverageShsOutDil": 6665000,
        "link": "https://www.sec.gov/Archives/edgar/data/1809987/000119312521325965/0001193125-21-325965-index.htm",
        "finalLink": "https://www.sec.gov/Archives/edgar/data/1809987/000119312521325965/d28936d10q.htm"
    },
    {
        "date": "2021-06-30",
        "symbol": "MIR",
        "reportedCurrency": "USD",
        "cik": "0001809987",
        "fillingDate": "2021-08-16",
        "acceptedDate": "2021-08-13 19:02:24",
        "calendarYear": "2021",
        "period": "Q2",
        "revenue": 180000000,
        "costOfRevenue": 100400000,
        "grossProfit": 79600000,
        "grossProfitRatio": 0.4422222222,
        "researchAndDevelopmentExpenses": 8199999,
        "generalAndAdministrativeExpenses": 0,
        "sellingAndMarketingExpenses": 0,
        "sellingGeneralAndAdministrativeExpenses": 66700000,
        "otherExpenses": 0,
        "operatingExpenses": 74900000,
        "costAndExpenses": 175300000,
        "interestIncome": 0,
        "interestExpense": 43700000,
        "depreciationAndAmortization": 25400000,
        "ebitda": 30100000,
        "ebitdaratio": 0.1672222222,
        "operatingIncome": 4700000,
        "operatingIncomeRatio": 0.0261111111,
        "totalOtherIncomeExpensesNet": -44300000,
        "incomeBeforeTax": -39600000,
        "incomeBeforeTaxRatio": -0.22,
        "incomeTaxExpense": 14400000,
        "netIncome": -53900000,
        "netIncomeRatio": -0.2994444444,
        "eps": -8.14,
        "epsdiluted": -8.14,
        "weightedAverageShsOut": 6621000,
        "weightedAverageShsOutDil": 6621000,
        "link": "https://www.sec.gov/Archives/edgar/data/1809987/000119312521246342/0001193125-21-246342-index.htm",
        "finalLink": "https://www.sec.gov/Archives/edgar/data/1809987/000119312521246342/d139806d10q.htm"
    },
    {
        "date": "2021-03-31",
        "symbol": "MIR",
        "reportedCurrency": "USD",
        "cik": "0001809987",
        "fillingDate": "2021-05-17",
        "acceptedDate": "2021-05-17 08:32:17",
        "calendarYear": "2021",
        "period": "Q1",
        "revenue": 166200000,
        "costOfRevenue": 101800000,
        "grossProfit": 64400000,
        "grossProfitRatio": 0.3874849579,
        "researchAndDevelopmentExpenses": 11000000,
        "generalAndAdministrativeExpenses": 0,
        "sellingAndMarketingExpenses": 0,
        "sellingGeneralAndAdministrativeExpenses": 60300000,
        "otherExpenses": 2000000,
        "operatingExpenses": 73300000,
        "costAndExpenses": 175100000,
        "interestIncome": 0,
        "interestExpense": 43100000,
        "depreciationAndAmortization": 23600000,
        "ebitda": 16700000,
        "ebitdaratio": 0.1004813478,
        "operatingIncome": -8900000,
        "operatingIncomeRatio": -0.0535499398,
        "totalOtherIncomeExpensesNet": -38900000,
        "incomeBeforeTax": -47800000,
        "incomeBeforeTaxRatio": -0.2876052948,
        "incomeTaxExpense": -7100000,
        "netIncome": -40700000,
        "netIncomeRatio": -0.2448856799,
        "eps": 1.47,
        "epsdiluted": 1.47,
        "weightedAverageShsOut": 6586000,
        "weightedAverageShsOutDil": 6586000,
        "link": "https://www.sec.gov/Archives/edgar/data/1809987/000119312521162876/0001193125-21-162876-index.htm",
        "finalLink": "https://www.sec.gov/Archives/edgar/data/1809987/000119312521162876/d172006d10q.htm"
    },
    {
        "date": "2020-12-31",
        "symbol": "MIR",
        "reportedCurrency": "USD",
        "cik": "0001809987",
        "fillingDate": "2021-03-31",
        "acceptedDate": "2021-03-31 17:15:18",
        "calendarYear": "2020",
        "period": "Q4",
        "revenue": 0,
        "costOfRevenue": 0,
        "grossProfit": 0,
        "grossProfitRatio": 0,
        "researchAndDevelopmentExpenses": 0,
        "generalAndAdministrativeExpenses": 945676,
        "sellingAndMarketingExpenses": 0,
        "sellingGeneralAndAdministrativeExpenses": 945676,
        "otherExpenses": 0,
        "operatingExpenses": 945676,
        "costAndExpenses": 945676,
        "interestIncome": 0,
        "interestExpense": 0,
        "depreciationAndAmortization": 0,
        "ebitda": -945676,
        "ebitdaratio": null,
        "operatingIncome": -945676,
        "operatingIncomeRatio": null,
        "totalOtherIncomeExpensesNet": 11524,
        "incomeBeforeTax": -934152,
        "incomeBeforeTaxRatio": null,
        "incomeTaxExpense": -187637,
        "netIncome": -746515,
        "netIncomeRatio": null,
        "eps": -0.0131,
        "epsdiluted": -0.0131,
        "weightedAverageShsOut": 56994863,
        "weightedAverageShsOutDil": 56994863,
        "link": "https://www.sec.gov/Archives/edgar/data/1809987/000119312521102511/0001193125-21-102511-index.htm",
        "finalLink": "https://www.sec.gov/Archives/edgar/data/1809987/000119312521102511/d95463d10k.htm"
    },
    {
        "date": "2020-09-30",
        "symbol": "MIR",
        "reportedCurrency": "USD",
        "cik": "0001809987",
        "fillingDate": "2020-11-13",
        "acceptedDate": "2020-11-13 11:54:43",
        "calendarYear": "2020",
        "period": "Q3",
        "revenue": 0,
        "costOfRevenue": 0,
        "grossProfit": 0,
        "grossProfitRatio": 0,
        "researchAndDevelopmentExpenses": 0,
        "generalAndAdministrativeExpenses": 1444757,
        "sellingAndMarketingExpenses": 0,
        "sellingGeneralAndAdministrativeExpenses": 1444757,
        "otherExpenses": 0,
        "operatingExpenses": 1444757,
        "costAndExpenses": 1444757,
        "interestIncome": 0,
        "interestExpense": 0,
        "depreciationAndAmortization": 0,
        "ebitda": -1444757,
        "ebitdaratio": null,
        "operatingIncome": -1444757,
        "operatingIncomeRatio": null,
        "totalOtherIncomeExpensesNet": -30751360,
        "incomeBeforeTax": -32196117,
        "incomeBeforeTaxRatio": null,
        "incomeTaxExpense": -65998,
        "netIncome": -32130119,
        "netIncomeRatio": null,
        "eps": -0.0027,
        "epsdiluted": -0.0027,
        "weightedAverageShsOut": 92777174,
        "weightedAverageShsOutDil": 92777174,
        "link": "https://www.sec.gov/Archives/edgar/data/1809987/000119312520292595/0001193125-20-292595-index.htm",
        "finalLink": "https://www.sec.gov/Archives/edgar/data/1809987/000119312520292595/d848040d10q.htm"
    },
    {
        "date": "2020-06-30",
        "symbol": "MIR",
        "reportedCurrency": "USD",
        "cik": "0001809987",
        "fillingDate": "2020-08-14",
        "acceptedDate": "2020-08-14 10:13:12",
        "calendarYear": "2020",
        "period": "Q2",
        "revenue": 0,
        "costOfRevenue": 0,
        "grossProfit": 0,
        "grossProfitRatio": 0.4447592068,
        "researchAndDevelopmentExpenses": 0,
        "generalAndAdministrativeExpenses": 58661,
        "sellingAndMarketingExpenses": 0,
        "sellingGeneralAndAdministrativeExpenses": 58661,
        "otherExpenses": 0,
        "operatingExpenses": 58661,
        "costAndExpenses": 58661,
        "interestIncome": 0,
        "interestExpense": 0,
        "depreciationAndAmortization": 0,
        "ebitda": -58661,
        "ebitdaratio": -0.0004154462,
        "operatingIncome": -58661,
        "operatingIncomeRatio": 0.1239376771,
        "totalOtherIncomeExpensesNet": 0,
        "incomeBeforeTax": -58661,
        "incomeBeforeTaxRatio": -0.178470255,
        "incomeTaxExpense": -12262,
        "netIncome": -46399,
        "netIncomeRatio": -0.0003286048,
        "eps": -0.0068,
        "epsdiluted": -0.0068,
        "weightedAverageShsOut": 6837765,
        "weightedAverageShsOutDil": 6837765,
        "link": "https://www.sec.gov/Archives/edgar/data/1809987/000119312520219863/0001193125-20-219863-index.htm",
        "finalLink": "https://www.sec.gov/Archives/edgar/data/1809987/000119312520219863/d943509d10q.htm"
    },
    {
        "date": "2019-12-31",
        "symbol": "MIR",
        "reportedCurrency": "USD",
        "cik": "0001809987",
        "fillingDate": "2019-12-31",
        "acceptedDate": "2019-12-31 00:00:00",
        "calendarYear": "2019",
        "period": "Q4",
        "revenue": 0,
        "costOfRevenue": 0,
        "grossProfit": 0,
        "grossProfitRatio": 0,
        "researchAndDevelopmentExpenses": 0,
        "generalAndAdministrativeExpenses": 0,
        "sellingAndMarketingExpenses": 0,
        "sellingGeneralAndAdministrativeExpenses": 341,
        "otherExpenses": 0,
        "operatingExpenses": 341,
        "costAndExpenses": 341,
        "interestIncome": 0,
        "interestExpense": 0,
        "depreciationAndAmortization": 0,
        "ebitda": -341,
        "ebitdaratio": 0,
        "operatingIncome": -341,
        "operatingIncomeRatio": 0,
        "totalOtherIncomeExpensesNet": 0,
        "incomeBeforeTax": -341,
        "incomeBeforeTaxRatio": 0,
        "incomeTaxExpense": 0,
        "netIncome": -341,
        "netIncomeRatio": 0,
        "eps": -1.69441e-05,
        "epsdiluted": -1.69441e-05,
        "weightedAverageShsOut": 20125000,
        "weightedAverageShsOutDil": 20125000,
        "link": null,
        "finalLink": null
    }
]