[
    {
        "date": "2025-06-30",
        "symbol": "MMI",
        "reportedCurrency": "USD",
        "cik": "0001578732",
        "fillingDate": "2025-08-07",
        "acceptedDate": "2025-08-07 17:09:35",
        "calendarYear": "2025",
        "period": "Q2",
        "revenue": 172276000,
        "costOfRevenue": 106618000,
        "grossProfit": 65658000,
        "grossProfitRatio": 0.3811209919,
        "researchAndDevelopmentExpenses": 0,
        "generalAndAdministrativeExpenses": 0,
        "sellingAndMarketingExpenses": 0,
        "sellingGeneralAndAdministrativeExpenses": 71550000,
        "otherExpenses": 3153000,
        "operatingExpenses": 74703000,
        "costAndExpenses": 181321000,
        "interestIncome": 0,
        "interestExpense": 200000,
        "depreciationAndAmortization": 3153000,
        "ebitda": -394000,
        "ebitdaratio": -0.0022870278,
        "operatingIncome": -9045000,
        "operatingIncomeRatio": -0.0525029604,
        "totalOtherIncomeExpensesNet": 5298000,
        "incomeBeforeTax": -3747000,
        "incomeBeforeTaxRatio": -0.0217499826,
        "incomeTaxExpense": 7288000,
        "netIncome": -11035000,
        "netIncomeRatio": -0.0640541921,
        "eps": -0.28,
        "epsdiluted": -0.28,
        "weightedAverageShsOut": 38967000,
        "weightedAverageShsOutDil": 38967000,
        "link": "https://www.sec.gov/Archives/edgar/data/1578732/000157873225000040/0001578732-25-000040-index.htm",
        "finalLink": "https://www.sec.gov/Archives/edgar/data/1578732/000157873225000040/mmi-20250630.htm"
    },
    {
        "date": "2025-03-31",
        "symbol": "MMI",
        "reportedCurrency": "USD",
        "cik": "0001578732",
        "fillingDate": "2025-05-07",
        "acceptedDate": "2025-05-07 17:19:28",
        "calendarYear": "2025",
        "period": "Q1",
        "revenue": 145038000,
        "costOfRevenue": 88348000,
        "grossProfit": 56690000,
        "grossProfitRatio": 0.3908630842,
        "researchAndDevelopmentExpenses": 0,
        "generalAndAdministrativeExpenses": 0,
        "sellingAndMarketingExpenses": 0,
        "sellingGeneralAndAdministrativeExpenses": 71552000,
        "otherExpenses": 2849000,
        "operatingExpenses": 74401000,
        "costAndExpenses": 162749000,
        "interestIncome": 0,
        "interestExpense": 187000,
        "depreciationAndAmortization": 2849000,
        "ebitda": -10883000,
        "ebitdaratio": -0.0750355079,
        "operatingIncome": -17711000,
        "operatingIncomeRatio": -0.1221128256,
        "totalOtherIncomeExpensesNet": 3792000,
        "incomeBeforeTax": -13919000,
        "incomeBeforeTaxRatio": -0.0959679532,
        "incomeTaxExpense": -9497000,
        "netIncome": -4422000,
        "netIncomeRatio": -0.0304885616,
        "eps": -0.11,
        "epsdiluted": -0.11,
        "weightedAverageShsOut": 38930000,
        "weightedAverageShsOutDil": 38930000,
        "link": "https://www.sec.gov/Archives/edgar/data/1578732/000157873225000031/0001578732-25-000031-index.htm",
        "finalLink": "https://www.sec.gov/Archives/edgar/data/1578732/000157873225000031/mmi-20250331.htm"
    },
    {
        "date": "2024-12-31",
        "symbol": "MMI",
        "reportedCurrency": "USD",
        "cik": "0001578732",
        "fillingDate": "2025-02-27",
        "acceptedDate": "2025-02-27 17:27:28",
        "calendarYear": "2024",
        "period": "Q4",
        "revenue": 240078000,
        "costOfRevenue": 151768000,
        "grossProfit": 88310000,
        "grossProfitRatio": 0.3678387857,
        "researchAndDevelopmentExpenses": 0,
        "generalAndAdministrativeExpenses": 0,
        "sellingAndMarketingExpenses": 0,
        "sellingGeneralAndAdministrativeExpenses": 76318000,
        "otherExpenses": 5288000,
        "operatingExpenses": 81606000,
        "costAndExpenses": 233374000,
        "interestIncome": 0,
        "interestExpense": 201000,
        "depreciationAndAmortization": 5288000,
        "ebitda": 16984000,
        "ebitdaratio": 0.070743675,
        "operatingIncome": 6704000,
        "operatingIncomeRatio": 0.0279242579,
        "totalOtherIncomeExpensesNet": 4791000,
        "incomeBeforeTax": 11495000,
        "incomeBeforeTaxRatio": 0.0478802722,
        "incomeTaxExpense": 2947000,
        "netIncome": 8548000,
        "netIncomeRatio": 0.035605095,
        "eps": 0.22,
        "epsdiluted": 0.22,
        "weightedAverageShsOut": 38826000,
        "weightedAverageShsOutDil": 39293000,
        "link": "https://www.sec.gov/Archives/edgar/data/1578732/000157873225000015/0001578732-25-000015-index.htm",
        "finalLink": "https://www.sec.gov/Archives/edgar/data/1578732/000157873225000015/mmi-20241231.htm"
    },
    {
        "date": "2024-09-30",
        "symbol": "MMI",
        "reportedCurrency": "USD",
        "cik": "0001578732",
        "fillingDate": "2024-11-08",
        "acceptedDate": "2024-11-08 17:13:46",
        "calendarYear": "2024",
        "period": "Q3",
        "revenue": 168511000,
        "costOfRevenue": 104754000,
        "grossProfit": 63757000,
        "grossProfitRatio": 0.3783551222,
        "researchAndDevelopmentExpenses": 0,
        "generalAndAdministrativeExpenses": 0,
        "sellingAndMarketingExpenses": 0,
        "sellingGeneralAndAdministrativeExpenses": 70672000,
        "otherExpenses": 4550000,
        "operatingExpenses": 75222000,
        "costAndExpenses": 179976000,
        "interestIncome": 0,
        "interestExpense": 208000,
        "depreciationAndAmortization": 4550000,
        "ebitda": -1594000,
        "ebitdaratio": -0.0094593231,
        "operatingIncome": -11465000,
        "operatingIncomeRatio": -0.0680371014,
        "totalOtherIncomeExpensesNet": 5113000,
        "incomeBeforeTax": -6352000,
        "incomeBeforeTaxRatio": -0.0376948686,
        "incomeTaxExpense": -967000,
        "netIncome": -5385000,
        "netIncomeRatio": -0.0319563708,
        "eps": -0.14,
        "epsdiluted": -0.14,
        "weightedAverageShsOut": 38629000,
        "weightedAverageShsOutDil": 38629000,
        "link": "https://www.sec.gov/Archives/edgar/data/1578732/000157873224000053/0001578732-24-000053-index.htm",
        "finalLink": "https://www.sec.gov/Archives/edgar/data/1578732/000157873224000053/mmi-20240930.htm"
    },
    {
        "date": "2024-06-30",
        "symbol": "MMI",
        "reportedCurrency": "USD",
        "cik": "0001578732",
        "fillingDate": "2024-08-07",
        "acceptedDate": "2024-08-07 16:47:54",
        "calendarYear": "2024",
        "period": "Q2",
        "revenue": 158367000,
        "costOfRevenue": 98081000,
        "grossProfit": 60286000,
        "grossProfitRatio": 0.3806727412,
        "researchAndDevelopmentExpenses": 0,
        "generalAndAdministrativeExpenses": 0,
        "sellingAndMarketingExpenses": 0,
        "sellingGeneralAndAdministrativeExpenses": 65003000,
        "otherExpenses": 3329000,
        "operatingExpenses": 68332000,
        "costAndExpenses": 166413000,
        "interestIncome": 0,
        "interestExpense": 204000,
        "depreciationAndAmortization": 3329000,
        "ebitda": 95000,
        "ebitdaratio": 0.0005998724,
        "operatingIncome": -8046000,
        "operatingIncomeRatio": -0.0508060391,
        "totalOtherIncomeExpensesNet": 4608000,
        "incomeBeforeTax": -3438000,
        "incomeBeforeTaxRatio": -0.0217090682,
        "incomeTaxExpense": 2100000,
        "netIncome": -5538000,
        "netIncomeRatio": -0.0349694065,
        "eps": -0.14,
        "epsdiluted": -0.14,
        "weightedAverageShsOut": 38675000,
        "weightedAverageShsOutDil": 38675000,
        "link": "https://www.sec.gov/Archives/edgar/data/1578732/000157873224000045/0001578732-24-000045-index.htm",
        "finalLink": "https://www.sec.gov/Archives/edgar/data/1578732/000157873224000045/mmi-20240630.htm"
    },
    {
        "date": "2024-03-31",
        "symbol": "MMI",
        "reportedCurrency": "USD",
        "cik": "0001578732",
        "fillingDate": "2024-05-08",
        "acceptedDate": "2024-05-08 17:26:28",
        "calendarYear": "2024",
        "period": "Q1",
        "revenue": 129104000,
        "costOfRevenue": 76868000,
        "grossProfit": 52236000,
        "grossProfitRatio": 0.4046040402,
        "researchAndDevelopmentExpenses": 0,
        "generalAndAdministrativeExpenses": 0,
        "sellingAndMarketingExpenses": 0,
        "sellingGeneralAndAdministrativeExpenses": 68916000,
        "otherExpenses": 3422000,
        "operatingExpenses": 72338000,
        "costAndExpenses": 149206000,
        "interestIncome": 0,
        "interestExpense": 199000,
        "depreciationAndAmortization": 3422000,
        "ebitda": -11112000,
        "ebitdaratio": -0.086070145,
        "operatingIncome": -20102000,
        "operatingIncomeRatio": -0.1557039286,
        "totalOtherIncomeExpensesNet": 5369000,
        "incomeBeforeTax": -14733000,
        "incomeBeforeTaxRatio": -0.1141173008,
        "incomeTaxExpense": -4746000,
        "netIncome": -9987000,
        "netIncomeRatio": -0.0773562399,
        "eps": -0.26,
        "epsdiluted": -0.26,
        "weightedAverageShsOut": 38447000,
        "weightedAverageShsOutDil": 38447000,
        "link": "https://www.sec.gov/Archives/edgar/data/1578732/000157873224000029/0001578732-24-000029-index.htm",
        "finalLink": "https://www.sec.gov/Archives/edgar/data/1578732/000157873224000029/mmi-20240331.htm"
    },
    {
        "date": "2023-12-31",
        "symbol": "MMI",
        "reportedCurrency": "USD",
        "cik": "0001578732",
        "fillingDate": "2024-02-28",
        "acceptedDate": "2024-02-27 21:57:11",
        "calendarYear": "2023",
        "period": "Q4",
        "revenue": 166243000,
        "costOfRevenue": 105427000,
        "grossProfit": 60816000,
        "grossProfitRatio": 0.3658259295,
        "researchAndDevelopmentExpenses": 0,
        "generalAndAdministrativeExpenses": 0,
        "sellingAndMarketingExpenses": 0,
        "sellingGeneralAndAdministrativeExpenses": 74702000,
        "otherExpenses": 3315000,
        "operatingExpenses": 78017000,
        "costAndExpenses": 183444000,
        "interestIncome": 0,
        "interestExpense": 216000,
        "depreciationAndAmortization": 3315000,
        "ebitda": -8153000,
        "ebitdaratio": -0.0490426665,
        "operatingIncome": -17201000,
        "operatingIncomeRatio": -0.1034690182,
        "totalOtherIncomeExpensesNet": 5517000,
        "incomeBeforeTax": -11684000,
        "incomeBeforeTaxRatio": -0.0702826585,
        "incomeTaxExpense": -1451000,
        "netIncome": -10233000,
        "netIncomeRatio": -0.0615544715,
        "eps": -0.27,
        "epsdiluted": -0.27,
        "weightedAverageShsOut": 38415000,
        "weightedAverageShsOutDil": 38415000,
        "link": "https://www.sec.gov/Archives/edgar/data/1578732/000157873224000020/0001578732-24-000020-index.htm",
        "finalLink": "https://www.sec.gov/Archives/edgar/data/1578732/000157873224000020/a2023form10-ka.htm"
    },
    {
        "date": "2023-09-30",
        "symbol": "MMI",
        "reportedCurrency": "USD",
        "cik": "0001578732",
        "fillingDate": "2023-11-03",
        "acceptedDate": "2023-11-03 16:51:02",
        "calendarYear": "2023",
        "period": "Q3",
        "revenue": 162026000,
        "costOfRevenue": 104628000,
        "grossProfit": 57398000,
        "grossProfitRatio": 0.3542517868,
        "researchAndDevelopmentExpenses": 0,
        "generalAndAdministrativeExpenses": 0,
        "sellingAndMarketingExpenses": 0,
        "sellingGeneralAndAdministrativeExpenses": 69192000,
        "otherExpenses": 3637000,
        "operatingExpenses": 72829000,
        "costAndExpenses": 177457000,
        "interestIncome": 0,
        "interestExpense": 241000,
        "depreciationAndAmortization": 3637000,
        "ebitda": -7372000,
        "ebitdaratio": -0.0454988706,
        "operatingIncome": -15431000,
        "operatingIncomeRatio": -0.0952378013,
        "totalOtherIncomeExpensesNet": 4181000,
        "incomeBeforeTax": -11250000,
        "incomeBeforeTaxRatio": -0.0694333008,
        "incomeTaxExpense": -2010000,
        "netIncome": -9240000,
        "netIncomeRatio": -0.0570278844,
        "eps": -0.24,
        "epsdiluted": -0.24,
        "weightedAverageShsOut": 38492000,
        "weightedAverageShsOutDil": 38492000,
        "link": "https://www.sec.gov/Archives/edgar/data/1578732/000157873223000048/0001578732-23-000048-index.htm",
        "finalLink": "https://www.sec.gov/Archives/edgar/data/1578732/000157873223000048/mmi-20230930.htm"
    },
    {
        "date": "2023-06-30",
        "symbol": "MMI",
        "reportedCurrency": "USD",
        "cik": "0001578732",
        "fillingDate": "2023-08-04",
        "acceptedDate": "2023-08-04 16:53:52",
        "calendarYear": "2023",
        "period": "Q2",
        "revenue": 162866000,
        "costOfRevenue": 101163000,
        "grossProfit": 61703000,
        "grossProfitRatio": 0.3788574656,
        "researchAndDevelopmentExpenses": 0,
        "generalAndAdministrativeExpenses": 0,
        "sellingAndMarketingExpenses": 0,
        "sellingGeneralAndAdministrativeExpenses": 68910000,
        "otherExpenses": 3468000,
        "operatingExpenses": 72378000,
        "costAndExpenses": 173541000,
        "interestIncome": 0,
        "interestExpense": 216000,
        "depreciationAndAmortization": 3468000,
        "ebitda": -2317000,
        "ebitdaratio": -0.0142264193,
        "operatingIncome": -10675000,
        "operatingIncomeRatio": -0.0655446809,
        "totalOtherIncomeExpensesNet": 4674000,
        "incomeBeforeTax": -6001000,
        "incomeBeforeTaxRatio": -0.0368462417,
        "incomeTaxExpense": 2728000,
        "netIncome": -8729000,
        "netIncomeRatio": -0.0535962079,
        "eps": -0.23,
        "epsdiluted": -0.23,
        "weightedAverageShsOut": 38538000,
        "weightedAverageShsOutDil": 38538000,
        "link": "https://www.sec.gov/Archives/edgar/data/1578732/000157873223000030/0001578732-23-000030-index.htm",
        "finalLink": "https://www.sec.gov/Archives/edgar/data/1578732/000157873223000030/mmi-20230630.htm"
    },
    {
        "date": "2023-03-31",
        "symbol": "MMI",
        "reportedCurrency": "USD",
        "cik": "0001578732",
        "fillingDate": "2023-05-05",
        "acceptedDate": "2023-05-05 17:21:54",
        "calendarYear": "2023",
        "period": "Q1",
        "revenue": 154792000,
        "costOfRevenue": 95427000,
        "grossProfit": 59365000,
        "grossProfitRatio": 0.3835146519,
        "researchAndDevelopmentExpenses": 0,
        "generalAndAdministrativeExpenses": 0,
        "sellingAndMarketingExpenses": 0,
        "sellingGeneralAndAdministrativeExpenses": 72219000,
        "otherExpenses": 3207000,
        "operatingExpenses": 75426000,
        "costAndExpenses": 170853000,
        "interestIncome": 0,
        "interestExpense": 215000,
        "depreciationAndAmortization": 3207000,
        "ebitda": -8044000,
        "ebitdaratio": -0.0519665099,
        "operatingIncome": -16061000,
        "operatingIncomeRatio": -0.1037585922,
        "totalOtherIncomeExpensesNet": 4595000,
        "incomeBeforeTax": -11466000,
        "incomeBeforeTaxRatio": -0.0740735955,
        "incomeTaxExpense": -5633000,
        "netIncome": -5833000,
        "netIncomeRatio": -0.037682826,
        "eps": -0.15,
        "epsdiluted": -0.15,
        "weightedAverageShsOut": 39200000,
        "weightedAverageShsOutDil": 39200000,
        "link": "https://www.sec.gov/Archives/edgar/data/1578732/000157873223000021/0001578732-23-000021-index.htm",
        "finalLink": "https://www.sec.gov/Archives/edgar/data/1578732/000157873223000021/mmi-20230331.htm"
    },
    {
        "date": "2022-12-31",
        "symbol": "MMI",
        "reportedCurrency": "USD",
        "cik": "0001578732",
        "fillingDate": "2023-02-28",
        "acceptedDate": "2023-02-27 20:22:14",
        "calendarYear": "2022",
        "period": "Q4",
        "revenue": 262449000,
        "costOfRevenue": 180724000,
        "grossProfit": 81725000,
        "grossProfitRatio": 0.3113938327,
        "researchAndDevelopmentExpenses": 0,
        "generalAndAdministrativeExpenses": 0,
        "sellingAndMarketingExpenses": 0,
        "sellingGeneralAndAdministrativeExpenses": 72629000,
        "otherExpenses": 3239000,
        "operatingExpenses": 75868000,
        "costAndExpenses": 256592000,
        "interestIncome": 0,
        "interestExpense": 161000,
        "depreciationAndAmortization": 3239000,
        "ebitda": 13465000,
        "ebitdaratio": 0.051305206,
        "operatingIncome": 5857000,
        "operatingIncomeRatio": 0.0223167168,
        "totalOtherIncomeExpensesNet": 4208000,
        "incomeBeforeTax": 10065000,
        "incomeBeforeTaxRatio": 0.0383503081,
        "incomeTaxExpense": 2153000,
        "netIncome": 7912000,
        "netIncomeRatio": 0.0301468095,
        "eps": 0.2,
        "epsdiluted": 0.2,
        "weightedAverageShsOut": 39461000,
        "weightedAverageShsOutDil": 39678000,
        "link": "https://www.sec.gov/Archives/edgar/data/1578732/000157873223000013/0001578732-23-000013-index.htm",
        "finalLink": "https://www.sec.gov/Archives/edgar/data/1578732/000157873223000013/mmi-20221231.htm"
    },
    {
        "date": "2022-09-30",
        "symbol": "MMI",
        "reportedCurrency": "USD",
        "cik": "0001578732",
        "fillingDate": "2022-11-04",
        "acceptedDate": "2022-11-04 16:25:08",
        "calendarYear": "2022",
        "period": "Q3",
        "revenue": 323840000,
        "costOfRevenue": 217360000,
        "grossProfit": 106480000,
        "grossProfitRatio": 0.3288043478,
        "researchAndDevelopmentExpenses": 0,
        "generalAndAdministrativeExpenses": 0,
        "sellingAndMarketingExpenses": 0,
        "sellingGeneralAndAdministrativeExpenses": 73004000,
        "otherExpenses": 2924000,
        "operatingExpenses": 75928000,
        "costAndExpenses": 293288000,
        "interestIncome": 0,
        "interestExpense": 229000,
        "depreciationAndAmortization": 2924000,
        "ebitda": 34454000,
        "ebitdaratio": 0.1063920455,
        "operatingIncome": 30552000,
        "operatingIncomeRatio": 0.0943428854,
        "totalOtherIncomeExpensesNet": 749000,
        "incomeBeforeTax": 31301000,
        "incomeBeforeTaxRatio": 0.0966557559,
        "incomeTaxExpense": 9939000,
        "netIncome": 21362000,
        "netIncomeRatio": 0.0659646739,
        "eps": 0.53,
        "epsdiluted": 0.53,
        "weightedAverageShsOut": 40086000,
        "weightedAverageShsOutDil": 40302000,
        "link": "https://www.sec.gov/Archives/edgar/data/1578732/000157873222000003/0001578732-22-000003-index.htm",
        "finalLink": "https://www.sec.gov/Archives/edgar/data/1578732/000157873222000003/mmi-20220930.htm"
    },
    {
        "date": "2022-06-30",
        "symbol": "MMI",
        "reportedCurrency": "USD",
        "cik": "0001578732",
        "fillingDate": "2022-08-05",
        "acceptedDate": "2022-08-05 16:08:01",
        "calendarYear": "2022",
        "period": "Q2",
        "revenue": 395957000,
        "costOfRevenue": 256042000,
        "grossProfit": 139915000,
        "grossProfitRatio": 0.3533590769,
        "researchAndDevelopmentExpenses": 0,
        "generalAndAdministrativeExpenses": 0,
        "sellingAndMarketingExpenses": 0,
        "sellingGeneralAndAdministrativeExpenses": 79841000,
        "otherExpenses": 3332000,
        "operatingExpenses": 83173000,
        "costAndExpenses": 339215000,
        "interestIncome": 0,
        "interestExpense": 158000,
        "depreciationAndAmortization": 3332000,
        "ebitda": 59613000,
        "ebitdaratio": 0.1505542268,
        "operatingIncome": 56742000,
        "operatingIncomeRatio": 0.1433034395,
        "totalOtherIncomeExpensesNet": -619000,
        "incomeBeforeTax": 56123000,
        "incomeBeforeTaxRatio": 0.1417401384,
        "incomeTaxExpense": 13955000,
        "netIncome": 42168000,
        "netIncomeRatio": 0.1064964125,
        "eps": 1.05,
        "epsdiluted": 1.05,
        "weightedAverageShsOut": 40048000,
        "weightedAverageShsOutDil": 40342000,
        "link": "https://www.sec.gov/Archives/edgar/data/1578732/000119312522213586/0001193125-22-213586-index.htm",
        "finalLink": "https://www.sec.gov/Archives/edgar/data/1578732/000119312522213586/d357478d10q.htm"
    },
    {
        "date": "2022-03-31",
        "symbol": "MMI",
        "reportedCurrency": "USD",
        "cik": "0001578732",
        "fillingDate": "2022-05-06",
        "acceptedDate": "2022-05-06 17:11:33",
        "calendarYear": "2022",
        "period": "Q1",
        "revenue": 319464000,
        "costOfRevenue": 196768000,
        "grossProfit": 122696000,
        "grossProfitRatio": 0.3840683144,
        "researchAndDevelopmentExpenses": 0,
        "generalAndAdministrativeExpenses": 0,
        "sellingAndMarketingExpenses": 0,
        "sellingGeneralAndAdministrativeExpenses": 74535000,
        "otherExpenses": 3911000,
        "operatingExpenses": 78446000,
        "costAndExpenses": 275214000,
        "interestIncome": 0,
        "interestExpense": 160000,
        "depreciationAndAmortization": 3911000,
        "ebitda": 48611000,
        "ebitdaratio": 0.1521642501,
        "operatingIncome": 44250000,
        "operatingIncomeRatio": 0.1385132597,
        "totalOtherIncomeExpensesNet": 290000,
        "incomeBeforeTax": 44540000,
        "incomeBeforeTaxRatio": 0.1394210302,
        "incomeTaxExpense": 11757000,
        "netIncome": 32783000,
        "netIncomeRatio": 0.1026187614,
        "eps": 0.82,
        "epsdiluted": 0.81,
        "weightedAverageShsOut": 39989000,
        "weightedAverageShsOutDil": 40474000,
        "link": "https://www.sec.gov/Archives/edgar/data/1578732/000119312522143807/0001193125-22-143807-index.htm",
        "finalLink": "https://www.sec.gov/Archives/edgar/data/1578732/000119312522143807/d350636d10q.htm"
    },
    {
        "date": "2021-12-31",
        "symbol": "MMI",
        "reportedCurrency": "USD",
        "cik": "0001578732",
        "fillingDate": "2022-03-01",
        "acceptedDate": "2022-03-01 10:03:29",
        "calendarYear": "2021",
        "period": "Q4",
        "revenue": 495134000,
        "costOfRevenue": 333327000,
        "grossProfit": 161807000,
        "grossProfitRatio": 0.3267943627,
        "researchAndDevelopmentExpenses": 0,
        "generalAndAdministrativeExpenses": 0,
        "sellingAndMarketingExpenses": 0,
        "sellingGeneralAndAdministrativeExpenses": 77007000,
        "otherExpenses": 2915000,
        "operatingExpenses": 79922000,
        "costAndExpenses": 413249000,
        "interestIncome": 0,
        "interestExpense": 144000,
        "depreciationAndAmortization": 2915000,
        "ebitda": 86590000,
        "ebitdaratio": 0.1748819511,
        "operatingIncome": 81885000,
        "operatingIncomeRatio": 0.165379473,
        "totalOtherIncomeExpensesNet": 1646000,
        "incomeBeforeTax": 83531000,
        "incomeBeforeTaxRatio": 0.1687038256,
        "incomeTaxExpense": 21529000,
        "netIncome": 62002000,
        "netIncomeRatio": 0.125222667,
        "eps": 1.55,
        "epsdiluted": 1.53,
        "weightedAverageShsOut": 39977000,
        "weightedAverageShsOutDil": 40419000,
        "link": "https://www.sec.gov/Archives/edgar/data/1578732/000119312522060189/0001193125-22-060189-index.htm",
        "finalLink": "https://www.sec.gov/Archives/edgar/data/1578732/000119312522060189/d232794d10k.htm"
    },
    {
        "date": "2021-09-30",
        "symbol": "MMI",
        "reportedCurrency": "USD",
        "cik": "0001578732",
        "fillingDate": "2021-11-05",
        "acceptedDate": "2021-11-05 14:14:29",
        "calendarYear": "2021",
        "period": "Q3",
        "revenue": 332383000,
        "costOfRevenue": 219194000,
        "grossProfit": 113189000,
        "grossProfitRatio": 0.3405378735,
        "researchAndDevelopmentExpenses": 0,
        "generalAndAdministrativeExpenses": 0,
        "sellingAndMarketingExpenses": 0,
        "sellingGeneralAndAdministrativeExpenses": 64673000,
        "otherExpenses": 2850000,
        "operatingExpenses": 67523000,
        "costAndExpenses": 286717000,
        "interestIncome": 0,
        "interestExpense": 144000,
        "depreciationAndAmortization": 2850000,
        "ebitda": 48839000,
        "ebitdaratio": 0.1469359143,
        "operatingIncome": 45666000,
        "operatingIncomeRatio": 0.137389698,
        "totalOtherIncomeExpensesNet": 179000,
        "incomeBeforeTax": 45845000,
        "incomeBeforeTaxRatio": 0.1379282334,
        "incomeTaxExpense": 11921000,
        "netIncome": 33924000,
        "netIncomeRatio": 0.1020629816,
        "eps": 0.85,
        "epsdiluted": 0.84,
        "weightedAverageShsOut": 39940000,
        "weightedAverageShsOutDil": 40241000,
        "link": "https://www.sec.gov/Archives/edgar/data/1578732/000119312521321414/0001193125-21-321414-index.htm",
        "finalLink": "https://www.sec.gov/Archives/edgar/data/1578732/000119312521321414/d201798d10q.htm"
    },
    {
        "date": "2021-06-30",
        "symbol": "MMI",
        "reportedCurrency": "USD",
        "cik": "0001578732",
        "fillingDate": "2021-08-06",
        "acceptedDate": "2021-08-06 14:51:42",
        "calendarYear": "2021",
        "period": "Q2",
        "revenue": 284946000,
        "costOfRevenue": 178585000,
        "grossProfit": 106361000,
        "grossProfitRatio": 0.3732672155,
        "researchAndDevelopmentExpenses": 0,
        "generalAndAdministrativeExpenses": 0,
        "sellingAndMarketingExpenses": 0,
        "sellingGeneralAndAdministrativeExpenses": 61797000,
        "otherExpenses": 2959000,
        "operatingExpenses": 64756000,
        "costAndExpenses": 243341000,
        "interestIncome": 0,
        "interestExpense": 146000,
        "depreciationAndAmortization": 2959000,
        "ebitda": 45934000,
        "ebitdaratio": 0.1612024735,
        "operatingIncome": 41605000,
        "operatingIncomeRatio": 0.1460101212,
        "totalOtherIncomeExpensesNet": 1224000,
        "incomeBeforeTax": 42829000,
        "incomeBeforeTaxRatio": 0.150305672,
        "incomeTaxExpense": 11297000,
        "netIncome": 31532000,
        "netIncomeRatio": 0.1106595636,
        "eps": 0.79,
        "epsdiluted": 0.78,
        "weightedAverageShsOut": 39877000,
        "weightedAverageShsOutDil": 40139000,
        "link": "https://www.sec.gov/Archives/edgar/data/1578732/000119312521239122/0001193125-21-239122-index.htm",
        "finalLink": "https://www.sec.gov/Archives/edgar/data/1578732/000119312521239122/d173647d10q.htm"
    },
    {
        "date": "2021-03-31",
        "symbol": "MMI",
        "reportedCurrency": "USD",
        "cik": "0001578732",
        "fillingDate": "2021-05-07",
        "acceptedDate": "2021-05-07 15:45:33",
        "calendarYear": "2021",
        "period": "Q1",
        "revenue": 183977000,
        "costOfRevenue": 109103000,
        "grossProfit": 74874000,
        "grossProfitRatio": 0.4069747849,
        "researchAndDevelopmentExpenses": 0,
        "generalAndAdministrativeExpenses": 0,
        "sellingAndMarketingExpenses": 0,
        "sellingGeneralAndAdministrativeExpenses": 51677000,
        "otherExpenses": 2997000,
        "operatingExpenses": 54674000,
        "costAndExpenses": 163777000,
        "interestIncome": 0,
        "interestExpense": 146000,
        "depreciationAndAmortization": 2997000,
        "ebitda": 24241000,
        "ebitdaratio": 0.1317610353,
        "operatingIncome": 20200000,
        "operatingIncomeRatio": 0.1097963332,
        "totalOtherIncomeExpensesNet": 898000,
        "incomeBeforeTax": 21098000,
        "incomeBeforeTaxRatio": 0.1146773782,
        "incomeTaxExpense": 6086000,
        "netIncome": 15012000,
        "netIncomeRatio": 0.0815971562,
        "eps": 0.38,
        "epsdiluted": 0.37,
        "weightedAverageShsOut": 39757000,
        "weightedAverageShsOutDil": 40124000,
        "link": "https://www.sec.gov/Archives/edgar/data/1578732/000119312521154852/0001193125-21-154852-index.htm",
        "finalLink": "https://www.sec.gov/Archives/edgar/data/1578732/000119312521154852/d162517d10q.htm"
    },
    {
        "date": "2020-12-31",
        "symbol": "MMI",
        "reportedCurrency": "USD",
        "cik": "0001578732",
        "fillingDate": "2021-03-01",
        "acceptedDate": "2021-03-01 10:05:36",
        "calendarYear": "2020",
        "period": "Q4",
        "revenue": 250214000,
        "costOfRevenue": 160672000,
        "grossProfit": 89542000,
        "grossProfitRatio": 0.3578616704,
        "researchAndDevelopmentExpenses": 0,
        "generalAndAdministrativeExpenses": 0,
        "sellingAndMarketingExpenses": 0,
        "sellingGeneralAndAdministrativeExpenses": 56446000,
        "otherExpenses": 3077000,
        "operatingExpenses": 59490000,
        "costAndExpenses": 220162000,
        "interestIncome": 0,
        "interestExpense": 205000,
        "depreciationAndAmortization": 3077000,
        "ebitda": 35555000,
        "ebitdaratio": 0.1420983638,
        "operatingIncome": 30052000,
        "operatingIncomeRatio": 0.12010519,
        "totalOtherIncomeExpensesNet": 2221000,
        "incomeBeforeTax": 32273000,
        "incomeBeforeTaxRatio": 0.1289815918,
        "incomeTaxExpense": 8651000,
        "netIncome": 23622000,
        "netIncomeRatio": 0.0944071874,
        "eps": 0.59,
        "epsdiluted": 0.59,
        "weightedAverageShsOut": 39715000,
        "weightedAverageShsOutDil": 39967000,
        "link": "https://www.sec.gov/Archives/edgar/data/1578732/000119312521062693/0001193125-21-062693-index.htm",
        "finalLink": "https://www.sec.gov/Archives/edgar/data/1578732/000119312521062693/d105051d10k.htm"
    },
    {
        "date": "2020-09-30",
        "symbol": "MMI",
        "reportedCurrency": "USD",
        "cik": "0001578732",
        "fillingDate": "2020-11-09",
        "acceptedDate": "2020-11-09 10:01:37",
        "calendarYear": "2020",
        "period": "Q3",
        "revenue": 158575000,
        "costOfRevenue": 99707000,
        "grossProfit": 58868000,
        "grossProfitRatio": 0.3712312786,
        "researchAndDevelopmentExpenses": 0,
        "generalAndAdministrativeExpenses": 0,
        "sellingAndMarketingExpenses": 0,
        "sellingGeneralAndAdministrativeExpenses": 49722000,
        "otherExpenses": 2606000,
        "operatingExpenses": 52328000,
        "costAndExpenses": 152035000,
        "interestIncome": 0,
        "interestExpense": 199000,
        "depreciationAndAmortization": 2606000,
        "ebitda": 10761000,
        "ebitdaratio": 0.0678606338,
        "operatingIncome": 6540000,
        "operatingIncomeRatio": 0.0412423144,
        "totalOtherIncomeExpensesNet": 1416000,
        "incomeBeforeTax": 7956000,
        "incomeBeforeTaxRatio": 0.050171843,
        "incomeTaxExpense": 1916000,
        "netIncome": 6040000,
        "netIncomeRatio": 0.0380892322,
        "eps": 0.15,
        "epsdiluted": 0.15,
        "weightedAverageShsOut": 39681000,
        "weightedAverageShsOutDil": 39727000,
        "link": "https://www.sec.gov/Archives/edgar/data/1578732/000119312520288632/0001193125-20-288632-index.htm",
        "finalLink": "https://www.sec.gov/Archives/edgar/data/1578732/000119312520288632/d76114d10q.htm"
    },
    {
        "date": "2020-06-30",
        "symbol": "MMI",
        "reportedCurrency": "USD",
        "cik": "0001578732",
        "fillingDate": "2020-08-10",
        "acceptedDate": "2020-08-10 10:02:26",
        "calendarYear": "2020",
        "period": "Q2",
        "revenue": 117400000,
        "costOfRevenue": 73743000,
        "grossProfit": 43657000,
        "grossProfitRatio": 0.3718654174,
        "researchAndDevelopmentExpenses": 0,
        "generalAndAdministrativeExpenses": 0,
        "sellingAndMarketingExpenses": 0,
        "sellingGeneralAndAdministrativeExpenses": 43519000,
        "otherExpenses": 2752000,
        "operatingExpenses": 46271000,
        "costAndExpenses": 120014000,
        "interestIncome": 0,
        "interestExpense": 213000,
        "depreciationAndAmortization": 2752000,
        "ebitda": 3113000,
        "ebitdaratio": 0.026516184,
        "operatingIncome": -2614000,
        "operatingIncomeRatio": -0.0222657581,
        "totalOtherIncomeExpensesNet": 2762000,
        "incomeBeforeTax": 148000,
        "incomeBeforeTaxRatio": 0.0012606474,
        "incomeTaxExpense": 42000,
        "netIncome": 106000,
        "netIncomeRatio": 0.0009028961,
        "eps": 0.0027,
        "epsdiluted": 0.0027,
        "weightedAverageShsOut": 39629000,
        "weightedAverageShsOutDil": 39673000,
        "link": "https://www.sec.gov/Archives/edgar/data/1578732/000119312520214274/0001193125-20-214274-index.htm",
        "finalLink": "https://www.sec.gov/Archives/edgar/data/1578732/000119312520214274/d101585d10q.htm"
    },
    {
        "date": "2020-03-31",
        "symbol": "MMI",
        "reportedCurrency": "USD",
        "cik": "0001578732",
        "fillingDate": "2020-05-11",
        "acceptedDate": "2020-05-11 10:02:48",
        "calendarYear": "2020",
        "period": "Q1",
        "revenue": 190717000,
        "costOfRevenue": 113757000,
        "grossProfit": 76960000,
        "grossProfitRatio": 0.4035298374,
        "researchAndDevelopmentExpenses": 0,
        "generalAndAdministrativeExpenses": 0,
        "sellingAndMarketingExpenses": 0,
        "sellingGeneralAndAdministrativeExpenses": 54860000,
        "otherExpenses": 2464000,
        "operatingExpenses": 57324000,
        "costAndExpenses": 171081000,
        "interestIncome": 0,
        "interestExpense": 283000,
        "depreciationAndAmortization": 2464000,
        "ebitda": 21734000,
        "ebitdaratio": 0.1139594268,
        "operatingIncome": 19636000,
        "operatingIncomeRatio": 0.1029588343,
        "totalOtherIncomeExpensesNet": -649000,
        "incomeBeforeTax": 18987000,
        "incomeBeforeTaxRatio": 0.0995558865,
        "incomeTaxExpense": 5917000,
        "netIncome": 13070000,
        "netIncomeRatio": 0.0685308599,
        "eps": 0.33,
        "epsdiluted": 0.33,
        "weightedAverageShsOut": 39541000,
        "weightedAverageShsOutDil": 39646000,
        "link": "https://www.sec.gov/Archives/edgar/data/1578732/000119312520138459/0001193125-20-138459-index.htm",
        "finalLink": "https://www.sec.gov/Archives/edgar/data/1578732/000119312520138459/d183092d10q.htm"
    },
    {
        "date": "2019-12-31",
        "symbol": "MMI",
        "reportedCurrency": "USD",
        "cik": "0001578732",
        "fillingDate": "2020-03-02",
        "acceptedDate": "2020-03-02 10:02:27",
        "calendarYear": "2019",
        "period": "Q4",
        "revenue": 237908000,
        "costOfRevenue": 155196000,
        "grossProfit": 82712000,
        "grossProfitRatio": 0.3476638028,
        "researchAndDevelopmentExpenses": 0,
        "generalAndAdministrativeExpenses": 0,
        "sellingAndMarketingExpenses": 0,
        "sellingGeneralAndAdministrativeExpenses": 53391000,
        "otherExpenses": 2343000,
        "operatingExpenses": 55608000,
        "costAndExpenses": 210804000,
        "interestIncome": 0,
        "interestExpense": 370000,
        "depreciationAndAmortization": 2343000,
        "ebitda": 32857000,
        "ebitdaratio": 0.1381080081,
        "operatingIncome": 27104000,
        "operatingIncomeRatio": 0.1139263917,
        "totalOtherIncomeExpensesNet": 3040000,
        "incomeBeforeTax": 30144000,
        "incomeBeforeTaxRatio": 0.1267044404,
        "incomeTaxExpense": 9423000,
        "netIncome": 20721000,
        "netIncomeRatio": 0.0870966928,
        "eps": 0.53,
        "epsdiluted": 0.52,
        "weightedAverageShsOut": 39468000,
        "weightedAverageShsOutDil": 39640000,
        "link": "https://www.sec.gov/Archives/edgar/data/1578732/000119312520058202/0001193125-20-058202-index.htm",
        "finalLink": "https://www.sec.gov/Archives/edgar/data/1578732/000119312520058202/d825656d10k.htm"
    },
    {
        "date": "2019-09-30",
        "symbol": "MMI",
        "reportedCurrency": "USD",
        "cik": "0001578732",
        "fillingDate": "2019-11-08",
        "acceptedDate": "2019-11-08 06:26:46",
        "calendarYear": "2019",
        "period": "Q3",
        "revenue": 198220000,
        "costOfRevenue": 124147000,
        "grossProfit": 74073000,
        "grossProfitRatio": 0.3736908486,
        "researchAndDevelopmentExpenses": 0,
        "generalAndAdministrativeExpenses": 48091000,
        "sellingAndMarketingExpenses": 0,
        "sellingGeneralAndAdministrativeExpenses": 48091000,
        "otherExpenses": 1910000,
        "operatingExpenses": 50001000,
        "costAndExpenses": 174148000,
        "interestIncome": 0,
        "interestExpense": 329000,
        "depreciationAndAmortization": 1910000,
        "ebitda": 28555000,
        "ebitdaratio": 0.1440571083,
        "operatingIncome": 24072000,
        "operatingIncomeRatio": 0.1214408233,
        "totalOtherIncomeExpensesNet": 2244000,
        "incomeBeforeTax": 26316000,
        "incomeBeforeTaxRatio": 0.132761578,
        "incomeTaxExpense": 7024000,
        "netIncome": 19292000,
        "netIncomeRatio": 0.0973262032,
        "eps": 0.49,
        "epsdiluted": 0.49,
        "weightedAverageShsOut": 39441000,
        "weightedAverageShsOutDil": 39550000,
        "link": "https://www.sec.gov/Archives/edgar/data/1578732/000119312519287779/0001193125-19-287779-index.htm",
        "finalLink": "https://www.sec.gov/Archives/edgar/data/1578732/000119312519287779/d597783d10q.htm"
    },
    {
        "date": "2019-06-30",
        "symbol": "MMI",
        "reportedCurrency": "USD",
        "cik": "0001578732",
        "fillingDate": "2019-08-09",
        "acceptedDate": "2019-08-09 06:26:43",
        "calendarYear": "2019",
        "period": "Q2",
        "revenue": 209593000,
        "costOfRevenue": 127847000,
        "grossProfit": 81746000,
        "grossProfitRatio": 0.3900225675,
        "researchAndDevelopmentExpenses": 0,
        "generalAndAdministrativeExpenses": 52836000,
        "sellingAndMarketingExpenses": 0,
        "sellingGeneralAndAdministrativeExpenses": 52836000,
        "otherExpenses": 1932000,
        "operatingExpenses": 54768000,
        "costAndExpenses": 182615000,
        "interestIncome": 0,
        "interestExpense": 340000,
        "depreciationAndAmortization": 1932000,
        "ebitda": 32029000,
        "ebitdaratio": 0.1528152181,
        "operatingIncome": 26978000,
        "operatingIncomeRatio": 0.1287161308,
        "totalOtherIncomeExpensesNet": 2779000,
        "incomeBeforeTax": 29757000,
        "incomeBeforeTaxRatio": 0.1419751614,
        "incomeTaxExpense": 8478000,
        "netIncome": 21279000,
        "netIncomeRatio": 0.1015253372,
        "eps": 0.54,
        "epsdiluted": 0.54,
        "weightedAverageShsOut": 39395000,
        "weightedAverageShsOutDil": 39527000,
        "link": "https://www.sec.gov/Archives/edgar/data/1578732/000119312519217380/0001193125-19-217380-index.htm",
        "finalLink": "https://www.sec.gov/Archives/edgar/data/1578732/000119312519217380/d46060d10q.htm"
    },
    {
        "date": "2019-03-31",
        "symbol": "MMI",
        "reportedCurrency": "USD",
        "cik": "0001578732",
        "fillingDate": "2019-05-10",
        "acceptedDate": "2019-05-10 06:09:14",
        "calendarYear": "2019",
        "period": "Q1",
        "revenue": 160707000,
        "costOfRevenue": 91688000,
        "grossProfit": 69019000,
        "grossProfitRatio": 0.4294710249,
        "researchAndDevelopmentExpenses": 0,
        "generalAndAdministrativeExpenses": 48918000,
        "sellingAndMarketingExpenses": 0,
        "sellingGeneralAndAdministrativeExpenses": 48918000,
        "otherExpenses": 1832000,
        "operatingExpenses": 50750000,
        "costAndExpenses": 142438000,
        "interestIncome": 0,
        "interestExpense": 349000,
        "depreciationAndAmortization": 1832000,
        "ebitda": 23476000,
        "ebitdaratio": 0.1460795112,
        "operatingIncome": 18269000,
        "operatingIncomeRatio": 0.1136789312,
        "totalOtherIncomeExpensesNet": 3026000,
        "incomeBeforeTax": 21295000,
        "incomeBeforeTaxRatio": 0.1325082293,
        "incomeTaxExpense": 5657000,
        "netIncome": 15638000,
        "netIncomeRatio": 0.0973075224,
        "eps": 0.4,
        "epsdiluted": 0.4,
        "weightedAverageShsOut": 39311000,
        "weightedAverageShsOutDil": 39515000,
        "link": "https://www.sec.gov/Archives/edgar/data/1578732/000119312519143551/0001193125-19-143551-index.htm",
        "finalLink": "https://www.sec.gov/Archives/edgar/data/1578732/000119312519143551/d700967d10q.htm"
    },
    {
        "date": "2018-12-31",
        "symbol": "MMI",
        "reportedCurrency": "USD",
        "cik": "0001578732",
        "fillingDate": "2019-03-01",
        "acceptedDate": "2019-03-01 06:10:08",
        "calendarYear": "2018",
        "period": "Q4",
        "revenue": 230283000,
        "costOfRevenue": 148469000,
        "grossProfit": 81814000,
        "grossProfitRatio": 0.3552758997,
        "researchAndDevelopmentExpenses": 0,
        "generalAndAdministrativeExpenses": 47557000,
        "sellingAndMarketingExpenses": 0,
        "sellingGeneralAndAdministrativeExpenses": 47356000,
        "otherExpenses": 1768000,
        "operatingExpenses": 49325000,
        "costAndExpenses": 197794000,
        "interestIncome": 0,
        "interestExpense": 346000,
        "depreciationAndAmortization": 1768000,
        "ebitda": 35530000,
        "ebitdaratio": 0.154288419,
        "operatingIncome": 32489000,
        "operatingIncomeRatio": 0.1410829284,
        "totalOtherIncomeExpensesNet": 927000,
        "incomeBeforeTax": 33416000,
        "incomeBeforeTaxRatio": 0.1451084101,
        "incomeTaxExpense": 7191000,
        "netIncome": 26225000,
        "netIncomeRatio": 0.1138816152,
        "eps": 0.67,
        "epsdiluted": 0.66,
        "weightedAverageShsOut": 39157000,
        "weightedAverageShsOutDil": 39469000,
        "link": "https://www.sec.gov/Archives/edgar/data/1578732/000119312519059132/0001193125-19-059132-index.htm",
        "finalLink": "https://www.sec.gov/Archives/edgar/data/1578732/000119312519059132/d619148d10k.htm"
    },
    {
        "date": "2018-09-30",
        "symbol": "MMI",
        "reportedCurrency": "USD",
        "cik": "0001578732",
        "fillingDate": "2018-11-09",
        "acceptedDate": "2018-11-09 06:03:45",
        "calendarYear": "2018",
        "period": "Q3",
        "revenue": 210590000,
        "costOfRevenue": 132896000,
        "grossProfit": 77694000,
        "grossProfitRatio": 0.3689348972,
        "researchAndDevelopmentExpenses": 0,
        "generalAndAdministrativeExpenses": 48659000,
        "sellingAndMarketingExpenses": 0,
        "sellingGeneralAndAdministrativeExpenses": 48659000,
        "otherExpenses": 1651000,
        "operatingExpenses": 50310000,
        "costAndExpenses": 183206000,
        "interestIncome": 0,
        "interestExpense": 342000,
        "depreciationAndAmortization": 1651000,
        "ebitda": 31162000,
        "ebitdaratio": 0.1479747376,
        "operatingIncome": 27384000,
        "operatingIncomeRatio": 0.1300346645,
        "totalOtherIncomeExpensesNet": 1785000,
        "incomeBeforeTax": 29169000,
        "incomeBeforeTaxRatio": 0.1385108505,
        "incomeTaxExpense": 8315000,
        "netIncome": 20854000,
        "netIncomeRatio": 0.0990265445,
        "eps": 0.53,
        "epsdiluted": 0.53,
        "weightedAverageShsOut": 39191000,
        "weightedAverageShsOutDil": 39484000,
        "link": "https://www.sec.gov/Archives/edgar/data/1578732/000119312518322891/0001193125-18-322891-index.htm",
        "finalLink": "https://www.sec.gov/Archives/edgar/data/1578732/000119312518322891/d633629d10q.htm"
    },
    {
        "date": "2018-06-30",
        "symbol": "MMI",
        "reportedCurrency": "USD",
        "cik": "0001578732",
        "fillingDate": "2018-08-09",
        "acceptedDate": "2018-08-09 06:05:16",
        "calendarYear": "2018",
        "period": "Q2",
        "revenue": 199402000,
        "costOfRevenue": 119869000,
        "grossProfit": 79533000,
        "grossProfitRatio": 0.3988575842,
        "researchAndDevelopmentExpenses": 0,
        "generalAndAdministrativeExpenses": 49080000,
        "sellingAndMarketingExpenses": 0,
        "sellingGeneralAndAdministrativeExpenses": 49080000,
        "otherExpenses": 1503000,
        "operatingExpenses": 50583000,
        "costAndExpenses": 170452000,
        "interestIncome": 0,
        "interestExpense": 352000,
        "depreciationAndAmortization": 1503000,
        "ebitda": 32177000,
        "ebitdaratio": 0.1613674888,
        "operatingIncome": 28950000,
        "operatingIncomeRatio": 0.1451841005,
        "totalOtherIncomeExpensesNet": 1372000,
        "incomeBeforeTax": 30322000,
        "incomeBeforeTaxRatio": 0.1520646734,
        "incomeTaxExpense": 8155000,
        "netIncome": 22167000,
        "netIncomeRatio": 0.1111673905,
        "eps": 0.57,
        "epsdiluted": 0.56,
        "weightedAverageShsOut": 39154000,
        "weightedAverageShsOutDil": 39385000,
        "link": "https://www.sec.gov/Archives/edgar/data/1578732/000119312518243380/0001193125-18-243380-index.htm",
        "finalLink": "https://www.sec.gov/Archives/edgar/data/1578732/000119312518243380/d438391d10q.htm"
    },
    {
        "date": "2018-03-31",
        "symbol": "MMI",
        "reportedCurrency": "USD",
        "cik": "0001578732",
        "fillingDate": "2018-05-10",
        "acceptedDate": "2018-05-10 06:10:08",
        "calendarYear": "2018",
        "period": "Q1",
        "revenue": 174541000,
        "costOfRevenue": 101649000,
        "grossProfit": 72892000,
        "grossProfitRatio": 0.4176210747,
        "researchAndDevelopmentExpenses": 0,
        "generalAndAdministrativeExpenses": 48053000,
        "sellingAndMarketingExpenses": 0,
        "sellingGeneralAndAdministrativeExpenses": 48053000,
        "otherExpenses": 1375000,
        "operatingExpenses": 49428000,
        "costAndExpenses": 151077000,
        "interestIncome": 0,
        "interestExpense": 360000,
        "depreciationAndAmortization": 1375000,
        "ebitda": 26048000,
        "ebitdaratio": 0.149237142,
        "operatingIncome": 23464000,
        "operatingIncomeRatio": 0.1344325975,
        "totalOtherIncomeExpensesNet": 849000,
        "incomeBeforeTax": 24313000,
        "incomeBeforeTaxRatio": 0.1392967841,
        "incomeTaxExpense": 6302000,
        "netIncome": 18011000,
        "netIncomeRatio": 0.1031906543,
        "eps": 0.46,
        "epsdiluted": 0.46,
        "weightedAverageShsOut": 39095000,
        "weightedAverageShsOutDil": 39250000,
        "link": "https://www.sec.gov/Archives/edgar/data/1578732/000119312518158196/0001193125-18-158196-index.htm",
        "finalLink": "https://www.sec.gov/Archives/edgar/data/1578732/000119312518158196/d574069d10q.htm"
    },
    {
        "date": "2017-12-31",
        "symbol": "MMI",
        "reportedCurrency": "USD",
        "cik": "0001578732",
        "fillingDate": "2018-03-16",
        "acceptedDate": "2018-03-16 06:13:13",
        "calendarYear": "2017",
        "period": "Q4",
        "revenue": 202776000,
        "costOfRevenue": 131730000,
        "grossProfit": 71046000,
        "grossProfitRatio": 0.3503669073,
        "researchAndDevelopmentExpenses": 0,
        "generalAndAdministrativeExpenses": 42255000,
        "sellingAndMarketingExpenses": 0,
        "sellingGeneralAndAdministrativeExpenses": 42255000,
        "otherExpenses": 1388000,
        "operatingExpenses": 43643000,
        "costAndExpenses": 175373000,
        "interestIncome": 0,
        "interestExpense": 370000,
        "depreciationAndAmortization": 1388000,
        "ebitda": 30376000,
        "ebitdaratio": 0.1498007654,
        "operatingIncome": 27403000,
        "operatingIncomeRatio": 0.135139267,
        "totalOtherIncomeExpensesNet": 1215000,
        "incomeBeforeTax": 28618000,
        "incomeBeforeTaxRatio": 0.1411311003,
        "incomeTaxExpense": 20138000,
        "netIncome": 8480000,
        "netIncomeRatio": 0.0418195447,
        "eps": 0.22,
        "epsdiluted": 0.22,
        "weightedAverageShsOut": 38966000,
        "weightedAverageShsOutDil": 39230000,
        "link": "https://www.sec.gov/Archives/edgar/data/1578732/000119312518084734/0001193125-18-084734-index.htm",
        "finalLink": "https://www.sec.gov/Archives/edgar/data/1578732/000119312518084734/d515665d10k.htm"
    },
    {
        "date": "2017-09-30",
        "symbol": "MMI",
        "reportedCurrency": "USD",
        "cik": "0001578732",
        "fillingDate": "2017-11-09",
        "acceptedDate": "2017-11-09 06:10:36",
        "calendarYear": "2017",
        "period": "Q3",
        "revenue": 183341000,
        "costOfRevenue": 114803000,
        "grossProfit": 68538000,
        "grossProfitRatio": 0.3738280036,
        "researchAndDevelopmentExpenses": 0,
        "generalAndAdministrativeExpenses": 42480000,
        "sellingAndMarketingExpenses": 0,
        "sellingGeneralAndAdministrativeExpenses": 42480000,
        "otherExpenses": 1375000,
        "operatingExpenses": 43855000,
        "costAndExpenses": 158658000,
        "interestIncome": 0,
        "interestExpense": 370000,
        "depreciationAndAmortization": 1375000,
        "ebitda": 27230000,
        "ebitdaratio": 0.1485210618,
        "operatingIncome": 24683000,
        "operatingIncomeRatio": 0.1346289155,
        "totalOtherIncomeExpensesNet": 802000,
        "incomeBeforeTax": 25485000,
        "incomeBeforeTaxRatio": 0.139003278,
        "incomeTaxExpense": 10010000,
        "netIncome": 15475000,
        "netIncomeRatio": 0.0844055612,
        "eps": 0.4,
        "epsdiluted": 0.39,
        "weightedAverageShsOut": 39033000,
        "weightedAverageShsOutDil": 39204000,
        "link": "https://www.sec.gov/Archives/edgar/data/1578732/000119312517337935/0001193125-17-337935-index.htm",
        "finalLink": "https://www.sec.gov/Archives/edgar/data/1578732/000119312517337935/d443925d10q.htm"
    },
    {
        "date": "2017-06-30",
        "symbol": "MMI",
        "reportedCurrency": "USD",
        "cik": "0001578732",
        "fillingDate": "2017-08-09",
        "acceptedDate": "2017-08-09 06:13:01",
        "calendarYear": "2017",
        "period": "Q2",
        "revenue": 180371000,
        "costOfRevenue": 110377000,
        "grossProfit": 69994000,
        "grossProfitRatio": 0.3880557296,
        "researchAndDevelopmentExpenses": 0,
        "generalAndAdministrativeExpenses": 43693000,
        "sellingAndMarketingExpenses": 0,
        "sellingGeneralAndAdministrativeExpenses": 43693000,
        "otherExpenses": 1303000,
        "operatingExpenses": 44996000,
        "costAndExpenses": 155373000,
        "interestIncome": 0,
        "interestExpense": 374000,
        "depreciationAndAmortization": 1303000,
        "ebitda": 27298000,
        "ebitdaratio": 0.1513436195,
        "operatingIncome": 24998000,
        "operatingIncomeRatio": 0.138592124,
        "totalOtherIncomeExpensesNet": 623000,
        "incomeBeforeTax": 25621000,
        "incomeBeforeTaxRatio": 0.1420461161,
        "incomeTaxExpense": 10052000,
        "netIncome": 15569000,
        "netIncomeRatio": 0.0863165365,
        "eps": 0.4,
        "epsdiluted": 0.4,
        "weightedAverageShsOut": 39002000,
        "weightedAverageShsOutDil": 39132000,
        "link": "https://www.sec.gov/Archives/edgar/data/1578732/000119312517251988/0001193125-17-251988-index.htm",
        "finalLink": "https://www.sec.gov/Archives/edgar/data/1578732/000119312517251988/d425138d10q.htm"
    },
    {
        "date": "2017-03-31",
        "symbol": "MMI",
        "reportedCurrency": "USD",
        "cik": "0001578732",
        "fillingDate": "2017-05-10",
        "acceptedDate": "2017-05-10 06:07:39",
        "calendarYear": "2017",
        "period": "Q1",
        "revenue": 153212000,
        "costOfRevenue": 89647000,
        "grossProfit": 63565000,
        "grossProfitRatio": 0.4148826463,
        "researchAndDevelopmentExpenses": 0,
        "generalAndAdministrativeExpenses": 43220000,
        "sellingAndMarketingExpenses": 0,
        "sellingGeneralAndAdministrativeExpenses": 43220000,
        "otherExpenses": 1297000,
        "operatingExpenses": 44517000,
        "costAndExpenses": 134164000,
        "interestIncome": 0,
        "interestExpense": 382000,
        "depreciationAndAmortization": 1297000,
        "ebitda": 21181000,
        "ebitdaratio": 0.1382463515,
        "operatingIncome": 19048000,
        "operatingIncomeRatio": 0.1243244654,
        "totalOtherIncomeExpensesNet": 454000,
        "incomeBeforeTax": 19502000,
        "incomeBeforeTaxRatio": 0.1272876798,
        "incomeTaxExpense": 7502000,
        "netIncome": 12000000,
        "netIncomeRatio": 0.0783228468,
        "eps": 0.31,
        "epsdiluted": 0.31,
        "weightedAverageShsOut": 38948000,
        "weightedAverageShsOutDil": 39108000,
        "link": "https://www.sec.gov/Archives/edgar/data/1578732/000119312517164874/0001193125-17-164874-index.htm",
        "finalLink": "https://www.sec.gov/Archives/edgar/data/1578732/000119312517164874/d368046d10q.htm"
    },
    {
        "date": "2016-12-31",
        "symbol": "MMI",
        "reportedCurrency": "USD",
        "cik": "0001578732",
        "fillingDate": "2017-03-16",
        "acceptedDate": "2017-03-16 06:23:09",
        "calendarYear": "2016",
        "period": "Q4",
        "revenue": 189157000,
        "costOfRevenue": 121637000,
        "grossProfit": 67520000,
        "grossProfitRatio": 0.3569521614,
        "researchAndDevelopmentExpenses": 0,
        "generalAndAdministrativeExpenses": 38391000,
        "sellingAndMarketingExpenses": 0,
        "sellingGeneralAndAdministrativeExpenses": 38391000,
        "otherExpenses": 1223000,
        "operatingExpenses": 39614000,
        "costAndExpenses": 161251000,
        "interestIncome": 0,
        "interestExpense": 378000,
        "depreciationAndAmortization": 1223000,
        "ebitda": 29696000,
        "ebitdaratio": 0.1569912824,
        "operatingIncome": 27906000,
        "operatingIncomeRatio": 0.1475282437,
        "totalOtherIncomeExpensesNet": 189000,
        "incomeBeforeTax": 28095000,
        "incomeBeforeTaxRatio": 0.1485274137,
        "incomeTaxExpense": 10921000,
        "netIncome": 17174000,
        "netIncomeRatio": 0.0907923048,
        "eps": 0.44,
        "epsdiluted": 0.44,
        "weightedAverageShsOut": 38843000,
        "weightedAverageShsOutDil": 39079000,
        "link": "https://www.sec.gov/Archives/edgar/data/1578732/000119312517084360/0001193125-17-084360-index.htm",
        "finalLink": "https://www.sec.gov/Archives/edgar/data/1578732/000119312517084360/d302605d10k.htm"
    },
    {
        "date": "2016-09-30",
        "symbol": "MMI",
        "reportedCurrency": "USD",
        "cik": "0001578732",
        "fillingDate": "2016-11-07",
        "acceptedDate": "2016-11-07 12:27:06",
        "calendarYear": "2016",
        "period": "Q3",
        "revenue": 180634000,
        "costOfRevenue": 113852000,
        "grossProfit": 66782000,
        "grossProfitRatio": 0.3697089142,
        "researchAndDevelopmentExpenses": 0,
        "generalAndAdministrativeExpenses": 40728000,
        "sellingAndMarketingExpenses": 0,
        "sellingGeneralAndAdministrativeExpenses": 40728000,
        "otherExpenses": 1149000,
        "operatingExpenses": 41877000,
        "costAndExpenses": 155729000,
        "interestIncome": 0,
        "interestExpense": 380000,
        "depreciationAndAmortization": 1149000,
        "ebitda": 26773000,
        "ebitdaratio": 0.1482168363,
        "operatingIncome": 24905000,
        "operatingIncomeRatio": 0.137875483,
        "totalOtherIncomeExpensesNet": 339000,
        "incomeBeforeTax": 25244000,
        "incomeBeforeTaxRatio": 0.1397522061,
        "incomeTaxExpense": 10100000,
        "netIncome": 15144000,
        "netIncomeRatio": 0.0838380371,
        "eps": 0.39,
        "epsdiluted": 0.39,
        "weightedAverageShsOut": 38939000,
        "weightedAverageShsOutDil": 39122000,
        "link": "https://www.sec.gov/Archives/edgar/data/1578732/000119312516761296/0001193125-16-761296-index.htm",
        "finalLink": "https://www.sec.gov/Archives/edgar/data/1578732/000119312516761296/d234118d10q.htm"
    },
    {
        "date": "2016-06-30",
        "symbol": "MMI",
        "reportedCurrency": "USD",
        "cik": "0001578732",
        "fillingDate": "2016-08-08",
        "acceptedDate": "2016-08-08 10:01:36",
        "calendarYear": "2016",
        "period": "Q2",
        "revenue": 183387000,
        "costOfRevenue": 113126000,
        "grossProfit": 70261000,
        "grossProfitRatio": 0.3831296657,
        "researchAndDevelopmentExpenses": 0,
        "generalAndAdministrativeExpenses": 40420000,
        "sellingAndMarketingExpenses": 0,
        "sellingGeneralAndAdministrativeExpenses": 40420000,
        "otherExpenses": 1009000,
        "operatingExpenses": 41429000,
        "costAndExpenses": 154555000,
        "interestIncome": 0,
        "interestExpense": 384000,
        "depreciationAndAmortization": 1009000,
        "ebitda": 30459000,
        "ebitdaratio": 0.1660913805,
        "operatingIncome": 28832000,
        "operatingIncomeRatio": 0.1572194321,
        "totalOtherIncomeExpensesNet": 234000,
        "incomeBeforeTax": 29066000,
        "incomeBeforeTaxRatio": 0.1584954222,
        "incomeTaxExpense": 11542000,
        "netIncome": 17524000,
        "netIncomeRatio": 0.0955574823,
        "eps": 0.45,
        "epsdiluted": 0.45,
        "weightedAverageShsOut": 38918000,
        "weightedAverageShsOutDil": 39054000,
        "link": "https://www.sec.gov/Archives/edgar/data/1578732/000119312516674431/0001193125-16-674431-index.htm",
        "finalLink": "https://www.sec.gov/Archives/edgar/data/1578732/000119312516674431/d220380d10q.htm"
    },
    {
        "date": "2016-03-31",
        "symbol": "MMI",
        "reportedCurrency": "USD",
        "cik": "0001578732",
        "fillingDate": "2016-05-09",
        "acceptedDate": "2016-05-09 10:13:04",
        "calendarYear": "2016",
        "period": "Q1",
        "revenue": 164272000,
        "costOfRevenue": 96153000,
        "grossProfit": 68119000,
        "grossProfitRatio": 0.4146720074,
        "researchAndDevelopmentExpenses": 0,
        "generalAndAdministrativeExpenses": 42255000,
        "sellingAndMarketingExpenses": 0,
        "sellingGeneralAndAdministrativeExpenses": 42255000,
        "otherExpenses": 1006000,
        "operatingExpenses": 43261000,
        "costAndExpenses": 139414000,
        "interestIncome": 0,
        "interestExpense": 391000,
        "depreciationAndAmortization": 1006000,
        "ebitda": 26094000,
        "ebitdaratio": 0.1588463037,
        "operatingIncome": 24858000,
        "operatingIncomeRatio": 0.1513221973,
        "totalOtherIncomeExpensesNet": -161000,
        "incomeBeforeTax": 24697000,
        "incomeBeforeTaxRatio": 0.1503421155,
        "incomeTaxExpense": 9882000,
        "netIncome": 14815000,
        "netIncomeRatio": 0.0901857894,
        "eps": 0.38,
        "epsdiluted": 0.38,
        "weightedAverageShsOut": 38891000,
        "weightedAverageShsOutDil": 38956000,
        "link": "https://www.sec.gov/Archives/edgar/data/1578732/000119312516583007/0001193125-16-583007-index.htm",
        "finalLink": "https://www.sec.gov/Archives/edgar/data/1578732/000119312516583007/d176277d10q.htm"
    },
    {
        "date": "2015-12-31",
        "symbol": "MMI",
        "reportedCurrency": "USD",
        "cik": "0001578732",
        "fillingDate": "2016-03-15",
        "acceptedDate": "2016-03-15 06:09:58",
        "calendarYear": "2015",
        "period": "Q4",
        "revenue": 203156000,
        "costOfRevenue": 129664000,
        "grossProfit": 73492000,
        "grossProfitRatio": 0.3617515604,
        "researchAndDevelopmentExpenses": 0,
        "generalAndAdministrativeExpenses": 38646000,
        "sellingAndMarketingExpenses": 0,
        "sellingGeneralAndAdministrativeExpenses": 38646000,
        "otherExpenses": 916000,
        "operatingExpenses": 39562000,
        "costAndExpenses": 169226000,
        "interestIncome": 0,
        "interestExpense": 377000,
        "depreciationAndAmortization": 916000,
        "ebitda": 35266000,
        "ebitdaratio": 0.1735907382,
        "operatingIncome": 33930000,
        "operatingIncomeRatio": 0.167014511,
        "totalOtherIncomeExpensesNet": 43000,
        "incomeBeforeTax": 33973000,
        "incomeBeforeTaxRatio": 0.167226171,
        "incomeTaxExpense": 14024000,
        "netIncome": 19949000,
        "netIncomeRatio": 0.0981954754,
        "eps": 0.51,
        "epsdiluted": 0.51,
        "weightedAverageShsOut": 38788000,
        "weightedAverageShsOutDil": 39132000,
        "link": "https://www.sec.gov/Archives/edgar/data/1578732/000119312516504193/0001193125-16-504193-index.htm",
        "finalLink": "https://www.sec.gov/Archives/edgar/data/1578732/000119312516504193/d119729d10k.htm"
    },
    {
        "date": "2015-09-30",
        "symbol": "MMI",
        "reportedCurrency": "USD",
        "cik": "0001578732",
        "fillingDate": "2015-11-09",
        "acceptedDate": "2015-11-06 17:38:40",
        "calendarYear": "2015",
        "period": "Q3",
        "revenue": 165876000,
        "costOfRevenue": 102010000,
        "grossProfit": 63866000,
        "grossProfitRatio": 0.385022547,
        "researchAndDevelopmentExpenses": 0,
        "generalAndAdministrativeExpenses": 35646000,
        "sellingAndMarketingExpenses": 0,
        "sellingGeneralAndAdministrativeExpenses": 35646000,
        "otherExpenses": 802000,
        "operatingExpenses": 36448000,
        "costAndExpenses": 138458000,
        "interestIncome": 0,
        "interestExpense": 380000,
        "depreciationAndAmortization": 802000,
        "ebitda": 27756000,
        "ebitdaratio": 0.1673298126,
        "operatingIncome": 27418000,
        "operatingIncomeRatio": 0.1652921459,
        "totalOtherIncomeExpensesNet": -844000,
        "incomeBeforeTax": 26574000,
        "incomeBeforeTaxRatio": 0.1602040078,
        "incomeTaxExpense": 11398000,
        "netIncome": 15176000,
        "netIncomeRatio": 0.0914900287,
        "eps": 0.39,
        "epsdiluted": 0.39,
        "weightedAverageShsOut": 38890000,
        "weightedAverageShsOutDil": 39160000,
        "link": "https://www.sec.gov/Archives/edgar/data/1578732/000119312515370437/0001193125-15-370437-index.htm",
        "finalLink": "https://www.sec.gov/Archives/edgar/data/1578732/000119312515370437/d23354d10q.htm"
    },
    {
        "date": "2015-06-30",
        "symbol": "MMI",
        "reportedCurrency": "USD",
        "cik": "0001578732",
        "fillingDate": "2015-08-10",
        "acceptedDate": "2015-08-07 17:34:36",
        "calendarYear": "2015",
        "period": "Q2",
        "revenue": 173482000,
        "costOfRevenue": 105557000,
        "grossProfit": 67925000,
        "grossProfitRatio": 0.3915391799,
        "researchAndDevelopmentExpenses": 0,
        "generalAndAdministrativeExpenses": 37589000,
        "sellingAndMarketingExpenses": 0,
        "sellingGeneralAndAdministrativeExpenses": 37589000,
        "otherExpenses": 807000,
        "operatingExpenses": 38396000,
        "costAndExpenses": 143953000,
        "interestIncome": 0,
        "interestExpense": 386000,
        "depreciationAndAmortization": 807000,
        "ebitda": 30698000,
        "ebitdaratio": 0.1769520757,
        "operatingIncome": 29529000,
        "operatingIncomeRatio": 0.1702136245,
        "totalOtherIncomeExpensesNet": -24000,
        "incomeBeforeTax": 29505000,
        "incomeBeforeTaxRatio": 0.1700752816,
        "incomeTaxExpense": 11949000,
        "netIncome": 17556000,
        "netIncomeRatio": 0.1011978188,
        "eps": 0.45,
        "epsdiluted": 0.45,
        "weightedAverageShsOut": 38870000,
        "weightedAverageShsOutDil": 39057000,
        "link": "https://www.sec.gov/Archives/edgar/data/1578732/000119312515283323/0001193125-15-283323-index.htm",
        "finalLink": "https://www.sec.gov/Archives/edgar/data/1578732/000119312515283323/d937168d10q.htm"
    },
    {
        "date": "2015-03-31",
        "symbol": "MMI",
        "reportedCurrency": "USD",
        "cik": "0001578732",
        "fillingDate": "2015-05-11",
        "acceptedDate": "2015-05-08 19:31:04",
        "calendarYear": "2015",
        "period": "Q1",
        "revenue": 146541000,
        "costOfRevenue": 86158000,
        "grossProfit": 60383000,
        "grossProfitRatio": 0.4120553292,
        "researchAndDevelopmentExpenses": 0,
        "generalAndAdministrativeExpenses": 35829000,
        "sellingAndMarketingExpenses": 0,
        "sellingGeneralAndAdministrativeExpenses": 35829000,
        "otherExpenses": 780000,
        "operatingExpenses": 36609000,
        "costAndExpenses": 122767000,
        "interestIncome": 0,
        "interestExpense": 583000,
        "depreciationAndAmortization": 780000,
        "ebitda": 24679000,
        "ebitdaratio": 0.168410206,
        "operatingIncome": 23774000,
        "operatingIncomeRatio": 0.16223446,
        "totalOtherIncomeExpensesNet": -458000,
        "incomeBeforeTax": 23316000,
        "incomeBeforeTaxRatio": 0.1591090548,
        "incomeTaxExpense": 9647000,
        "netIncome": 13669000,
        "netIncomeRatio": 0.0932776493,
        "eps": 0.35,
        "epsdiluted": 0.35,
        "weightedAverageShsOut": 39029000,
        "weightedAverageShsOutDil": 39152000,
        "link": "https://www.sec.gov/Archives/edgar/data/1578732/000119312515180041/0001193125-15-180041-index.htm",
        "finalLink": "https://www.sec.gov/Archives/edgar/data/1578732/000119312515180041/d899611d10q.htm"
    },
    {
        "date": "2014-12-31",
        "symbol": "MMI",
        "reportedCurrency": "USD",
        "cik": "0001578732",
        "fillingDate": "2015-03-09",
        "acceptedDate": "2015-03-09 16:12:21",
        "calendarYear": "2014",
        "period": "Q4",
        "revenue": 172444000,
        "costOfRevenue": 109836000,
        "grossProfit": 62608000,
        "grossProfitRatio": 0.3630627914,
        "researchAndDevelopmentExpenses": 0,
        "generalAndAdministrativeExpenses": 34704000,
        "sellingAndMarketingExpenses": 0,
        "sellingGeneralAndAdministrativeExpenses": 34704000,
        "otherExpenses": 807000,
        "operatingExpenses": 35511000,
        "costAndExpenses": 145347000,
        "interestIncome": 0,
        "interestExpense": 449000,
        "depreciationAndAmortization": 807000,
        "ebitda": 27971000,
        "ebitdaratio": 0.162203382,
        "operatingIncome": 27097000,
        "operatingIncomeRatio": 0.1571350699,
        "totalOtherIncomeExpensesNet": -382000,
        "incomeBeforeTax": 26715000,
        "incomeBeforeTaxRatio": 0.154919858,
        "incomeTaxExpense": 10285000,
        "netIncome": 16430000,
        "netIncomeRatio": 0.0952773074,
        "eps": 0.42,
        "epsdiluted": 0.42,
        "weightedAverageShsOut": 38865000,
        "weightedAverageShsOutDil": 39080000,
        "link": "https://www.sec.gov/Archives/edgar/data/1578732/000119312515083184/0001193125-15-083184-index.htm",
        "finalLink": "https://www.sec.gov/Archives/edgar/data/1578732/000119312515083184/d835508d10k.htm"
    },
    {
        "date": "2014-09-30",
        "symbol": "MMI",
        "reportedCurrency": "USD",
        "cik": "0001578732",
        "fillingDate": "2014-11-10",
        "acceptedDate": "2014-11-10 10:02:19",
        "calendarYear": "2014",
        "period": "Q3",
        "revenue": 150889000,
        "costOfRevenue": 92269000,
        "grossProfit": 58620000,
        "grossProfitRatio": 0.3884975048,
        "researchAndDevelopmentExpenses": 0,
        "generalAndAdministrativeExpenses": 34086000,
        "sellingAndMarketingExpenses": 0,
        "sellingGeneralAndAdministrativeExpenses": 34086000,
        "otherExpenses": 813000,
        "operatingExpenses": 34899000,
        "costAndExpenses": 127168000,
        "interestIncome": 0,
        "interestExpense": 397000,
        "depreciationAndAmortization": 813000,
        "ebitda": 24226000,
        "ebitdaratio": 0.16055511,
        "operatingIncome": 23721000,
        "operatingIncomeRatio": 0.1572082789,
        "totalOtherIncomeExpensesNet": -705000,
        "incomeBeforeTax": 23016000,
        "incomeBeforeTaxRatio": 0.1525359702,
        "incomeTaxExpense": 9493000,
        "netIncome": 13523000,
        "netIncomeRatio": 0.0896221726,
        "eps": 0.35,
        "epsdiluted": 0.35,
        "weightedAverageShsOut": 38847000,
        "weightedAverageShsOutDil": 39011000,
        "link": "https://www.sec.gov/Archives/edgar/data/1578732/000119312514404925/0001193125-14-404925-index.htm",
        "finalLink": "https://www.sec.gov/Archives/edgar/data/1578732/000119312514404925/d805102d10q.htm"
    },
    {
        "date": "2014-06-30",
        "symbol": "MMI",
        "reportedCurrency": "USD",
        "cik": "0001578732",
        "fillingDate": "2014-08-14",
        "acceptedDate": "2014-08-13 18:48:16",
        "calendarYear": "2014",
        "period": "Q2",
        "revenue": 134265000,
        "costOfRevenue": 79601000,
        "grossProfit": 54664000,
        "grossProfitRatio": 0.4071351432,
        "researchAndDevelopmentExpenses": 0,
        "generalAndAdministrativeExpenses": 32127000,
        "sellingAndMarketingExpenses": 0,
        "sellingGeneralAndAdministrativeExpenses": 32127000,
        "otherExpenses": 811000,
        "operatingExpenses": 32938000,
        "costAndExpenses": 112539000,
        "interestIncome": 0,
        "interestExpense": 401000,
        "depreciationAndAmortization": 811000,
        "ebitda": 22867000,
        "ebitdaratio": 0.1703124418,
        "operatingIncome": 21726000,
        "operatingIncomeRatio": 0.1618143224,
        "totalOtherIncomeExpensesNet": -71000,
        "incomeBeforeTax": 21655000,
        "incomeBeforeTaxRatio": 0.1612855174,
        "incomeTaxExpense": 8859000,
        "netIncome": 12796000,
        "netIncomeRatio": 0.0953040629,
        "eps": 0.33,
        "epsdiluted": 0.33,
        "weightedAverageShsOut": 38847000,
        "weightedAverageShsOutDil": 38926000,
        "link": "https://www.sec.gov/Archives/edgar/data/1578732/000119312514308723/0001193125-14-308723-index.htm",
        "finalLink": "https://www.sec.gov/Archives/edgar/data/1578732/000119312514308723/d746093d10q.htm"
    },
    {
        "date": "2014-03-31",
        "symbol": "MMI",
        "reportedCurrency": "USD",
        "cik": "0001578732",
        "fillingDate": "2014-05-15",
        "acceptedDate": "2014-05-14 20:46:54",
        "calendarYear": "2014",
        "period": "Q1",
        "revenue": 114590000,
        "costOfRevenue": 68396000,
        "grossProfit": 46194000,
        "grossProfitRatio": 0.4031241819,
        "researchAndDevelopmentExpenses": 0,
        "generalAndAdministrativeExpenses": 33357000,
        "sellingAndMarketingExpenses": 0,
        "sellingGeneralAndAdministrativeExpenses": 33357000,
        "otherExpenses": 775000,
        "operatingExpenses": 34132000,
        "costAndExpenses": 102528000,
        "interestIncome": 0,
        "interestExpense": 404000,
        "depreciationAndAmortization": 775000,
        "ebitda": 12776000,
        "ebitdaratio": 0.1114931495,
        "operatingIncome": 12062000,
        "operatingIncomeRatio": 0.1052622393,
        "totalOtherIncomeExpensesNet": -465000,
        "incomeBeforeTax": 11597000,
        "incomeBeforeTaxRatio": 0.1012042936,
        "incomeTaxExpense": 4815000,
        "netIncome": 6782000,
        "netIncomeRatio": 0.0591849202,
        "eps": 0.17,
        "epsdiluted": 0.17,
        "weightedAverageShsOut": 38847000,
        "weightedAverageShsOutDil": 38907000,
        "link": "https://www.sec.gov/Archives/edgar/data/1578732/000119312514199606/0001193125-14-199606-index.htm",
        "finalLink": "https://www.sec.gov/Archives/edgar/data/1578732/000119312514199606/d714779d10q.htm"
    },
    {
        "date": "2013-12-31",
        "symbol": "MMI",
        "reportedCurrency": "USD",
        "cik": "0001578732",
        "fillingDate": "2014-03-21",
        "acceptedDate": "2014-03-21 17:20:35",
        "calendarYear": "2013",
        "period": "Q4",
        "revenue": 149101000,
        "costOfRevenue": 94242000,
        "grossProfit": 54859000,
        "grossProfitRatio": 0.3679318046,
        "researchAndDevelopmentExpenses": 0,
        "generalAndAdministrativeExpenses": 62242000,
        "sellingAndMarketingExpenses": 0,
        "sellingGeneralAndAdministrativeExpenses": 62242000,
        "otherExpenses": 782000,
        "operatingExpenses": 63024000,
        "costAndExpenses": 157266000,
        "interestIncome": 0,
        "interestExpense": 0,
        "depreciationAndAmortization": 782000,
        "ebitda": -7383000,
        "ebitdaratio": -0.0495167705,
        "operatingIncome": -8165000,
        "operatingIncomeRatio": -0.0547615375,
        "totalOtherIncomeExpensesNet": 159000,
        "incomeBeforeTax": -8006000,
        "incomeBeforeTaxRatio": -0.0536951462,
        "incomeTaxExpense": 710000,
        "netIncome": -8716000,
        "netIncomeRatio": -0.0584570191,
        "eps": -0.22,
        "epsdiluted": -0.22,
        "weightedAverageShsOut": 38787000,
        "weightedAverageShsOutDil": 38815000,
        "link": "https://www.sec.gov/Archives/edgar/data/1578732/000119312514110596/0001193125-14-110596-index.htm",
        "finalLink": "https://www.sec.gov/Archives/edgar/data/1578732/000119312514110596/d662128d10k.htm"
    },
    {
        "date": "2013-09-30",
        "symbol": "MMI",
        "reportedCurrency": "USD",
        "cik": "0001578732",
        "fillingDate": "2013-11-22",
        "acceptedDate": "2013-11-22 16:00:27",
        "calendarYear": "2013",
        "period": "Q3",
        "revenue": 111953000,
        "costOfRevenue": 67718000,
        "grossProfit": 44235000,
        "grossProfitRatio": 0.3951211669,
        "researchAndDevelopmentExpenses": 0,
        "generalAndAdministrativeExpenses": 30863000,
        "sellingAndMarketingExpenses": 0,
        "sellingGeneralAndAdministrativeExpenses": 30863000,
        "otherExpenses": 747000,
        "operatingExpenses": 31610000,
        "costAndExpenses": 99328000,
        "interestIncome": 0,
        "interestExpense": 0,
        "depreciationAndAmortization": 747000,
        "ebitda": 13619000,
        "ebitdaratio": 0.1216492635,
        "operatingIncome": 12625000,
        "operatingIncomeRatio": 0.1127705376,
        "totalOtherIncomeExpensesNet": 247000,
        "incomeBeforeTax": 12872000,
        "incomeBeforeTaxRatio": 0.1149768206,
        "incomeTaxExpense": 5597000,
        "netIncome": 7275000,
        "netIncomeRatio": 0.0649826266,
        "eps": 0.2,
        "epsdiluted": 0.2,
        "weightedAverageShsOut": 35700897,
        "weightedAverageShsOutDil": 35700897,
        "link": "https://www.sec.gov/Archives/edgar/data/1578732/000119312513451310/0001193125-13-451310-index.htm",
        "finalLink": "https://www.sec.gov/Archives/edgar/data/1578732/000119312513451310/d600966d10q.htm"
    },
    {
        "date": "2013-06-30",
        "symbol": "MMI",
        "reportedCurrency": "USD",
        "cik": "0001578732",
        "fillingDate": "2013-06-30",
        "acceptedDate": "2013-06-29 20:00:00",
        "calendarYear": "2013",
        "period": "Q2",
        "revenue": 105471000,
        "costOfRevenue": 61456000,
        "grossProfit": 44015000,
        "grossProfitRatio": 0.4173185046,
        "researchAndDevelopmentExpenses": 0,
        "generalAndAdministrativeExpenses": 29092000,
        "sellingAndMarketingExpenses": 0,
        "sellingGeneralAndAdministrativeExpenses": 29092000,
        "otherExpenses": 754000,
        "operatingExpenses": 29846000,
        "costAndExpenses": 91302000,
        "interestIncome": 0,
        "interestExpense": 0,
        "depreciationAndAmortization": 754000,
        "ebitda": 14930000,
        "ebitdaratio": 0.1415554987,
        "operatingIncome": 14169000,
        "operatingIncomeRatio": 0.1343402452,
        "totalOtherIncomeExpensesNet": 7000,
        "incomeBeforeTax": 14176000,
        "incomeBeforeTaxRatio": 0.1344066141,
        "incomeTaxExpense": 6167000,
        "netIncome": 8009000,
        "netIncomeRatio": 0.0759355652,
        "eps": 0.21,
        "epsdiluted": 0.21,
        "weightedAverageShsOut": 37946639,
        "weightedAverageShsOutDil": 37946639,
        "link": "",
        "finalLink": ""
    },
    {
        "date": "2013-03-31",
        "symbol": "MMI",
        "reportedCurrency": "USD",
        "cik": "0001578732",
        "fillingDate": "2013-03-31",
        "acceptedDate": "2013-03-31 00:00:00",
        "calendarYear": "2013",
        "period": "Q1",
        "revenue": 69370000,
        "costOfRevenue": 41221000,
        "grossProfit": 28149000,
        "grossProfitRatio": 0.4057805968,
        "researchAndDevelopmentExpenses": 0,
        "generalAndAdministrativeExpenses": 24732000,
        "sellingAndMarketingExpenses": 0,
        "sellingGeneralAndAdministrativeExpenses": 24732000,
        "otherExpenses": 760000,
        "operatingExpenses": 25492000,
        "costAndExpenses": 66713000,
        "interestIncome": 0,
        "interestExpense": 0,
        "depreciationAndAmortization": 760000,
        "ebitda": 3659000,
        "ebitdaratio": 0.0527461439,
        "operatingIncome": 2657000,
        "operatingIncomeRatio": 0.0383018596,
        "totalOtherIncomeExpensesNet": 242000,
        "incomeBeforeTax": 2899000,
        "incomeBeforeTaxRatio": 0.0417903993,
        "incomeTaxExpense": 1261000,
        "netIncome": 1638000,
        "netIncomeRatio": 0.0236125126,
        "eps": 0.0432,
        "epsdiluted": 0.0432,
        "weightedAverageShsOut": 37946639,
        "weightedAverageShsOutDil": 37946639,
        "link": "",
        "finalLink": ""
    },
    {
        "date": "2012-12-31",
        "symbol": "MMI",
        "reportedCurrency": "USD",
        "cik": "0001578732",
        "fillingDate": "2012-12-31",
        "acceptedDate": "2012-12-30 19:00:00",
        "calendarYear": "2012",
        "period": "Q4",
        "revenue": 147638000,
        "costOfRevenue": 91345000,
        "grossProfit": 56293000,
        "grossProfitRatio": 0.3812907246,
        "researchAndDevelopmentExpenses": 0,
        "generalAndAdministrativeExpenses": 32572000,
        "sellingAndMarketingExpenses": 0,
        "sellingGeneralAndAdministrativeExpenses": 32572000,
        "otherExpenses": 754000,
        "operatingExpenses": 33326000,
        "costAndExpenses": 124671000,
        "interestIncome": 0,
        "interestExpense": 0,
        "depreciationAndAmortization": 754000,
        "ebitda": 23721000,
        "ebitdaratio": 0.1606700172,
        "operatingIncome": 22967000,
        "operatingIncomeRatio": 0.155562931,
        "totalOtherIncomeExpensesNet": 109000,
        "incomeBeforeTax": 23076000,
        "incomeBeforeTaxRatio": 0.1563012233,
        "incomeTaxExpense": 10038000,
        "netIncome": 13038000,
        "netIncomeRatio": 0.0883105975,
        "eps": 0.34,
        "epsdiluted": 0.34,
        "weightedAverageShsOut": 37946639,
        "weightedAverageShsOutDil": 37946639,
        "link": "",
        "finalLink": ""
    },
    {
        "date": "2012-09-30",
        "symbol": "MMI",
        "reportedCurrency": "USD",
        "cik": "0001578732",
        "fillingDate": "2012-09-30",
        "acceptedDate": "2012-09-29 20:00:00",
        "calendarYear": "2012",
        "period": "Q3",
        "revenue": 91228000,
        "costOfRevenue": 54194000,
        "grossProfit": 37034000,
        "grossProfitRatio": 0.4059499277,
        "researchAndDevelopmentExpenses": 0,
        "generalAndAdministrativeExpenses": 25007000,
        "sellingAndMarketingExpenses": 0,
        "sellingGeneralAndAdministrativeExpenses": 25007000,
        "otherExpenses": 732000,
        "operatingExpenses": 25739000,
        "costAndExpenses": 79933000,
        "interestIncome": 0,
        "interestExpense": 0,
        "depreciationAndAmortization": 732000,
        "ebitda": 12027000,
        "ebitdaratio": 0.1318345245,
        "operatingIncome": 11295000,
        "operatingIncomeRatio": 0.1238106722,
        "totalOtherIncomeExpensesNet": 41000,
        "incomeBeforeTax": 11336000,
        "incomeBeforeTaxRatio": 0.1242600956,
        "incomeTaxExpense": 4931000,
        "netIncome": 6405000,
        "netIncomeRatio": 0.0702087079,
        "eps": 0.17,
        "epsdiluted": 0.17,
        "weightedAverageShsOut": 37946639,
        "weightedAverageShsOutDil": 37946639,
        "link": "",
        "finalLink": ""
    }
]