[
    {
        "date": "2025-06-27",
        "symbol": "MNK",
        "reportedCurrency": "USD",
        "cik": "0001567892",
        "fillingDate": "2025-08-06",
        "acceptedDate": "2025-08-06 06:34:39",
        "calendarYear": "2025",
        "period": "Q2",
        "revenue": 485100000,
        "costOfRevenue": 253300000,
        "grossProfit": 231800000,
        "grossProfitRatio": 0.4778396207,
        "researchAndDevelopmentExpenses": 23600000,
        "generalAndAdministrativeExpenses": 0,
        "sellingAndMarketingExpenses": 0,
        "sellingGeneralAndAdministrativeExpenses": 150600000,
        "otherExpenses": 0,
        "operatingExpenses": 174200000,
        "costAndExpenses": 427500000,
        "interestIncome": 5900000,
        "interestExpense": 32600000,
        "depreciationAndAmortization": 0,
        "ebitda": 33000000,
        "ebitdaratio": 0.0680272109,
        "operatingIncome": 33000000,
        "operatingIncomeRatio": 0.0680272109,
        "totalOtherIncomeExpensesNet": -20000000,
        "incomeBeforeTax": 13000000,
        "incomeBeforeTaxRatio": 0.0267985982,
        "incomeTaxExpense": 10700000,
        "netIncome": 2400000,
        "netIncomeRatio": 0.0049474335,
        "eps": 0.12,
        "epsdiluted": 0.12,
        "weightedAverageShsOut": 19700000,
        "weightedAverageShsOutDil": 20100000,
        "link": "https://www.sec.gov/Archives/edgar/data/1567892/000156789225000040/0001567892-25-000040-index.htm",
        "finalLink": "https://www.sec.gov/Archives/edgar/data/1567892/000156789225000040/mnk-20250627.htm"
    },
    {
        "date": "2025-03-28",
        "symbol": "MNK",
        "reportedCurrency": "USD",
        "cik": "0001567892",
        "fillingDate": "2025-05-12",
        "acceptedDate": "2025-05-12 06:17:39",
        "calendarYear": "2025",
        "period": "Q1",
        "revenue": 419900000,
        "costOfRevenue": 217000000,
        "grossProfit": 202900000,
        "grossProfitRatio": 0.4832102882,
        "researchAndDevelopmentExpenses": 20500000,
        "generalAndAdministrativeExpenses": 0,
        "sellingAndMarketingExpenses": 0,
        "sellingGeneralAndAdministrativeExpenses": 147500000,
        "otherExpenses": 0,
        "operatingExpenses": 168000000,
        "costAndExpenses": 385000000,
        "interestIncome": 5800000,
        "interestExpense": 32800000,
        "depreciationAndAmortization": 22500000,
        "ebitda": 31300000,
        "ebitdaratio": 0.0745415575,
        "operatingIncome": 15000000,
        "operatingIncomeRatio": 0.0357227911,
        "totalOtherIncomeExpensesNet": -39000000,
        "incomeBeforeTax": -24000000,
        "incomeBeforeTaxRatio": -0.0571564658,
        "incomeTaxExpense": 3900000,
        "netIncome": -27700000,
        "netIncomeRatio": -0.0659680876,
        "eps": -1.41,
        "epsdiluted": -1.41,
        "weightedAverageShsOut": 19700000,
        "weightedAverageShsOutDil": 19700000,
        "link": "https://www.sec.gov/Archives/edgar/data/1567892/000156789225000024/0001567892-25-000024-index.htm",
        "finalLink": "https://www.sec.gov/Archives/edgar/data/1567892/000156789225000024/mnk-20250328.htm"
    },
    {
        "date": "2024-12-27",
        "symbol": "MNK",
        "reportedCurrency": "USD",
        "cik": "0001567892",
        "fillingDate": "2025-03-13",
        "acceptedDate": "2025-03-13 13:51:27",
        "calendarYear": "2024",
        "period": "Q4",
        "revenue": 893637000,
        "costOfRevenue": 530302000,
        "grossProfit": 363335000,
        "grossProfitRatio": 0.4065800767,
        "researchAndDevelopmentExpenses": 48287000,
        "generalAndAdministrativeExpenses": -10728000,
        "sellingAndMarketingExpenses": 0,
        "sellingGeneralAndAdministrativeExpenses": 150300000,
        "otherExpenses": 125071000,
        "operatingExpenses": 323658000,
        "costAndExpenses": 853960000,
        "interestIncome": 10166000,
        "interestExpense": 100638000,
        "depreciationAndAmortization": 102671000,
        "ebitda": 873854000,
        "ebitdaratio": 0.9778623759,
        "operatingIncome": 9678000,
        "operatingIncomeRatio": 0.0108299007,
        "totalOtherIncomeExpensesNet": 642428000,
        "incomeBeforeTax": 652106000,
        "incomeBeforeTaxRatio": 0.7297213522,
        "incomeTaxExpense": 116536000,
        "netIncome": 536770000,
        "netIncomeRatio": 0.6006577615,
        "eps": 27.75,
        "epsdiluted": 27.63,
        "weightedAverageShsOut": 19700000,
        "weightedAverageShsOutDil": 19800000,
        "link": "https://www.sec.gov/Archives/edgar/data/1567892/000156789225000010/0001567892-25-000010-index.htm",
        "finalLink": "https://www.sec.gov/Archives/edgar/data/1567892/000156789225000010/mnk-20241227.htm"
    },
    {
        "date": "2024-09-27",
        "symbol": "MNK",
        "reportedCurrency": "USD",
        "cik": "0001567892",
        "fillingDate": "2024-11-05",
        "acceptedDate": "2024-11-05 06:46:09",
        "calendarYear": "2024",
        "period": "Q3",
        "revenue": 505500000,
        "costOfRevenue": 284400000,
        "grossProfit": 221100000,
        "grossProfitRatio": 0.437388724,
        "researchAndDevelopmentExpenses": 28200000,
        "generalAndAdministrativeExpenses": 0,
        "sellingAndMarketingExpenses": 0,
        "sellingGeneralAndAdministrativeExpenses": 141200000,
        "otherExpenses": 0,
        "operatingExpenses": 169400000,
        "costAndExpenses": 453800000,
        "interestIncome": 7400000,
        "interestExpense": 59000000,
        "depreciationAndAmortization": 7684000,
        "ebitda": 36400000,
        "ebitdaratio": 0.072007913,
        "operatingIncome": 36400000,
        "operatingIncomeRatio": 0.072007913,
        "totalOtherIncomeExpensesNet": -55400000,
        "incomeBeforeTax": -19000000,
        "incomeBeforeTaxRatio": -0.037586548,
        "incomeTaxExpense": 7200000,
        "netIncome": -26200000,
        "netIncomeRatio": -0.0518298714,
        "eps": -1.33,
        "epsdiluted": -1.33,
        "weightedAverageShsOut": 19700000,
        "weightedAverageShsOutDil": 19700000,
        "link": "https://www.sec.gov/Archives/edgar/data/1567892/000156789224000041/0001567892-24-000041-index.htm",
        "finalLink": "https://www.sec.gov/Archives/edgar/data/1567892/000156789224000041/mnk-20240927.htm"
    },
    {
        "date": "2024-06-28",
        "symbol": "MNK",
        "reportedCurrency": "USD",
        "cik": "0001567892",
        "fillingDate": "2024-08-06",
        "acceptedDate": "2024-08-06 06:47:10",
        "calendarYear": "2024",
        "period": "Q2",
        "revenue": 514299999,
        "costOfRevenue": 319299999,
        "grossProfit": 195000000,
        "grossProfitRatio": 0.3791561353,
        "researchAndDevelopmentExpenses": 29200000,
        "generalAndAdministrativeExpenses": 0,
        "sellingAndMarketingExpenses": 0,
        "sellingGeneralAndAdministrativeExpenses": 127900000,
        "otherExpenses": 0,
        "operatingExpenses": 157100000,
        "costAndExpenses": 476399999,
        "interestIncome": 6000000,
        "interestExpense": 59400000,
        "depreciationAndAmortization": 4655000,
        "ebitda": 27400000,
        "ebitdaratio": 0.053276298,
        "operatingIncome": 27400000,
        "operatingIncomeRatio": 0.053276298,
        "totalOtherIncomeExpensesNet": -56900000,
        "incomeBeforeTax": -29500000,
        "incomeBeforeTaxRatio": -0.0573595179,
        "incomeTaxExpense": 13900000,
        "netIncome": -43300000,
        "netIncomeRatio": -0.0841921059,
        "eps": -2.2,
        "epsdiluted": -2.2,
        "weightedAverageShsOut": 19700000,
        "weightedAverageShsOutDil": 19700000,
        "link": "https://www.sec.gov/Archives/edgar/data/1567892/000156789224000030/0001567892-24-000030-index.htm",
        "finalLink": "https://www.sec.gov/Archives/edgar/data/1567892/000156789224000030/mnk-20240628.htm"
    },
    {
        "date": "2024-03-29",
        "symbol": "MNK",
        "reportedCurrency": "USD",
        "cik": "0001567892",
        "fillingDate": "2024-05-09",
        "acceptedDate": "2024-05-09 06:47:30",
        "calendarYear": "2024",
        "period": "Q1",
        "revenue": 66263000,
        "costOfRevenue": 18598000,
        "grossProfit": 47665000,
        "grossProfitRatio": 0.7193305465,
        "researchAndDevelopmentExpenses": 10013000,
        "generalAndAdministrativeExpenses": 10728000,
        "sellingAndMarketingExpenses": 11601000,
        "sellingGeneralAndAdministrativeExpenses": 22329000,
        "otherExpenses": 0,
        "operatingExpenses": 32342000,
        "costAndExpenses": 50940000,
        "interestIncome": 3434000,
        "interestExpense": 9262000,
        "depreciationAndAmortization": 2190000,
        "ebitda": 22346000,
        "ebitdaratio": 0.3372319394,
        "operatingIncome": 16722000,
        "operatingIncomeRatio": 0.2523580279,
        "totalOtherIncomeExpensesNet": -5828000,
        "incomeBeforeTax": 10894000,
        "incomeBeforeTaxRatio": 0.1644054752,
        "incomeTaxExpense": 264000,
        "netIncome": 10630000,
        "netIncomeRatio": 0.1604213513,
        "eps": 0.04,
        "epsdiluted": 0.04,
        "weightedAverageShsOut": 270356000,
        "weightedAverageShsOutDil": 324733000,
        "link": "https://www.sec.gov/Archives/edgar/data/1567892/000156789224000017/0001567892-24-000017-index.htm",
        "finalLink": "https://www.sec.gov/Archives/edgar/data/1567892/000156789224000017/mnk-20240329.htm"
    },
    {
        "date": "2023-12-29",
        "symbol": "MNK",
        "reportedCurrency": "USD",
        "cik": "0001567892",
        "fillingDate": "2024-03-26",
        "acceptedDate": "2024-03-26 16:03:44",
        "calendarYear": "2023",
        "period": "Q4",
        "revenue": -751891000,
        "costOfRevenue": -696383000,
        "grossProfit": -55508000,
        "grossProfitRatio": 0.0738245304,
        "researchAndDevelopmentExpenses": -36006000,
        "generalAndAdministrativeExpenses": 32000000,
        "sellingAndMarketingExpenses": 38336000,
        "sellingGeneralAndAdministrativeExpenses": -185264000,
        "otherExpenses": 2315000,
        "operatingExpenses": -218955000,
        "costAndExpenses": -915338000,
        "interestIncome": 4826000,
        "interestExpense": 310728000,
        "depreciationAndAmortization": 2063000,
        "ebitda": 146787000,
        "ebitdaratio": -0.1952237758,
        "operatingIncome": 171481000,
        "operatingIncomeRatio": -0.2280663022,
        "totalOtherIncomeExpensesNet": 178221000,
        "incomeBeforeTax": 487702000,
        "incomeBeforeTaxRatio": -0.648633911,
        "incomeTaxExpense": -495739000,
        "netIncome": 983441000,
        "netIncomeRatio": -1.3079568714,
        "eps": 5.59,
        "epsdiluted": 4.83,
        "weightedAverageShsOut": 267014000,
        "weightedAverageShsOutDil": 267014000,
        "link": "https://www.sec.gov/Archives/edgar/data/1567892/000156789224000008/0001567892-24-000008-index.htm",
        "finalLink": "https://www.sec.gov/Archives/edgar/data/1567892/000156789224000008/mnk-20231229.htm"
    },
    {
        "date": "2023-09-29",
        "symbol": "MNK",
        "reportedCurrency": "USD",
        "cik": "0001567892",
        "fillingDate": "2023-11-07",
        "acceptedDate": "2023-11-07 06:01:39",
        "calendarYear": "2023",
        "period": "Q3",
        "revenue": 51253000,
        "costOfRevenue": 14254000,
        "grossProfit": 36999000,
        "grossProfitRatio": 0.7218894504,
        "researchAndDevelopmentExpenses": 9989000,
        "generalAndAdministrativeExpenses": 10538000,
        "sellingAndMarketingExpenses": 13440000,
        "sellingGeneralAndAdministrativeExpenses": 23978000,
        "otherExpenses": 0,
        "operatingExpenses": 33967000,
        "costAndExpenses": 48221000,
        "interestIncome": 1580000,
        "interestExpense": 11289000,
        "depreciationAndAmortization": -280342000,
        "ebitda": -274921000,
        "ebitdaratio": -5.363998205,
        "operatingIncome": 5097000,
        "operatingIncomeRatio": 0.0994478372,
        "totalOtherIncomeExpensesNet": 0,
        "incomeBeforeTax": 1721000,
        "incomeBeforeTaxRatio": 0.0335785222,
        "incomeTaxExpense": 0,
        "netIncome": 1721000,
        "netIncomeRatio": 0.0335785222,
        "eps": 0.01,
        "epsdiluted": 0.01,
        "weightedAverageShsOut": 268732000,
        "weightedAverageShsOutDil": 323770000,
        "link": "https://www.sec.gov/Archives/edgar/data/1567892/000156789223000041/0001567892-23-000041-index.htm",
        "finalLink": "https://www.sec.gov/Archives/edgar/data/1567892/000156789223000041/mnk-20230929.htm"
    },
    {
        "date": "2023-06-30",
        "symbol": "MNK",
        "reportedCurrency": "USD",
        "cik": "0001567892",
        "fillingDate": "2023-08-09",
        "acceptedDate": "2023-08-09 06:46:29",
        "calendarYear": "2023",
        "period": "Q2",
        "revenue": 475000000,
        "costOfRevenue": 370100000,
        "grossProfit": 104900000,
        "grossProfitRatio": 0.2208421053,
        "researchAndDevelopmentExpenses": 29000000,
        "generalAndAdministrativeExpenses": 0,
        "sellingAndMarketingExpenses": 0,
        "sellingGeneralAndAdministrativeExpenses": 132700000,
        "otherExpenses": -1200000,
        "operatingExpenses": 161700000,
        "costAndExpenses": 531800000,
        "interestIncome": 4700000,
        "interestExpense": 162600000,
        "depreciationAndAmortization": 141100000,
        "ebitda": 87800000,
        "ebitdaratio": 0.1848421053,
        "operatingIncome": -56600000,
        "operatingIncomeRatio": -0.1191578947,
        "totalOtherIncomeExpensesNet": -163100000,
        "incomeBeforeTax": -219700000,
        "incomeBeforeTaxRatio": -0.4625263158,
        "incomeTaxExpense": 528100000,
        "netIncome": -747800000,
        "netIncomeRatio": -1.5743157895,
        "eps": -4.23,
        "epsdiluted": -3.66,
        "weightedAverageShsOut": 176766000,
        "weightedAverageShsOutDil": 204285000,
        "link": "https://www.sec.gov/Archives/edgar/data/1567892/000156789223000032/0001567892-23-000032-index.htm",
        "finalLink": "https://www.sec.gov/Archives/edgar/data/1567892/000156789223000032/mnk-20230630.htm"
    },
    {
        "date": "2023-03-31",
        "symbol": "MNK",
        "reportedCurrency": "USD",
        "cik": "0001567892",
        "fillingDate": "2023-05-09",
        "acceptedDate": "2023-05-09 06:51:13",
        "calendarYear": "2023",
        "period": "Q1",
        "revenue": 424600000,
        "costOfRevenue": 374800000,
        "grossProfit": 49800000,
        "grossProfitRatio": 0.1172868582,
        "researchAndDevelopmentExpenses": 28300000,
        "generalAndAdministrativeExpenses": 0,
        "sellingAndMarketingExpenses": 0,
        "sellingGeneralAndAdministrativeExpenses": 122900000,
        "otherExpenses": 0,
        "operatingExpenses": 151200000,
        "costAndExpenses": 526000000,
        "interestIncome": 4700000,
        "interestExpense": 162000000,
        "depreciationAndAmortization": 145100000,
        "ebitda": 33800000,
        "ebitdaratio": 0.0796043335,
        "operatingIncome": -111300000,
        "operatingIncomeRatio": -0.2621290626,
        "totalOtherIncomeExpensesNet": -30800000,
        "incomeBeforeTax": -280100000,
        "incomeBeforeTaxRatio": -0.6596796985,
        "incomeTaxExpense": -30800000,
        "netIncome": -249300000,
        "netIncomeRatio": -0.5871408384,
        "eps": -1.41,
        "epsdiluted": -1.22,
        "weightedAverageShsOut": 176766000,
        "weightedAverageShsOutDil": 204285000,
        "link": "https://www.sec.gov/Archives/edgar/data/1567892/000156789223000023/0001567892-23-000023-index.htm",
        "finalLink": "https://www.sec.gov/Archives/edgar/data/1567892/000156789223000023/mnk-20230331.htm"
    },
    {
        "date": "2022-12-30",
        "symbol": "MNK",
        "reportedCurrency": "USD",
        "cik": "0001567892",
        "fillingDate": "2023-03-03",
        "acceptedDate": "2023-03-03 14:47:11",
        "calendarYear": "2022",
        "period": "Q4",
        "revenue": 574300000,
        "costOfRevenue": 541100000,
        "grossProfit": 33200000,
        "grossProfitRatio": 0.0578095072,
        "researchAndDevelopmentExpenses": 35900000,
        "generalAndAdministrativeExpenses": 0,
        "sellingAndMarketingExpenses": 0,
        "sellingGeneralAndAdministrativeExpenses": 160900000,
        "otherExpenses": 0,
        "operatingExpenses": 196800000,
        "costAndExpenses": 737900000,
        "interestIncome": 2600000,
        "interestExpense": 176300000,
        "depreciationAndAmortization": 150600000,
        "ebitda": 4700000,
        "ebitdaratio": 0.008183876,
        "operatingIncome": -145900000,
        "operatingIncomeRatio": -0.2540484068,
        "totalOtherIncomeExpensesNet": -194200000,
        "incomeBeforeTax": -340100000,
        "incomeBeforeTaxRatio": -0.592199199,
        "incomeTaxExpense": -27100000,
        "netIncome": -313000000,
        "netIncomeRatio": -0.5450113181,
        "eps": -1.77,
        "epsdiluted": -1.53,
        "weightedAverageShsOut": 176766000,
        "weightedAverageShsOutDil": 204285000,
        "link": "https://www.sec.gov/Archives/edgar/data/1567892/000156789223000014/0001567892-23-000014-index.htm",
        "finalLink": "https://www.sec.gov/Archives/edgar/data/1567892/000156789223000014/mnk-20221230.htm"
    },
    {
        "date": "2022-09-30",
        "symbol": "MNK",
        "reportedCurrency": "USD",
        "cik": "0001567892",
        "fillingDate": "2022-09-30",
        "acceptedDate": "2022-09-30 00:00:00",
        "calendarYear": "2022",
        "period": "Q3",
        "revenue": 465400000,
        "costOfRevenue": 449900000,
        "grossProfit": 15500000,
        "grossProfitRatio": 0.0333046841,
        "researchAndDevelopmentExpenses": 28300000,
        "generalAndAdministrativeExpenses": 0,
        "sellingAndMarketingExpenses": 0,
        "sellingGeneralAndAdministrativeExpenses": 129200000,
        "otherExpenses": 0,
        "operatingExpenses": 157500000,
        "costAndExpenses": 607400000,
        "interestIncome": 1300000,
        "interestExpense": 148000000,
        "depreciationAndAmortization": 196900000,
        "ebitda": 51100000,
        "ebitdaratio": 0.1097980232,
        "operatingIncome": -145800000,
        "operatingIncomeRatio": -0.3132788999,
        "totalOtherIncomeExpensesNet": -166000000,
        "incomeBeforeTax": -310200000,
        "incomeBeforeTaxRatio": -0.6665234207,
        "incomeTaxExpense": -24900000,
        "netIncome": -285300000,
        "netIncomeRatio": -0.6130210572,
        "eps": -1.61,
        "epsdiluted": -1.4,
        "weightedAverageShsOut": 176766000,
        "weightedAverageShsOutDil": 204285000,
        "link": null,
        "finalLink": null
    },
    {
        "date": "2022-06-30",
        "symbol": "MNK",
        "reportedCurrency": "USD",
        "cik": "0001567892",
        "fillingDate": "2022-06-30",
        "acceptedDate": "2022-06-30 00:00:00",
        "calendarYear": "2022",
        "period": "Q2",
        "revenue": 383700000,
        "costOfRevenue": 266800000,
        "grossProfit": 116900000,
        "grossProfitRatio": 0.3046651029,
        "researchAndDevelopmentExpenses": 28300000,
        "generalAndAdministrativeExpenses": 0,
        "sellingAndMarketingExpenses": 0,
        "sellingGeneralAndAdministrativeExpenses": 122800000,
        "otherExpenses": 0,
        "operatingExpenses": 151100000,
        "costAndExpenses": 417900000,
        "interestIncome": 200000,
        "interestExpense": 50400000,
        "depreciationAndAmortization": 144600000,
        "ebitda": 100100000,
        "ebitdaratio": 0.2608808965,
        "operatingIncome": -44500000,
        "operatingIncomeRatio": -0.1159760229,
        "totalOtherIncomeExpensesNet": -648200000,
        "incomeBeforeTax": -685200000,
        "incomeBeforeTaxRatio": -1.7857701329,
        "incomeTaxExpense": -491400000,
        "netIncome": -193800000,
        "netIncomeRatio": -0.5050820954,
        "eps": -2.29,
        "epsdiluted": -2.29,
        "weightedAverageShsOut": 84800000,
        "weightedAverageShsOutDil": 84800000,
        "link": null,
        "finalLink": null
    },
    {
        "date": "2022-03-31",
        "symbol": "MNK",
        "reportedCurrency": "USD",
        "cik": "0001567892",
        "fillingDate": "2022-03-31",
        "acceptedDate": "2022-03-31 00:00:00",
        "calendarYear": "2022",
        "period": "Q1",
        "revenue": 490900000,
        "costOfRevenue": 315200000,
        "grossProfit": 175700000,
        "grossProfitRatio": 0.3579140354,
        "researchAndDevelopmentExpenses": 37200000,
        "generalAndAdministrativeExpenses": 0,
        "sellingAndMarketingExpenses": 0,
        "sellingGeneralAndAdministrativeExpenses": 152500000,
        "otherExpenses": 0,
        "operatingExpenses": 189700000,
        "costAndExpenses": 504900000,
        "interestIncome": 400000,
        "interestExpense": 58200000,
        "depreciationAndAmortization": 177200000,
        "ebitda": 159500000,
        "ebitdaratio": 0.3249134243,
        "operatingIncome": -17700000,
        "operatingIncomeRatio": -0.0360562233,
        "totalOtherIncomeExpensesNet": -108400000,
        "incomeBeforeTax": -126100000,
        "incomeBeforeTaxRatio": -0.2568751273,
        "incomeTaxExpense": -5900000,
        "netIncome": -120200000,
        "netIncomeRatio": -0.2448563862,
        "eps": -1.42,
        "epsdiluted": -1.42,
        "weightedAverageShsOut": 84700000,
        "weightedAverageShsOutDil": 84700000,
        "link": null,
        "finalLink": null
    },
    {
        "date": "2021-12-31",
        "symbol": "MNK",
        "reportedCurrency": "USD",
        "cik": "0001567892",
        "fillingDate": "2021-12-31",
        "acceptedDate": "2021-12-31 00:00:00",
        "calendarYear": "2021",
        "period": "Q4",
        "revenue": 597200000,
        "costOfRevenue": 358700000,
        "grossProfit": 238500000,
        "grossProfitRatio": 0.3993636973,
        "researchAndDevelopmentExpenses": 38900000,
        "generalAndAdministrativeExpenses": 0,
        "sellingAndMarketingExpenses": 0,
        "sellingGeneralAndAdministrativeExpenses": 173500000,
        "otherExpenses": 0,
        "operatingExpenses": 212400000,
        "costAndExpenses": 571100000,
        "interestIncome": 0,
        "interestExpense": 61900000,
        "depreciationAndAmortization": 169700000,
        "ebitda": 32200000,
        "ebitdaratio": 0.0539182853,
        "operatingIncome": -73700000,
        "operatingIncomeRatio": -0.1234092431,
        "totalOtherIncomeExpensesNet": -154800000,
        "incomeBeforeTax": -228500000,
        "incomeBeforeTaxRatio": -0.3826188881,
        "incomeTaxExpense": -24400000,
        "netIncome": -204000000,
        "netIncomeRatio": -0.3415941058,
        "eps": -2.41,
        "epsdiluted": -2.41,
        "weightedAverageShsOut": 84700000,
        "weightedAverageShsOutDil": 84700000,
        "link": null,
        "finalLink": null
    },
    {
        "date": "2021-09-30",
        "symbol": "MNK",
        "reportedCurrency": "USD",
        "cik": "0001567892",
        "fillingDate": "2021-09-30",
        "acceptedDate": "2021-09-30 00:00:00",
        "calendarYear": "2021",
        "period": "Q3",
        "revenue": 507200000,
        "costOfRevenue": 319200000,
        "grossProfit": 188000000,
        "grossProfitRatio": 0.3706624606,
        "researchAndDevelopmentExpenses": 47300000,
        "generalAndAdministrativeExpenses": 0,
        "sellingAndMarketingExpenses": 0,
        "sellingGeneralAndAdministrativeExpenses": 127300000,
        "otherExpenses": 0,
        "operatingExpenses": 174600000,
        "costAndExpenses": 493800000,
        "interestIncome": 0,
        "interestExpense": 48700000,
        "depreciationAndAmortization": 506100000,
        "ebitda": 516000000,
        "ebitdaratio": 1.0173501577,
        "operatingIncome": -122600000,
        "operatingIncomeRatio": -0.2417192429,
        "totalOtherIncomeExpensesNet": -178400000,
        "incomeBeforeTax": -301000000,
        "incomeBeforeTaxRatio": -0.5934542587,
        "incomeTaxExpense": -32000000,
        "netIncome": -263700000,
        "netIncomeRatio": -0.5199132492,
        "eps": -3.11,
        "epsdiluted": -3.11,
        "weightedAverageShsOut": 84700000,
        "weightedAverageShsOutDil": 84700000,
        "link": null,
        "finalLink": null
    },
    {
        "date": "2021-06-30",
        "symbol": "MNK",
        "reportedCurrency": "USD",
        "cik": "0001567892",
        "fillingDate": "2021-06-30",
        "acceptedDate": "2021-06-30 00:00:00",
        "calendarYear": "2021",
        "period": "Q2",
        "revenue": 546400000,
        "costOfRevenue": 331600000,
        "grossProfit": 214800000,
        "grossProfitRatio": 0.3931185944,
        "researchAndDevelopmentExpenses": 52800000,
        "generalAndAdministrativeExpenses": 0,
        "sellingAndMarketingExpenses": 0,
        "sellingGeneralAndAdministrativeExpenses": 145000000,
        "otherExpenses": 0,
        "operatingExpenses": 197800000,
        "costAndExpenses": 529400000,
        "interestIncome": 0,
        "interestExpense": 52400000,
        "depreciationAndAmortization": 168000000,
        "ebitda": 196300000,
        "ebitdaratio": 0.3592606149,
        "operatingIncome": 10900000,
        "operatingIncomeRatio": 0.0199487555,
        "totalOtherIncomeExpensesNet": -150600000,
        "incomeBeforeTax": -139700000,
        "incomeBeforeTaxRatio": -0.2556734993,
        "incomeTaxExpense": -33500000,
        "netIncome": -105800000,
        "netIncomeRatio": -0.1936310395,
        "eps": -1.25,
        "epsdiluted": -1.25,
        "weightedAverageShsOut": 84700000,
        "weightedAverageShsOutDil": 84700000,
        "link": null,
        "finalLink": null
    },
    {
        "date": "2021-03-31",
        "symbol": "MNK",
        "reportedCurrency": "USD",
        "cik": "0001567892",
        "fillingDate": "2021-03-31",
        "acceptedDate": "2021-03-31 00:00:00",
        "calendarYear": "2021",
        "period": "Q1",
        "revenue": 558000000,
        "costOfRevenue": 307600000,
        "grossProfit": 250400000,
        "grossProfitRatio": 0.4487455197,
        "researchAndDevelopmentExpenses": 66200000,
        "generalAndAdministrativeExpenses": 0,
        "sellingAndMarketingExpenses": 0,
        "sellingGeneralAndAdministrativeExpenses": 136000000,
        "otherExpenses": 0,
        "operatingExpenses": 202200000,
        "costAndExpenses": 509800000,
        "interestIncome": 1900000,
        "interestExpense": 59600000,
        "depreciationAndAmortization": 169600000,
        "ebitda": 227800000,
        "ebitdaratio": 0.4082437276,
        "operatingIncome": -17500000,
        "operatingIncomeRatio": -0.0313620072,
        "totalOtherIncomeExpensesNet": -143100000,
        "incomeBeforeTax": -160600000,
        "incomeBeforeTaxRatio": -0.2878136201,
        "incomeTaxExpense": -16400000,
        "netIncome": -143900000,
        "netIncomeRatio": -0.2578853047,
        "eps": -1.7,
        "epsdiluted": -1.7,
        "weightedAverageShsOut": 84600000,
        "weightedAverageShsOutDil": 84600000,
        "link": null,
        "finalLink": null
    },
    {
        "date": "2020-12-31",
        "symbol": "MNK",
        "reportedCurrency": "USD",
        "cik": "0001567892",
        "fillingDate": "2020-12-31",
        "acceptedDate": "2020-12-31 00:00:00",
        "calendarYear": "2020",
        "period": "Q4",
        "revenue": 682800000,
        "costOfRevenue": 372300000,
        "grossProfit": 310500000,
        "grossProfitRatio": 0.454745167,
        "researchAndDevelopmentExpenses": 65000000,
        "generalAndAdministrativeExpenses": 0,
        "sellingAndMarketingExpenses": 0,
        "sellingGeneralAndAdministrativeExpenses": 200900000,
        "otherExpenses": 0,
        "operatingExpenses": 265900000,
        "costAndExpenses": 638200000,
        "interestIncome": 500000,
        "interestExpense": 60200000,
        "depreciationAndAmortization": 209700000,
        "ebitda": 261100000,
        "ebitdaratio": 0.3823960164,
        "operatingIncome": 38700000,
        "operatingIncomeRatio": 0.0566783831,
        "totalOtherIncomeExpensesNet": -114800000,
        "incomeBeforeTax": -76100000,
        "incomeBeforeTaxRatio": -0.1114528412,
        "incomeTaxExpense": 78100000,
        "netIncome": -152900000,
        "netIncomeRatio": -0.2239308729,
        "eps": -1.81,
        "epsdiluted": -1.81,
        "weightedAverageShsOut": 84600000,
        "weightedAverageShsOutDil": 84600000,
        "link": null,
        "finalLink": null
    },
    {
        "date": "2020-09-30",
        "symbol": "MNK",
        "reportedCurrency": "USD",
        "cik": "0001567892",
        "fillingDate": "2020-09-30",
        "acceptedDate": "2020-09-30 00:00:00",
        "calendarYear": "2020",
        "period": "Q3",
        "revenue": 698300000,
        "costOfRevenue": 403000000,
        "grossProfit": 295300000,
        "grossProfitRatio": 0.4228841472,
        "researchAndDevelopmentExpenses": 65500000,
        "generalAndAdministrativeExpenses": 0,
        "sellingAndMarketingExpenses": 0,
        "sellingGeneralAndAdministrativeExpenses": 220800000,
        "otherExpenses": 0,
        "operatingExpenses": 286300000,
        "costAndExpenses": 689300000,
        "interestIncome": 900000,
        "interestExpense": 62200000,
        "depreciationAndAmortization": 236100000,
        "ebitda": 9900000,
        "ebitdaratio": 0.0141772877,
        "operatingIncome": 41500000,
        "operatingIncomeRatio": 0.0594300444,
        "totalOtherIncomeExpensesNet": -61300000,
        "incomeBeforeTax": -19800000,
        "incomeBeforeTaxRatio": -0.0283545754,
        "incomeTaxExpense": -211600000,
        "netIncome": 191600000,
        "netIncomeRatio": 0.2743806387,
        "eps": 2.26,
        "epsdiluted": 2.26,
        "weightedAverageShsOut": 84600000,
        "weightedAverageShsOutDil": 84600000,
        "link": null,
        "finalLink": null
    },
    {
        "date": "2020-06-30",
        "symbol": "MNK",
        "reportedCurrency": "USD",
        "cik": "0001567892",
        "fillingDate": "2020-06-30",
        "acceptedDate": "2020-06-30 00:00:00",
        "calendarYear": "2020",
        "period": "Q2",
        "revenue": 166500000,
        "costOfRevenue": 386700000,
        "grossProfit": -220200000,
        "grossProfitRatio": -1.3225225225,
        "researchAndDevelopmentExpenses": 82900000,
        "generalAndAdministrativeExpenses": 0,
        "sellingAndMarketingExpenses": 0,
        "sellingGeneralAndAdministrativeExpenses": 231300000,
        "otherExpenses": -600000,
        "operatingExpenses": 314200000,
        "costAndExpenses": 700900000,
        "interestIncome": 1000000,
        "interestExpense": 64200000,
        "depreciationAndAmortization": 216300000,
        "ebitda": -317700000,
        "ebitdaratio": -1.9081081081,
        "operatingIncome": -725500000,
        "operatingIncomeRatio": -4.3573573574,
        "totalOtherIncomeExpensesNet": -63800000,
        "incomeBeforeTax": -789300000,
        "incomeBeforeTaxRatio": -4.7405405405,
        "incomeTaxExpense": 161300000,
        "netIncome": -933100000,
        "netIncomeRatio": -5.6042042042,
        "eps": -11.04,
        "epsdiluted": -11.04,
        "weightedAverageShsOut": 84500000,
        "weightedAverageShsOutDil": 84500000,
        "link": null,
        "finalLink": null
    },
    {
        "date": "2020-03-31",
        "symbol": "MNK",
        "reportedCurrency": "USD",
        "cik": "0001567892",
        "fillingDate": "2020-03-31",
        "acceptedDate": "2020-03-31 00:00:00",
        "calendarYear": "2020",
        "period": "Q1",
        "revenue": 665800000,
        "costOfRevenue": 382000000,
        "grossProfit": 283800000,
        "grossProfitRatio": 0.4262541304,
        "researchAndDevelopmentExpenses": 77400000,
        "generalAndAdministrativeExpenses": 0,
        "sellingAndMarketingExpenses": 0,
        "sellingGeneralAndAdministrativeExpenses": 231100000,
        "otherExpenses": 1700000,
        "operatingExpenses": 308500000,
        "costAndExpenses": 690500000,
        "interestIncome": 3500000,
        "interestExpense": 74500000,
        "depreciationAndAmortization": 223100000,
        "ebitda": 203600000,
        "ebitdaratio": 0.3057975368,
        "operatingIncome": -6300000,
        "operatingIncomeRatio": -0.009462301,
        "totalOtherIncomeExpensesNet": -69300000,
        "incomeBeforeTax": -75600000,
        "incomeBeforeTaxRatio": -0.1135476119,
        "incomeTaxExpense": -18900000,
        "netIncome": -50200000,
        "netIncomeRatio": -0.0753980174,
        "eps": -0.6,
        "epsdiluted": -0.6,
        "weightedAverageShsOut": 84200000,
        "weightedAverageShsOutDil": 84200000,
        "link": null,
        "finalLink": null
    },
    {
        "date": "2019-12-31",
        "symbol": "MNK",
        "reportedCurrency": "USD",
        "cik": "0001567892",
        "fillingDate": "2019-12-31",
        "acceptedDate": "2019-12-31 00:00:00",
        "calendarYear": "2019",
        "period": "Q4",
        "revenue": 804900000,
        "costOfRevenue": 431800000,
        "grossProfit": 373100000,
        "grossProfitRatio": 0.463535843,
        "researchAndDevelopmentExpenses": 81400000,
        "generalAndAdministrativeExpenses": 0,
        "sellingAndMarketingExpenses": 0,
        "sellingGeneralAndAdministrativeExpenses": 169200000,
        "otherExpenses": 0,
        "operatingExpenses": 250600000,
        "costAndExpenses": 682400000,
        "interestIncome": 2900000,
        "interestExpense": 77200000,
        "depreciationAndAmortization": 227600000,
        "ebitda": 149600000,
        "ebitdaratio": 0.1858615977,
        "operatingIncome": -1816000000,
        "operatingIncomeRatio": -2.256180892,
        "totalOtherIncomeExpensesNet": 327300000,
        "incomeBeforeTax": -1488700000,
        "incomeBeforeTaxRatio": -1.8495465275,
        "incomeTaxExpense": -327700000,
        "netIncome": -1157100000,
        "netIncomeRatio": -1.4375698845,
        "eps": -13.76,
        "epsdiluted": -13.76,
        "weightedAverageShsOut": 84100000,
        "weightedAverageShsOutDil": 84100000,
        "link": null,
        "finalLink": null
    },
    {
        "date": "2019-09-30",
        "symbol": "MNK",
        "reportedCurrency": "USD",
        "cik": "0001567892",
        "fillingDate": "2019-09-30",
        "acceptedDate": "2019-09-30 00:00:00",
        "calendarYear": "2019",
        "period": "Q3",
        "revenue": 743700000,
        "costOfRevenue": 419400000,
        "grossProfit": 324300000,
        "grossProfitRatio": 0.4360629286,
        "researchAndDevelopmentExpenses": 103100000,
        "generalAndAdministrativeExpenses": 0,
        "sellingAndMarketingExpenses": 0,
        "sellingGeneralAndAdministrativeExpenses": 205700000,
        "otherExpenses": 0,
        "operatingExpenses": 308800000,
        "costAndExpenses": 728200000,
        "interestIncome": 2900000,
        "interestExpense": 77600000,
        "depreciationAndAmortization": 234900000,
        "ebitda": 291200000,
        "ebitdaratio": 0.3915557348,
        "operatingIncome": 8300000,
        "operatingIncomeRatio": 0.0111604141,
        "totalOtherIncomeExpensesNet": -36800000,
        "incomeBeforeTax": -28500000,
        "incomeBeforeTaxRatio": -0.038321904,
        "incomeTaxExpense": -27600000,
        "netIncome": -1100000,
        "netIncomeRatio": -0.001479091,
        "eps": -0.0131,
        "epsdiluted": -0.0131,
        "weightedAverageShsOut": 84000000,
        "weightedAverageShsOutDil": 84000000,
        "link": null,
        "finalLink": null
    },
    {
        "date": "2019-06-30",
        "symbol": "MNK",
        "reportedCurrency": "USD",
        "cik": "0001567892",
        "fillingDate": "2019-06-30",
        "acceptedDate": "2019-06-30 00:00:00",
        "calendarYear": "2019",
        "period": "Q2",
        "revenue": 823300000,
        "costOfRevenue": 434400000,
        "grossProfit": 388900000,
        "grossProfitRatio": 0.4723673023,
        "researchAndDevelopmentExpenses": 79600000,
        "generalAndAdministrativeExpenses": 0,
        "sellingAndMarketingExpenses": 0,
        "sellingGeneralAndAdministrativeExpenses": 225900000,
        "otherExpenses": 0,
        "operatingExpenses": 305500000,
        "costAndExpenses": 739900000,
        "interestIncome": 2200000,
        "interestExpense": 71500000,
        "depreciationAndAmortization": 241000000,
        "ebitda": 401000000,
        "ebitdaratio": 0.4870642536,
        "operatingIncome": -29900000,
        "operatingIncomeRatio": -0.0363172598,
        "totalOtherIncomeExpensesNet": 5100000,
        "incomeBeforeTax": -24800000,
        "incomeBeforeTaxRatio": -0.030122677,
        "incomeTaxExpense": -24300000,
        "netIncome": 6800000,
        "netIncomeRatio": 0.0082594437,
        "eps": 0.08,
        "epsdiluted": 0.08,
        "weightedAverageShsOut": 83800000,
        "weightedAverageShsOutDil": 83800000,
        "link": null,
        "finalLink": null
    },
    {
        "date": "2019-03-31",
        "symbol": "MNK",
        "reportedCurrency": "USD",
        "cik": "0001567892",
        "fillingDate": "2019-03-31",
        "acceptedDate": "2019-03-31 00:00:00",
        "calendarYear": "2019",
        "period": "Q1",
        "revenue": 790600000,
        "costOfRevenue": 455500000,
        "grossProfit": 335100000,
        "grossProfitRatio": 0.4238552998,
        "researchAndDevelopmentExpenses": 85300000,
        "generalAndAdministrativeExpenses": 0,
        "sellingAndMarketingExpenses": 0,
        "sellingGeneralAndAdministrativeExpenses": 230200000,
        "otherExpenses": 0,
        "operatingExpenses": 315500000,
        "costAndExpenses": 771000000,
        "interestIncome": 1500000,
        "interestExpense": 82700000,
        "depreciationAndAmortization": 247600000,
        "ebitda": 285000000,
        "ebitdaratio": 0.3604857071,
        "operatingIncome": 15400000,
        "operatingIncomeRatio": 0.0194788768,
        "totalOtherIncomeExpensesNet": -64900000,
        "incomeBeforeTax": -49500000,
        "incomeBeforeTaxRatio": -0.0626106754,
        "incomeTaxExpense": -204700000,
        "netIncome": 154900000,
        "netIncomeRatio": 0.1959271439,
        "eps": 1.86,
        "epsdiluted": 1.83,
        "weightedAverageShsOut": 83500000,
        "weightedAverageShsOutDil": 84600000,
        "link": null,
        "finalLink": null
    },
    {
        "date": "2018-12-31",
        "symbol": "MNK",
        "reportedCurrency": "USD",
        "cik": "0001567892",
        "fillingDate": "2018-12-31",
        "acceptedDate": "2018-12-31 00:00:00",
        "calendarYear": "2018",
        "period": "Q4",
        "revenue": 834900000,
        "costOfRevenue": 471600000,
        "grossProfit": 363300000,
        "grossProfitRatio": 0.4351419332,
        "researchAndDevelopmentExpenses": 100400000,
        "generalAndAdministrativeExpenses": 0,
        "sellingAndMarketingExpenses": 0,
        "sellingGeneralAndAdministrativeExpenses": 239600000,
        "otherExpenses": 0,
        "operatingExpenses": 340000000,
        "costAndExpenses": 811600000,
        "interestIncome": 1600000,
        "interestExpense": 90100000,
        "depreciationAndAmortization": 255100000,
        "ebitda": 38000000,
        "ebitdaratio": 0.0455144329,
        "operatingIncome": -3869200000,
        "operatingIncomeRatio": -4.6343274644,
        "totalOtherIncomeExpensesNet": -75400000,
        "incomeBeforeTax": -3944600000,
        "incomeBeforeTaxRatio": -4.7246376812,
        "incomeTaxExpense": -226200000,
        "netIncome": -3718400000,
        "netIncomeRatio": -4.4537070308,
        "eps": -44.64,
        "epsdiluted": -44.64,
        "weightedAverageShsOut": 83300000,
        "weightedAverageShsOutDil": 83300000,
        "link": null,
        "finalLink": null
    },
    {
        "date": "2018-09-30",
        "symbol": "MNK",
        "reportedCurrency": "USD",
        "cik": "0001567892",
        "fillingDate": "2018-09-30",
        "acceptedDate": "2018-09-30 00:00:00",
        "calendarYear": "2018",
        "period": "Q3",
        "revenue": 640000000,
        "costOfRevenue": 326200000,
        "grossProfit": 313800000,
        "grossProfitRatio": 0.4903125,
        "researchAndDevelopmentExpenses": 78500000,
        "generalAndAdministrativeExpenses": 0,
        "sellingAndMarketingExpenses": 0,
        "sellingGeneralAndAdministrativeExpenses": 164000000,
        "otherExpenses": 0,
        "operatingExpenses": 242500000,
        "costAndExpenses": 568700000,
        "interestIncome": 2000000,
        "interestExpense": 93600000,
        "depreciationAndAmortization": 199900000,
        "ebitda": 286600000,
        "ebitdaratio": 0.4478125,
        "operatingIncome": 56000000,
        "operatingIncomeRatio": 0.0875,
        "totalOtherIncomeExpensesNet": -78200000,
        "incomeBeforeTax": -22200000,
        "incomeBeforeTaxRatio": -0.0346875,
        "incomeTaxExpense": -125200000,
        "netIncome": 113800000,
        "netIncomeRatio": 0.1778125,
        "eps": 1.37,
        "epsdiluted": 1.34,
        "weightedAverageShsOut": 83200000,
        "weightedAverageShsOutDil": 85000000,
        "link": null,
        "finalLink": null
    },
    {
        "date": "2018-06-30",
        "symbol": "MNK",
        "reportedCurrency": "USD",
        "cik": "0001567892",
        "fillingDate": "2018-06-30",
        "acceptedDate": "2018-06-30 00:00:00",
        "calendarYear": "2018",
        "period": "Q2",
        "revenue": 631700000,
        "costOfRevenue": 314700000,
        "grossProfit": 317000000,
        "grossProfitRatio": 0.5018204844,
        "researchAndDevelopmentExpenses": 81300000,
        "generalAndAdministrativeExpenses": 0,
        "sellingAndMarketingExpenses": 0,
        "sellingGeneralAndAdministrativeExpenses": 164300000,
        "otherExpenses": -500000,
        "operatingExpenses": 245600000,
        "costAndExpenses": 560300000,
        "interestIncome": 1400000,
        "interestExpense": 95100000,
        "depreciationAndAmortization": 198500000,
        "ebitda": 270800000,
        "ebitdaratio": 0.4286845021,
        "operatingIncome": 12700000,
        "operatingIncomeRatio": 0.02010448,
        "totalOtherIncomeExpensesNet": -94200000,
        "incomeBeforeTax": -81500000,
        "incomeBeforeTaxRatio": -0.1290169384,
        "incomeTaxExpense": -53400000,
        "netIncome": 15600000,
        "netIncomeRatio": 0.0246952667,
        "eps": 0.19,
        "epsdiluted": 0.19,
        "weightedAverageShsOut": 83200000,
        "weightedAverageShsOutDil": 83500000,
        "link": null,
        "finalLink": null
    },
    {
        "date": "2018-03-31",
        "symbol": "MNK",
        "reportedCurrency": "USD",
        "cik": "0001567892",
        "fillingDate": "2018-03-31",
        "acceptedDate": "2018-03-31 00:00:00",
        "calendarYear": "2018",
        "period": "Q1",
        "revenue": 572600000,
        "costOfRevenue": 295800000,
        "grossProfit": 276800000,
        "grossProfitRatio": 0.4834090115,
        "researchAndDevelopmentExpenses": 64100000,
        "generalAndAdministrativeExpenses": 0,
        "sellingAndMarketingExpenses": 0,
        "sellingGeneralAndAdministrativeExpenses": 192400000,
        "otherExpenses": 0,
        "operatingExpenses": 256500000,
        "costAndExpenses": 552300000,
        "interestIncome": 3200000,
        "interestExpense": 91400000,
        "depreciationAndAmortization": 198600000,
        "ebitda": 226700000,
        "ebitdaratio": 0.3959133776,
        "operatingIncome": -2800000,
        "operatingIncomeRatio": -0.0048899756,
        "totalOtherIncomeExpensesNet": -83600000,
        "incomeBeforeTax": -86400000,
        "incomeBeforeTaxRatio": -0.1508906741,
        "incomeTaxExpense": -43400000,
        "netIncome": -18000000,
        "netIncomeRatio": -0.0314355571,
        "eps": -0.21,
        "epsdiluted": -0.21,
        "weightedAverageShsOut": 86100000,
        "weightedAverageShsOutDil": 86100000,
        "link": null,
        "finalLink": null
    },
    {
        "date": "2017-12-31",
        "symbol": "MNK",
        "reportedCurrency": "USD",
        "cik": "0001567892",
        "fillingDate": "2017-12-31",
        "acceptedDate": "2017-12-31 00:00:00",
        "calendarYear": "2017",
        "period": "Q4",
        "revenue": 792300000,
        "costOfRevenue": 371300000,
        "grossProfit": 421000000,
        "grossProfitRatio": 0.5313643822,
        "researchAndDevelopmentExpenses": 86400000,
        "generalAndAdministrativeExpenses": 0,
        "sellingAndMarketingExpenses": 0,
        "sellingGeneralAndAdministrativeExpenses": 175000000,
        "otherExpenses": -200000,
        "operatingExpenses": 261400000,
        "costAndExpenses": 632700000,
        "interestIncome": 1800000,
        "interestExpense": 90100000,
        "depreciationAndAmortization": 201800000,
        "ebitda": 161200000,
        "ebitdaratio": 0.203458286,
        "operatingIncome": 97100000,
        "operatingIncomeRatio": 0.1225545879,
        "totalOtherIncomeExpensesNet": -88500000,
        "incomeBeforeTax": 8600000,
        "incomeBeforeTaxRatio": 0.0108544743,
        "incomeTaxExpense": -1598800000,
        "netIncome": 1608700000,
        "netIncomeRatio": 2.030417771,
        "eps": 17.45,
        "epsdiluted": 17.41,
        "weightedAverageShsOut": 92200000,
        "weightedAverageShsOutDil": 92400000,
        "link": null,
        "finalLink": null
    },
    {
        "date": "2017-09-30",
        "symbol": "MNK",
        "reportedCurrency": "USD",
        "cik": "0001567892",
        "fillingDate": "2017-09-30",
        "acceptedDate": "2017-09-30 00:00:00",
        "calendarYear": "2017",
        "period": "Q3",
        "revenue": 793900000,
        "costOfRevenue": 393300000,
        "grossProfit": 400600000,
        "grossProfitRatio": 0.5045975564,
        "researchAndDevelopmentExpenses": 59500000,
        "generalAndAdministrativeExpenses": 0,
        "sellingAndMarketingExpenses": 0,
        "sellingGeneralAndAdministrativeExpenses": 205700000,
        "otherExpenses": 0,
        "operatingExpenses": 265200000,
        "costAndExpenses": 658500000,
        "interestIncome": 1300000,
        "interestExpense": 92600000,
        "depreciationAndAmortization": 200500000,
        "ebitda": 340900000,
        "ebitdaratio": 0.4293991687,
        "operatingIncome": 120700000,
        "operatingIncomeRatio": 0.1520342612,
        "totalOtherIncomeExpensesNet": -87600000,
        "incomeBeforeTax": 33100000,
        "incomeBeforeTaxRatio": 0.0416929084,
        "incomeTaxExpense": -31200000,
        "netIncome": 63700000,
        "netIncomeRatio": 0.0802368056,
        "eps": 0.66,
        "epsdiluted": 0.66,
        "weightedAverageShsOut": 96700000,
        "weightedAverageShsOutDil": 97000000,
        "link": null,
        "finalLink": null
    },
    {
        "date": "2017-06-30",
        "symbol": "MNK",
        "reportedCurrency": "USD",
        "cik": "0001567892",
        "fillingDate": "2017-06-30",
        "acceptedDate": "2017-06-30 00:00:00",
        "calendarYear": "2017",
        "period": "Q2",
        "revenue": 824500000,
        "costOfRevenue": 408400000,
        "grossProfit": 416100000,
        "grossProfitRatio": 0.5046694967,
        "researchAndDevelopmentExpenses": 69200000,
        "generalAndAdministrativeExpenses": 0,
        "sellingAndMarketingExpenses": 0,
        "sellingGeneralAndAdministrativeExpenses": 232100000,
        "otherExpenses": 0,
        "operatingExpenses": 301300000,
        "costAndExpenses": 709700000,
        "interestIncome": 600000,
        "interestExpense": 92200000,
        "depreciationAndAmortization": 202000000,
        "ebitda": 327400000,
        "ebitdaratio": 0.3970891449,
        "operatingIncome": 112100000,
        "operatingIncomeRatio": 0.1359611886,
        "totalOtherIncomeExpensesNet": -81600000,
        "incomeBeforeTax": 30500000,
        "incomeBeforeTaxRatio": 0.0369921164,
        "incomeTaxExpense": -40100000,
        "netIncome": 62800000,
        "netIncomeRatio": 0.0761673742,
        "eps": 0.64,
        "epsdiluted": 0.64,
        "weightedAverageShsOut": 98500000,
        "weightedAverageShsOutDil": 98700000,
        "link": null,
        "finalLink": null
    },
    {
        "date": "2017-03-31",
        "symbol": "MNK",
        "reportedCurrency": "USD",
        "cik": "0001567892",
        "fillingDate": "2017-03-31",
        "acceptedDate": "2017-03-31 00:00:00",
        "calendarYear": "2017",
        "period": "Q1",
        "revenue": 810900000,
        "costOfRevenue": 392300000,
        "grossProfit": 418600000,
        "grossProfitRatio": 0.5162165495,
        "researchAndDevelopmentExpenses": 62200000,
        "generalAndAdministrativeExpenses": 0,
        "sellingAndMarketingExpenses": 0,
        "sellingGeneralAndAdministrativeExpenses": 308100000,
        "otherExpenses": 0,
        "operatingExpenses": 370300000,
        "costAndExpenses": 762600000,
        "interestIncome": 900000,
        "interestExpense": 94200000,
        "depreciationAndAmortization": 204000000,
        "ebitda": 245700000,
        "ebitdaratio": 0.3029966704,
        "operatingIncome": 90200000,
        "operatingIncomeRatio": 0.1112344309,
        "totalOtherIncomeExpensesNet": -100800000,
        "incomeBeforeTax": -10600000,
        "incomeBeforeTaxRatio": -0.0130718954,
        "incomeTaxExpense": -39500000,
        "netIncome": 399200000,
        "netIncomeRatio": 0.4922925145,
        "eps": 3.86,
        "epsdiluted": 3.85,
        "weightedAverageShsOut": 103300000,
        "weightedAverageShsOutDil": 103600000,
        "link": null,
        "finalLink": null
    },
    {
        "date": "2016-12-31",
        "symbol": "MNK",
        "reportedCurrency": "USD",
        "cik": "0001567892",
        "fillingDate": "2016-12-31",
        "acceptedDate": "2016-12-31 00:00:00",
        "calendarYear": "2016",
        "period": "Q4",
        "revenue": 829900000,
        "costOfRevenue": 384100000,
        "grossProfit": 445800000,
        "grossProfitRatio": 0.5371731534,
        "researchAndDevelopmentExpenses": 66200000,
        "generalAndAdministrativeExpenses": 0,
        "sellingAndMarketingExpenses": 0,
        "sellingGeneralAndAdministrativeExpenses": 368300000,
        "otherExpenses": -900000,
        "operatingExpenses": 434500000,
        "costAndExpenses": 818600000,
        "interestIncome": 500000,
        "interestExpense": 91300000,
        "depreciationAndAmortization": 203200000,
        "ebitda": 214100000,
        "ebitdaratio": 0.2579828895,
        "operatingIncome": -206800000,
        "operatingIncomeRatio": -0.249186649,
        "totalOtherIncomeExpensesNet": -91700000,
        "incomeBeforeTax": -298500000,
        "incomeBeforeTaxRatio": -0.3596818894,
        "incomeTaxExpense": -121700000,
        "netIncome": -153200000,
        "netIncomeRatio": -0.1846005543,
        "eps": -1.45,
        "epsdiluted": -1.45,
        "weightedAverageShsOut": 105700000,
        "weightedAverageShsOutDil": 105700000,
        "link": null,
        "finalLink": null
    },
    {
        "date": "2016-09-30",
        "symbol": "MNK",
        "reportedCurrency": "USD",
        "cik": "0001567892",
        "fillingDate": "2016-09-30",
        "acceptedDate": "2016-09-30 00:00:00",
        "calendarYear": "2016",
        "period": "Q3",
        "revenue": 887200000,
        "costOfRevenue": 397000000,
        "grossProfit": 490200000,
        "grossProfitRatio": 0.5525247971,
        "researchAndDevelopmentExpenses": 67900000,
        "generalAndAdministrativeExpenses": 0,
        "sellingAndMarketingExpenses": 0,
        "sellingGeneralAndAdministrativeExpenses": 267800000,
        "otherExpenses": -600000,
        "operatingExpenses": 335700000,
        "costAndExpenses": 732700000,
        "interestIncome": 500000,
        "interestExpense": 94000000,
        "depreciationAndAmortization": 209500000,
        "ebitda": 154400000,
        "ebitdaratio": 0.1740306583,
        "operatingIncome": 147700000,
        "operatingIncomeRatio": 0.1664788097,
        "totalOtherIncomeExpensesNet": -94100000,
        "incomeBeforeTax": 53600000,
        "incomeBeforeTaxRatio": 0.0604147881,
        "incomeTaxExpense": -56400000,
        "netIncome": 115000000,
        "netIncomeRatio": 0.1296212804,
        "eps": 1.07,
        "epsdiluted": 1.06,
        "weightedAverageShsOut": 107600000,
        "weightedAverageShsOutDil": 108600000,
        "link": null,
        "finalLink": null
    },
    {
        "date": "2016-06-30",
        "symbol": "MNK",
        "reportedCurrency": "USD",
        "cik": "0001567892",
        "fillingDate": "2016-06-30",
        "acceptedDate": "2016-06-30 00:00:00",
        "calendarYear": "2016",
        "period": "Q2",
        "revenue": 970600000,
        "costOfRevenue": 429300000,
        "grossProfit": 541300000,
        "grossProfitRatio": 0.5576962703,
        "researchAndDevelopmentExpenses": 76100000,
        "generalAndAdministrativeExpenses": 0,
        "sellingAndMarketingExpenses": 0,
        "sellingGeneralAndAdministrativeExpenses": 248400000,
        "otherExpenses": -1300000,
        "operatingExpenses": 324500000,
        "costAndExpenses": 753800000,
        "interestIncome": 400000,
        "interestExpense": 95600000,
        "depreciationAndAmortization": 207500000,
        "ebitda": 423400000,
        "ebitdaratio": 0.4362250155,
        "operatingIncome": 202900000,
        "operatingIncomeRatio": 0.209045951,
        "totalOtherIncomeExpensesNet": -96500000,
        "incomeBeforeTax": 106400000,
        "incomeBeforeTaxRatio": 0.1096229137,
        "incomeTaxExpense": -89300000,
        "netIncome": 199300000,
        "netIncomeRatio": 0.205336905,
        "eps": 1.84,
        "epsdiluted": 1.82,
        "weightedAverageShsOut": 108600000,
        "weightedAverageShsOutDil": 109400000,
        "link": null,
        "finalLink": null
    },
    {
        "date": "2016-03-31",
        "symbol": "MNK",
        "reportedCurrency": "USD",
        "cik": "0001567892",
        "fillingDate": "2016-03-31",
        "acceptedDate": "2016-03-31 00:00:00",
        "calendarYear": "2016",
        "period": "Q1",
        "revenue": 918000000,
        "costOfRevenue": 438400000,
        "grossProfit": 479600000,
        "grossProfitRatio": 0.5224400871,
        "researchAndDevelopmentExpenses": 58600000,
        "generalAndAdministrativeExpenses": 0,
        "sellingAndMarketingExpenses": 0,
        "sellingGeneralAndAdministrativeExpenses": 231200000,
        "otherExpenses": -700000,
        "operatingExpenses": 289800000,
        "costAndExpenses": 728200000,
        "interestIncome": 200000,
        "interestExpense": 97200000,
        "depreciationAndAmortization": 211500000,
        "ebitda": 400800000,
        "ebitdaratio": 0.4366013072,
        "operatingIncome": 164400000,
        "operatingIncomeRatio": 0.1790849673,
        "totalOtherIncomeExpensesNet": -97700000,
        "incomeBeforeTax": 66700000,
        "incomeBeforeTaxRatio": 0.0726579521,
        "incomeTaxExpense": -53600000,
        "netIncome": 118300000,
        "netIncomeRatio": 0.1288671024,
        "eps": 1.06,
        "epsdiluted": 1.06,
        "weightedAverageShsOut": 111100000,
        "weightedAverageShsOutDil": 112000000,
        "link": null,
        "finalLink": null
    },
    {
        "date": "2015-12-31",
        "symbol": "MNK",
        "reportedCurrency": "USD",
        "cik": "0001567892",
        "fillingDate": "2015-12-31",
        "acceptedDate": "2015-12-31 00:00:00",
        "calendarYear": "2015",
        "period": "Q4",
        "revenue": 914800000,
        "costOfRevenue": 423100000,
        "grossProfit": 491700000,
        "grossProfitRatio": 0.5374945343,
        "researchAndDevelopmentExpenses": 63600000,
        "generalAndAdministrativeExpenses": 0,
        "sellingAndMarketingExpenses": 0,
        "sellingGeneralAndAdministrativeExpenses": 242500000,
        "otherExpenses": 2000000,
        "operatingExpenses": 306100000,
        "costAndExpenses": 729200000,
        "interestIncome": 200000,
        "interestExpense": 97800000,
        "depreciationAndAmortization": 206000000,
        "ebitda": 393800000,
        "ebitdaratio": 0.4304766069,
        "operatingIncome": 179400000,
        "operatingIncomeRatio": 0.196108439,
        "totalOtherIncomeExpensesNet": -95600000,
        "incomeBeforeTax": 83800000,
        "incomeBeforeTaxRatio": 0.0916047223,
        "incomeTaxExpense": -32100000,
        "netIncome": 211100000,
        "netIncomeRatio": 0.230760822,
        "eps": 1.83,
        "epsdiluted": 1.82,
        "weightedAverageShsOut": 115400000,
        "weightedAverageShsOutDil": 116300000,
        "link": null,
        "finalLink": null
    },
    {
        "date": "2015-09-30",
        "symbol": "MNK",
        "reportedCurrency": "USD",
        "cik": "0001567892",
        "fillingDate": "2015-09-30",
        "acceptedDate": "2015-09-30 00:00:00",
        "calendarYear": "2015",
        "period": "Q3",
        "revenue": 882400000,
        "costOfRevenue": 400300000,
        "grossProfit": 482100000,
        "grossProfitRatio": 0.5463508613,
        "researchAndDevelopmentExpenses": 53900000,
        "generalAndAdministrativeExpenses": 0,
        "sellingAndMarketingExpenses": 0,
        "sellingGeneralAndAdministrativeExpenses": 302900000,
        "otherExpenses": 100000,
        "operatingExpenses": 356800000,
        "costAndExpenses": 757100000,
        "interestIncome": 300000,
        "interestExpense": 76900000,
        "depreciationAndAmortization": 191300000,
        "ebitda": 125700000,
        "ebitdaratio": 0.1424524025,
        "operatingIncome": 119200000,
        "operatingIncomeRatio": 0.1350861287,
        "totalOtherIncomeExpensesNet": -76500000,
        "incomeBeforeTax": 42700000,
        "incomeBeforeTaxRatio": 0.0483907525,
        "incomeTaxExpense": -47300000,
        "netIncome": 75200000,
        "netIncomeRatio": 0.0852221215,
        "eps": 0.64,
        "epsdiluted": 0.63,
        "weightedAverageShsOut": 116500000,
        "weightedAverageShsOutDil": 117800000,
        "link": null,
        "finalLink": null
    },
    {
        "date": "2015-06-30",
        "symbol": "MNK",
        "reportedCurrency": "USD",
        "cik": "0001567892",
        "fillingDate": "2015-06-30",
        "acceptedDate": "2015-06-30 00:00:00",
        "calendarYear": "2015",
        "period": "Q2",
        "revenue": 965100000,
        "costOfRevenue": 431600000,
        "grossProfit": 533500000,
        "grossProfitRatio": 0.5527924567,
        "researchAndDevelopmentExpenses": 45000000,
        "generalAndAdministrativeExpenses": 0,
        "sellingAndMarketingExpenses": 0,
        "sellingGeneralAndAdministrativeExpenses": 332700000,
        "otherExpenses": -500000,
        "operatingExpenses": 377700000,
        "costAndExpenses": 809300000,
        "interestIncome": 200000,
        "interestExpense": 72500000,
        "depreciationAndAmortization": 180000000,
        "ebitda": 335500000,
        "ebitdaratio": 0.3476323697,
        "operatingIncome": 133600000,
        "operatingIncomeRatio": 0.1384312506,
        "totalOtherIncomeExpensesNet": -72800000,
        "incomeBeforeTax": 60800000,
        "incomeBeforeTaxRatio": 0.062998653,
        "incomeTaxExpense": 3300000,
        "netIncome": 58000000,
        "netIncomeRatio": 0.0600973992,
        "eps": 0.5,
        "epsdiluted": 0.49,
        "weightedAverageShsOut": 116300000,
        "weightedAverageShsOutDil": 117800000,
        "link": null,
        "finalLink": null
    },
    {
        "date": "2015-03-31",
        "symbol": "MNK",
        "reportedCurrency": "USD",
        "cik": "0001567892",
        "fillingDate": "2015-03-31",
        "acceptedDate": "2015-03-31 00:00:00",
        "calendarYear": "2015",
        "period": "Q1",
        "revenue": 909900000,
        "costOfRevenue": 421400000,
        "grossProfit": 488500000,
        "grossProfitRatio": 0.5368721838,
        "researchAndDevelopmentExpenses": 47000000,
        "generalAndAdministrativeExpenses": 0,
        "sellingAndMarketingExpenses": 0,
        "sellingGeneralAndAdministrativeExpenses": 343500000,
        "otherExpenses": 0,
        "operatingExpenses": 390500000,
        "costAndExpenses": 811900000,
        "interestIncome": 400000,
        "interestExpense": 57400000,
        "depreciationAndAmortization": 150600000,
        "ebitda": 253100000,
        "ebitdaratio": 0.2781624354,
        "operatingIncome": 95200000,
        "operatingIncomeRatio": 0.1046268821,
        "totalOtherIncomeExpensesNet": -52900000,
        "incomeBeforeTax": 42300000,
        "incomeBeforeTaxRatio": 0.0464886251,
        "incomeTaxExpense": -34200000,
        "netIncome": 98800000,
        "netIncomeRatio": 0.1085833608,
        "eps": 0.85,
        "epsdiluted": 0.84,
        "weightedAverageShsOut": 115600000,
        "weightedAverageShsOutDil": 117200000,
        "link": null,
        "finalLink": null
    },
    {
        "date": "2014-12-31",
        "symbol": "MNK",
        "reportedCurrency": "USD",
        "cik": "0001567892",
        "fillingDate": "2014-12-31",
        "acceptedDate": "2014-12-31 00:00:00",
        "calendarYear": "2014",
        "period": "Q4",
        "revenue": 866300000,
        "costOfRevenue": 427600000,
        "grossProfit": 438700000,
        "grossProfitRatio": 0.5064065566,
        "researchAndDevelopmentExpenses": 42400000,
        "generalAndAdministrativeExpenses": 0,
        "sellingAndMarketingExpenses": 0,
        "sellingGeneralAndAdministrativeExpenses": 262500000,
        "otherExpenses": 0,
        "operatingExpenses": 304900000,
        "costAndExpenses": 732500000,
        "interestIncome": 100000,
        "interestExpense": 48800000,
        "depreciationAndAmortization": 150600000,
        "ebitda": 288600000,
        "ebitdaratio": 0.3331409442,
        "operatingIncome": 127400000,
        "operatingIncomeRatio": 0.1470622186,
        "totalOtherIncomeExpensesNet": -44600000,
        "incomeBeforeTax": 82800000,
        "incomeBeforeTaxRatio": 0.0955788988,
        "incomeTaxExpense": -9300000,
        "netIncome": 92700000,
        "netIncomeRatio": 0.1070068106,
        "eps": 0.8,
        "epsdiluted": 0.79,
        "weightedAverageShsOut": 114800000,
        "weightedAverageShsOutDil": 116300000,
        "link": null,
        "finalLink": null
    },
    {
        "date": "2014-09-30",
        "symbol": "MNK",
        "reportedCurrency": "USD",
        "cik": "0001567892",
        "fillingDate": "2014-09-30",
        "acceptedDate": "2014-09-30 00:00:00",
        "calendarYear": "2014",
        "period": "Q3",
        "revenue": 789300000,
        "costOfRevenue": 388700000,
        "grossProfit": 400600000,
        "grossProfitRatio": 0.5075383251,
        "researchAndDevelopmentExpenses": 43800000,
        "generalAndAdministrativeExpenses": 0,
        "sellingAndMarketingExpenses": 0,
        "sellingGeneralAndAdministrativeExpenses": 280500000,
        "otherExpenses": 2700000,
        "operatingExpenses": 324300000,
        "costAndExpenses": 713000000,
        "interestIncome": 400000,
        "interestExpense": 37700000,
        "depreciationAndAmortization": 117200000,
        "ebitda": 79400000,
        "ebitdaratio": 0.1005954643,
        "operatingIncome": -356500000,
        "operatingIncomeRatio": -0.4516660332,
        "totalOtherIncomeExpensesNet": -34600000,
        "incomeBeforeTax": -391100000,
        "incomeBeforeTaxRatio": -0.4955023438,
        "incomeTaxExpense": -38700000,
        "netIncome": -352400000,
        "netIncomeRatio": -0.4464715571,
        "eps": -4.14,
        "epsdiluted": -4.14,
        "weightedAverageShsOut": 85200000,
        "weightedAverageShsOutDil": 85200000,
        "link": null,
        "finalLink": null
    },
    {
        "date": "2014-06-30",
        "symbol": "MNK",
        "reportedCurrency": "USD",
        "cik": "0001567892",
        "fillingDate": "2014-06-30",
        "acceptedDate": "2014-06-30 00:00:00",
        "calendarYear": "2014",
        "period": "Q2",
        "revenue": 653100000,
        "costOfRevenue": 368800000,
        "grossProfit": 284300000,
        "grossProfitRatio": 0.4353085286,
        "researchAndDevelopmentExpenses": 42700000,
        "generalAndAdministrativeExpenses": 0,
        "sellingAndMarketingExpenses": 0,
        "sellingGeneralAndAdministrativeExpenses": 221300000,
        "otherExpenses": 100000,
        "operatingExpenses": 264000000,
        "costAndExpenses": 632800000,
        "interestIncome": 300000,
        "interestExpense": 22700000,
        "depreciationAndAmortization": 82000000,
        "ebitda": 102700000,
        "ebitdaratio": 0.1572500383,
        "operatingIncome": -4400000,
        "operatingIncomeRatio": -0.0067371,
        "totalOtherIncomeExpensesNet": -22300000,
        "incomeBeforeTax": -26700000,
        "incomeBeforeTaxRatio": -0.0408819476,
        "incomeTaxExpense": -2400000,
        "netIncome": -24100000,
        "netIncomeRatio": -0.036900934,
        "eps": -0.41,
        "epsdiluted": -0.41,
        "weightedAverageShsOut": 58500000,
        "weightedAverageShsOutDil": 58500000,
        "link": null,
        "finalLink": null
    },
    {
        "date": "2014-03-31",
        "symbol": "MNK",
        "reportedCurrency": "USD",
        "cik": "0001567892",
        "fillingDate": "2014-03-31",
        "acceptedDate": "2014-03-31 00:00:00",
        "calendarYear": "2014",
        "period": "Q1",
        "revenue": 557800000,
        "costOfRevenue": 295200000,
        "grossProfit": 262600000,
        "grossProfitRatio": 0.4707780567,
        "researchAndDevelopmentExpenses": 41400000,
        "generalAndAdministrativeExpenses": 0,
        "sellingAndMarketingExpenses": 0,
        "sellingGeneralAndAdministrativeExpenses": 194100000,
        "otherExpenses": -400000,
        "operatingExpenses": 235500000,
        "costAndExpenses": 530700000,
        "interestIncome": 500000,
        "interestExpense": 12400000,
        "depreciationAndAmortization": 41600000,
        "ebitda": 68800000,
        "ebitdaratio": 0.1233416995,
        "operatingIncome": 3700000,
        "operatingIncomeRatio": 0.0066332019,
        "totalOtherIncomeExpensesNet": -12300000,
        "incomeBeforeTax": -8600000,
        "incomeBeforeTaxRatio": -0.0154177124,
        "incomeTaxExpense": -20300000,
        "netIncome": 11600000,
        "netIncomeRatio": 0.0207959842,
        "eps": 0.2,
        "epsdiluted": 0.2,
        "weightedAverageShsOut": 58200000,
        "weightedAverageShsOutDil": 59100000,
        "link": null,
        "finalLink": null
    },
    {
        "date": "2013-12-31",
        "symbol": "MNK",
        "reportedCurrency": "USD",
        "cik": "0001567892",
        "fillingDate": "2013-12-31",
        "acceptedDate": "2013-12-31 00:00:00",
        "calendarYear": "2013",
        "period": "Q4",
        "revenue": 540200000,
        "costOfRevenue": 284600000,
        "grossProfit": 255600000,
        "grossProfitRatio": 0.4731580896,
        "researchAndDevelopmentExpenses": 39000000,
        "generalAndAdministrativeExpenses": 0,
        "sellingAndMarketingExpenses": 0,
        "sellingGeneralAndAdministrativeExpenses": 146200000,
        "otherExpenses": -600000,
        "operatingExpenses": 185200000,
        "costAndExpenses": 469800000,
        "interestIncome": 300000,
        "interestExpense": 9800000,
        "depreciationAndAmortization": 35100000,
        "ebitda": 105200000,
        "ebitdaratio": 0.1947426879,
        "operatingIncome": 73100000,
        "operatingIncomeRatio": 0.1353202518,
        "totalOtherIncomeExpensesNet": -10100000,
        "incomeBeforeTax": 63000000,
        "incomeBeforeTaxRatio": 0.1166234728,
        "incomeTaxExpense": 16600000,
        "netIncome": 45600000,
        "netIncomeRatio": 0.0844131803,
        "eps": 0.79,
        "epsdiluted": 0.78,
        "weightedAverageShsOut": 57800000,
        "weightedAverageShsOutDil": 58400000,
        "link": null,
        "finalLink": null
    },
    {
        "date": "2013-09-30",
        "symbol": "MNK",
        "reportedCurrency": "USD",
        "cik": "0001567892",
        "fillingDate": "2013-09-30",
        "acceptedDate": "2013-09-30 00:00:00",
        "calendarYear": "2013",
        "period": "Q3",
        "revenue": 552200000,
        "costOfRevenue": 293900000,
        "grossProfit": 258300000,
        "grossProfitRatio": 0.4677653024,
        "researchAndDevelopmentExpenses": 44100000,
        "generalAndAdministrativeExpenses": 0,
        "sellingAndMarketingExpenses": 0,
        "sellingGeneralAndAdministrativeExpenses": 137000000,
        "otherExpenses": -1500000,
        "operatingExpenses": 181100000,
        "costAndExpenses": 475000000,
        "interestIncome": 200000,
        "interestExpense": 9900000,
        "depreciationAndAmortization": 37400000,
        "ebitda": 75900000,
        "ebitdaratio": 0.1374501992,
        "operatingIncome": 59000000,
        "operatingIncomeRatio": 0.1068453459,
        "totalOtherIncomeExpensesNet": -11200000,
        "incomeBeforeTax": 47800000,
        "incomeBeforeTaxRatio": 0.0865628396,
        "incomeTaxExpense": 14300000,
        "netIncome": 35800000,
        "netIncomeRatio": 0.0648315828,
        "eps": 0.62,
        "epsdiluted": 0.62,
        "weightedAverageShsOut": 57700000,
        "weightedAverageShsOutDil": 58200000,
        "link": null,
        "finalLink": null
    },
    {
        "date": "2013-06-30",
        "symbol": "MNK",
        "reportedCurrency": "USD",
        "cik": "0001567892",
        "fillingDate": "2013-06-30",
        "acceptedDate": "2013-06-30 00:00:00",
        "calendarYear": "2013",
        "period": "Q2",
        "revenue": 570000000,
        "costOfRevenue": 304200000,
        "grossProfit": 265800000,
        "grossProfitRatio": 0.4663157895,
        "researchAndDevelopmentExpenses": 44800000,
        "generalAndAdministrativeExpenses": 0,
        "sellingAndMarketingExpenses": 0,
        "sellingGeneralAndAdministrativeExpenses": 166900000,
        "otherExpenses": 2100000,
        "operatingExpenses": 211700000,
        "costAndExpenses": 515900000,
        "interestIncome": 0,
        "interestExpense": 9400000,
        "depreciationAndAmortization": 35300000,
        "ebitda": 56200000,
        "ebitdaratio": 0.0985964912,
        "operatingIncome": -600000,
        "operatingIncomeRatio": -0.0010526316,
        "totalOtherIncomeExpensesNet": -7300000,
        "incomeBeforeTax": -7900000,
        "incomeBeforeTaxRatio": -0.0138596491,
        "incomeTaxExpense": 19800000,
        "netIncome": -27900000,
        "netIncomeRatio": -0.0489473684,
        "eps": -0.48,
        "epsdiluted": -0.48,
        "weightedAverageShsOut": 57700000,
        "weightedAverageShsOutDil": 57700000,
        "link": null,
        "finalLink": null
    },
    {
        "date": "2013-03-31",
        "symbol": "MNK",
        "reportedCurrency": "USD",
        "cik": "0001567892",
        "fillingDate": "2013-03-31",
        "acceptedDate": "2013-03-31 00:00:00",
        "calendarYear": "2013",
        "period": "Q1",
        "revenue": 585300000,
        "costOfRevenue": 311800000,
        "grossProfit": 273500000,
        "grossProfitRatio": 0.4672817359,
        "researchAndDevelopmentExpenses": 39200000,
        "generalAndAdministrativeExpenses": 0,
        "sellingAndMarketingExpenses": 0,
        "sellingGeneralAndAdministrativeExpenses": 160700000,
        "otherExpenses": 0,
        "operatingExpenses": 199900000,
        "costAndExpenses": 511700000,
        "interestIncome": 100000,
        "interestExpense": 100000,
        "depreciationAndAmortization": 33200000,
        "ebitda": 106900000,
        "ebitdaratio": 0.1826413805,
        "operatingIncome": 53500000,
        "operatingIncomeRatio": 0.0914061165,
        "totalOtherIncomeExpensesNet": 0,
        "incomeBeforeTax": 53500000,
        "incomeBeforeTaxRatio": 0.0914061165,
        "incomeTaxExpense": 19000000,
        "netIncome": 34000000,
        "netIncomeRatio": 0.0580898684,
        "eps": 0.4,
        "epsdiluted": 0.4,
        "weightedAverageShsOut": 84800000,
        "weightedAverageShsOutDil": 84800000,
        "link": null,
        "finalLink": null
    },
    {
        "date": "2012-12-31",
        "symbol": "MNK",
        "reportedCurrency": "USD",
        "cik": "0001567892",
        "fillingDate": "2012-12-31",
        "acceptedDate": "2012-12-31 00:00:00",
        "calendarYear": "2012",
        "period": "Q4",
        "revenue": 504000000,
        "costOfRevenue": 270500000,
        "grossProfit": 233500000,
        "grossProfitRatio": 0.4632936508,
        "researchAndDevelopmentExpenses": 38400000,
        "generalAndAdministrativeExpenses": 0,
        "sellingAndMarketingExpenses": 0,
        "sellingGeneralAndAdministrativeExpenses": 146800000,
        "otherExpenses": 200000,
        "operatingExpenses": 185200000,
        "costAndExpenses": 455700000,
        "interestIncome": 0,
        "interestExpense": 100000,
        "depreciationAndAmortization": 33700000,
        "ebitda": 82200000,
        "ebitdaratio": 0.1630952381,
        "operatingIncome": 36800000,
        "operatingIncomeRatio": 0.073015873,
        "totalOtherIncomeExpensesNet": 100000,
        "incomeBeforeTax": 36900000,
        "incomeBeforeTaxRatio": 0.0732142857,
        "incomeTaxExpense": 17100000,
        "netIncome": 19200000,
        "netIncomeRatio": 0.0380952381,
        "eps": 0.23,
        "epsdiluted": 0.23,
        "weightedAverageShsOut": 84800000,
        "weightedAverageShsOutDil": 84800000,
        "link": null,
        "finalLink": null
    },
    {
        "date": "2012-09-30",
        "symbol": "MNK",
        "reportedCurrency": "USD",
        "cik": "0001567892",
        "fillingDate": "2012-09-30",
        "acceptedDate": "2012-09-30 00:00:00",
        "calendarYear": "2012",
        "period": "Q3",
        "revenue": 513100000,
        "costOfRevenue": 279800000,
        "grossProfit": 233300000,
        "grossProfitRatio": 0.4546871955,
        "researchAndDevelopmentExpenses": 36600000,
        "generalAndAdministrativeExpenses": 0,
        "sellingAndMarketingExpenses": 0,
        "sellingGeneralAndAdministrativeExpenses": 140400000,
        "otherExpenses": 200000,
        "operatingExpenses": 177000000,
        "costAndExpenses": 456800000,
        "interestIncome": 0,
        "interestExpense": 100000,
        "depreciationAndAmortization": 33500000,
        "ebitda": 90000000,
        "ebitdaratio": 0.1754044046,
        "operatingIncome": 48200000,
        "operatingIncomeRatio": 0.0939388034,
        "totalOtherIncomeExpensesNet": 100000,
        "incomeBeforeTax": 48300000,
        "incomeBeforeTaxRatio": 0.0941336971,
        "incomeTaxExpense": 21000000,
        "netIncome": 26200000,
        "netIncomeRatio": 0.0510621711,
        "eps": 0.31,
        "epsdiluted": 0.31,
        "weightedAverageShsOut": 84800000,
        "weightedAverageShsOutDil": 84800000,
        "link": null,
        "finalLink": null
    },
    {
        "date": "2012-06-30",
        "symbol": "MNK",
        "reportedCurrency": "USD",
        "cik": "0001567892",
        "fillingDate": "2012-06-30",
        "acceptedDate": "2012-06-30 00:00:00",
        "calendarYear": "2012",
        "period": "Q2",
        "revenue": 516300000,
        "costOfRevenue": 273100000,
        "grossProfit": 243200000,
        "grossProfitRatio": 0.4710439667,
        "researchAndDevelopmentExpenses": 35200000,
        "generalAndAdministrativeExpenses": 0,
        "sellingAndMarketingExpenses": 0,
        "sellingGeneralAndAdministrativeExpenses": 137200000,
        "otherExpenses": 100000,
        "operatingExpenses": 172400000,
        "costAndExpenses": 445500000,
        "interestIncome": 100000,
        "interestExpense": 100000,
        "depreciationAndAmortization": 11600000,
        "ebitda": 71000000,
        "ebitdaratio": 0.1375169475,
        "operatingIncome": 59400000,
        "operatingIncomeRatio": 0.1150493899,
        "totalOtherIncomeExpensesNet": 100000,
        "incomeBeforeTax": 59500000,
        "incomeBeforeTaxRatio": 0.1152430757,
        "incomeTaxExpense": 24400000,
        "netIncome": 33200000,
        "netIncomeRatio": 0.0643036994,
        "eps": 0.39,
        "epsdiluted": 0.39,
        "weightedAverageShsOut": 84800000,
        "weightedAverageShsOutDil": 84800000,
        "link": null,
        "finalLink": null
    },
    {
        "date": "2011-12-30",
        "symbol": "MNK",
        "reportedCurrency": "USD",
        "cik": "0001567892",
        "fillingDate": "2011-12-30",
        "acceptedDate": "2011-12-30 00:00:00",
        "calendarYear": "2012",
        "period": "Q1",
        "revenue": 522800000,
        "costOfRevenue": 268000000,
        "grossProfit": 254800000,
        "grossProfitRatio": 0.4873756695,
        "researchAndDevelopmentExpenses": 33900000,
        "generalAndAdministrativeExpenses": 0,
        "sellingAndMarketingExpenses": 0,
        "sellingGeneralAndAdministrativeExpenses": 127300000,
        "otherExpenses": 500000,
        "operatingExpenses": 161200000,
        "costAndExpenses": 429200000,
        "interestIncome": 300000,
        "interestExpense": 200000,
        "depreciationAndAmortization": 52100000,
        "ebitda": 158100000,
        "ebitdaratio": 0.3024100995,
        "operatingIncome": 90800000,
        "operatingIncomeRatio": 0.1736801836,
        "totalOtherIncomeExpensesNet": 600000,
        "incomeBeforeTax": 91400000,
        "incomeBeforeTaxRatio": 0.17482785,
        "incomeTaxExpense": 32300000,
        "netIncome": 56000000,
        "netIncomeRatio": 0.1071155318,
        "eps": 1.4,
        "epsdiluted": 1.4,
        "weightedAverageShsOut": 84800000,
        "weightedAverageShsOutDil": 84800000,
        "link": null,
        "finalLink": null
    }
]