[
    {
        "date": "2024-09-30",
        "symbol": "MRO",
        "reportedCurrency": "USD",
        "cik": "0000101778",
        "fillingDate": "2024-11-06",
        "acceptedDate": "2024-11-06 16:45:28",
        "calendarYear": "2024",
        "period": "Q3",
        "revenue": 1791000000,
        "costOfRevenue": 204000000,
        "grossProfit": 1587000000,
        "grossProfitRatio": 0.8860971524,
        "researchAndDevelopmentExpenses": 0,
        "generalAndAdministrativeExpenses": 88000000,
        "sellingAndMarketingExpenses": 0,
        "sellingGeneralAndAdministrativeExpenses": 88000000,
        "otherExpenses": 959000000,
        "operatingExpenses": 1047000000,
        "costAndExpenses": 1251000000,
        "interestIncome": 0,
        "interestExpense": 0,
        "depreciationAndAmortization": 627000000,
        "ebitda": 1120000000,
        "ebitdaratio": 0.6253489671,
        "operatingIncome": 540000000,
        "operatingIncomeRatio": 0.3015075377,
        "totalOtherIncomeExpensesNet": -74000000,
        "incomeBeforeTax": 466000000,
        "incomeBeforeTaxRatio": 0.2601898381,
        "incomeTaxExpense": 179000000,
        "netIncome": 287000000,
        "netIncomeRatio": 0.1602456728,
        "eps": 0.51,
        "epsdiluted": 0.51,
        "weightedAverageShsOut": 563000000,
        "weightedAverageShsOutDil": 564000000,
        "link": "https://www.sec.gov/Archives/edgar/data/101778/000010177824000136/0000101778-24-000136-index.htm",
        "finalLink": "https://www.sec.gov/Archives/edgar/data/101778/000010177824000136/mro-20240930.htm"
    },
    {
        "date": "2024-06-30",
        "symbol": "MRO",
        "reportedCurrency": "USD",
        "cik": "0000101778",
        "fillingDate": "2024-08-08",
        "acceptedDate": "2024-08-08 16:11:19",
        "calendarYear": "2024",
        "period": "Q2",
        "revenue": 1666000000,
        "costOfRevenue": 982000000,
        "grossProfit": 684000000,
        "grossProfitRatio": 0.4105642257,
        "researchAndDevelopmentExpenses": 0,
        "generalAndAdministrativeExpenses": 99000000,
        "sellingAndMarketingExpenses": 12000000,
        "sellingGeneralAndAdministrativeExpenses": 111000000,
        "otherExpenses": -103000000,
        "operatingExpenses": 192000000,
        "costAndExpenses": 1174000000,
        "interestIncome": 0,
        "interestExpense": 0,
        "depreciationAndAmortization": 577000000,
        "ebitda": 1102000000,
        "ebitdaratio": 0.6614645858,
        "operatingIncome": 492000000,
        "operatingIncomeRatio": 0.2953181273,
        "totalOtherIncomeExpensesNet": -78000000,
        "incomeBeforeTax": 445000000,
        "incomeBeforeTaxRatio": 0.2671068427,
        "incomeTaxExpense": 96000000,
        "netIncome": 349000000,
        "netIncomeRatio": 0.2094837935,
        "eps": 0.62,
        "epsdiluted": 0.62,
        "weightedAverageShsOut": 566000000,
        "weightedAverageShsOutDil": 567000000,
        "link": "https://www.sec.gov/Archives/edgar/data/101778/000010177824000115/0000101778-24-000115-index.htm",
        "finalLink": "https://www.sec.gov/Archives/edgar/data/101778/000010177824000115/mro-20240630.htm"
    },
    {
        "date": "2024-03-31",
        "symbol": "MRO",
        "reportedCurrency": "USD",
        "cik": "0000101778",
        "fillingDate": "2024-05-02",
        "acceptedDate": "2024-05-02 16:12:30",
        "calendarYear": "2024",
        "period": "Q1",
        "revenue": 1538000000,
        "costOfRevenue": 921000000,
        "grossProfit": 617000000,
        "grossProfitRatio": 0.4011703511,
        "researchAndDevelopmentExpenses": 0,
        "generalAndAdministrativeExpenses": 86000000,
        "sellingAndMarketingExpenses": -2000000,
        "sellingGeneralAndAdministrativeExpenses": 84000000,
        "otherExpenses": -96000000,
        "operatingExpenses": 182000000,
        "costAndExpenses": 1103000000,
        "interestIncome": 0,
        "interestExpense": 0,
        "depreciationAndAmortization": 524000000,
        "ebitda": 936000000,
        "ebitdaratio": 0.6085825748,
        "operatingIncome": 435000000,
        "operatingIncomeRatio": 0.2828348505,
        "totalOtherIncomeExpensesNet": -66000000,
        "incomeBeforeTax": 382000000,
        "incomeBeforeTaxRatio": 0.2483745124,
        "incomeTaxExpense": 85000000,
        "netIncome": 297000000,
        "netIncomeRatio": 0.1931079324,
        "eps": 0.52,
        "epsdiluted": 0.52,
        "weightedAverageShsOut": 576000000,
        "weightedAverageShsOutDil": 576000000,
        "link": "https://www.sec.gov/Archives/edgar/data/101778/000010177824000099/0000101778-24-000099-index.htm",
        "finalLink": "https://www.sec.gov/Archives/edgar/data/101778/000010177824000099/mro-20240331.htm"
    },
    {
        "date": "2023-12-31",
        "symbol": "MRO",
        "reportedCurrency": "USD",
        "cik": "0000101778",
        "fillingDate": "2024-02-22",
        "acceptedDate": "2024-02-22 16:33:31",
        "calendarYear": "2023",
        "period": "Q4",
        "revenue": 1585000000,
        "costOfRevenue": 972000000,
        "grossProfit": 613000000,
        "grossProfitRatio": 0.3867507886,
        "researchAndDevelopmentExpenses": 0,
        "generalAndAdministrativeExpenses": 72000000,
        "sellingAndMarketingExpenses": 0,
        "sellingGeneralAndAdministrativeExpenses": 72000000,
        "otherExpenses": -13000000,
        "operatingExpenses": 170000000,
        "costAndExpenses": 1142000000,
        "interestIncome": 16000000,
        "interestExpense": 84000000,
        "depreciationAndAmortization": 551000000,
        "ebitda": 1075000000,
        "ebitdaratio": 0.6782334385,
        "operatingIncome": 520000000,
        "operatingIncomeRatio": 0.3280757098,
        "totalOtherIncomeExpensesNet": -80000000,
        "incomeBeforeTax": 440000000,
        "incomeBeforeTaxRatio": 0.2776025237,
        "incomeTaxExpense": 43000000,
        "netIncome": 397000000,
        "netIncomeRatio": 0.2504731861,
        "eps": 0.68,
        "epsdiluted": 0.68,
        "weightedAverageShsOut": 584828934,
        "weightedAverageShsOutDil": 584828934,
        "link": "https://www.sec.gov/Archives/edgar/data/101778/000010177824000023/0000101778-24-000023-index.htm",
        "finalLink": "https://www.sec.gov/Archives/edgar/data/101778/000010177824000023/mro-20231231.htm"
    },
    {
        "date": "2023-09-30",
        "symbol": "MRO",
        "reportedCurrency": "USD",
        "cik": "0000101778",
        "fillingDate": "2023-11-02",
        "acceptedDate": "2023-11-02 16:21:32",
        "calendarYear": "2023",
        "period": "Q3",
        "revenue": 1771000000,
        "costOfRevenue": 939000000,
        "grossProfit": 832000000,
        "grossProfitRatio": 0.4697910785,
        "researchAndDevelopmentExpenses": 0,
        "generalAndAdministrativeExpenses": 72000000,
        "sellingAndMarketingExpenses": 0,
        "sellingGeneralAndAdministrativeExpenses": 72000000,
        "otherExpenses": 5000000,
        "operatingExpenses": 203000000,
        "costAndExpenses": 1142000000,
        "interestIncome": 94000000,
        "interestExpense": 94000000,
        "depreciationAndAmortization": 583000000,
        "ebitda": 1257000000,
        "ebitdaratio": 0.7097684924,
        "operatingIncome": 669000000,
        "operatingIncomeRatio": 0.3777526821,
        "totalOtherIncomeExpensesNet": -89000000,
        "incomeBeforeTax": 580000000,
        "incomeBeforeTaxRatio": 0.3274985884,
        "incomeTaxExpense": 127000000,
        "netIncome": 453000000,
        "netIncomeRatio": 0.2557876906,
        "eps": 0.75,
        "epsdiluted": 0.75,
        "weightedAverageShsOut": 603000000,
        "weightedAverageShsOutDil": 604000000,
        "link": "https://www.sec.gov/Archives/edgar/data/101778/000010177823000146/0000101778-23-000146-index.htm",
        "finalLink": "https://www.sec.gov/Archives/edgar/data/101778/000010177823000146/mro-20230930.htm"
    },
    {
        "date": "2023-06-30",
        "symbol": "MRO",
        "reportedCurrency": "USD",
        "cik": "0000101778",
        "fillingDate": "2023-08-03",
        "acceptedDate": "2023-08-03 16:08:15",
        "calendarYear": "2023",
        "period": "Q2",
        "revenue": 1484000000,
        "costOfRevenue": 934000000,
        "grossProfit": 550000000,
        "grossProfitRatio": 0.3706199461,
        "researchAndDevelopmentExpenses": 0,
        "generalAndAdministrativeExpenses": 71000000,
        "sellingAndMarketingExpenses": 0,
        "sellingGeneralAndAdministrativeExpenses": 71000000,
        "otherExpenses": 3000000,
        "operatingExpenses": 121000000,
        "costAndExpenses": 1055000000,
        "interestIncome": 92000000,
        "interestExpense": 92000000,
        "depreciationAndAmortization": 559000000,
        "ebitda": 1016000000,
        "ebitdaratio": 0.6846361186,
        "operatingIncome": 454000000,
        "operatingIncomeRatio": 0.3059299191,
        "totalOtherIncomeExpensesNet": -89000000,
        "incomeBeforeTax": 365000000,
        "incomeBeforeTaxRatio": 0.2459568733,
        "incomeTaxExpense": 78000000,
        "netIncome": 287000000,
        "netIncomeRatio": 0.1933962264,
        "eps": 0.47,
        "epsdiluted": 0.47,
        "weightedAverageShsOut": 614000000,
        "weightedAverageShsOutDil": 615000000,
        "link": "https://www.sec.gov/Archives/edgar/data/101778/000010177823000107/0000101778-23-000107-index.htm",
        "finalLink": "https://www.sec.gov/Archives/edgar/data/101778/000010177823000107/mro-20230630.htm"
    },
    {
        "date": "2023-03-31",
        "symbol": "MRO",
        "reportedCurrency": "USD",
        "cik": "0000101778",
        "fillingDate": "2023-05-04",
        "acceptedDate": "2023-05-04 16:04:44",
        "calendarYear": "2023",
        "period": "Q1",
        "revenue": 1567000000,
        "costOfRevenue": 883000000,
        "grossProfit": 684000000,
        "grossProfitRatio": 0.4365028717,
        "researchAndDevelopmentExpenses": 0,
        "generalAndAdministrativeExpenses": 82000000,
        "sellingAndMarketingExpenses": 0,
        "sellingGeneralAndAdministrativeExpenses": 82000000,
        "otherExpenses": 97000000,
        "operatingExpenses": 179000000,
        "costAndExpenses": 1062000000,
        "interestIncome": 82000000,
        "interestExpense": 82000000,
        "depreciationAndAmortization": 530000000,
        "ebitda": 1138000000,
        "ebitdaratio": 0.726228462,
        "operatingIncome": 68000000,
        "operatingIncomeRatio": 0.0433950223,
        "totalOtherIncomeExpensesNet": -79000000,
        "incomeBeforeTax": 526000000,
        "incomeBeforeTaxRatio": 0.335673261,
        "incomeTaxExpense": 109000000,
        "netIncome": 417000000,
        "netIncomeRatio": 0.2661135929,
        "eps": 0.66,
        "epsdiluted": 0.66,
        "weightedAverageShsOut": 628000000,
        "weightedAverageShsOutDil": 629000000,
        "link": "https://www.sec.gov/Archives/edgar/data/101778/000010177823000096/0000101778-23-000096-index.htm",
        "finalLink": "https://www.sec.gov/Archives/edgar/data/101778/000010177823000096/mro-20230331.htm"
    },
    {
        "date": "2022-12-31",
        "symbol": "MRO",
        "reportedCurrency": "USD",
        "cik": "0000101778",
        "fillingDate": "2023-02-16",
        "acceptedDate": "2023-02-16 16:12:52",
        "calendarYear": "2022",
        "period": "Q4",
        "revenue": 1603000000,
        "costOfRevenue": 773000000,
        "grossProfit": 830000000,
        "grossProfitRatio": 0.5177791641,
        "researchAndDevelopmentExpenses": 0,
        "generalAndAdministrativeExpenses": 88000000,
        "sellingAndMarketingExpenses": 0,
        "sellingGeneralAndAdministrativeExpenses": 88000000,
        "otherExpenses": 111000000,
        "operatingExpenses": 199000000,
        "costAndExpenses": 972000000,
        "interestIncome": 65000000,
        "interestExpense": 58000000,
        "depreciationAndAmortization": 450000000,
        "ebitda": 1200000000,
        "ebitdaratio": 0.7485963818,
        "operatingIncome": 224000000,
        "operatingIncomeRatio": 0.1397379913,
        "totalOtherIncomeExpensesNet": -58000000,
        "incomeBeforeTax": 690000000,
        "incomeBeforeTaxRatio": 0.4304429195,
        "incomeTaxExpense": 165000000,
        "netIncome": 525000000,
        "netIncomeRatio": 0.327510917,
        "eps": 0.82,
        "epsdiluted": 0.82,
        "weightedAverageShsOut": 637000000,
        "weightedAverageShsOutDil": 637000000,
        "link": "https://www.sec.gov/Archives/edgar/data/101778/000010177823000030/0000101778-23-000030-index.htm",
        "finalLink": "https://www.sec.gov/Archives/edgar/data/101778/000010177823000030/mro-20221231.htm"
    },
    {
        "date": "2022-09-30",
        "symbol": "MRO",
        "reportedCurrency": "USD",
        "cik": "0000101778",
        "fillingDate": "2022-11-03",
        "acceptedDate": "2022-11-03 16:08:54",
        "calendarYear": "2022",
        "period": "Q3",
        "revenue": 2008000000,
        "costOfRevenue": 852000000,
        "grossProfit": 1156000000,
        "grossProfitRatio": 0.5756972112,
        "researchAndDevelopmentExpenses": 0,
        "generalAndAdministrativeExpenses": 79000000,
        "sellingAndMarketingExpenses": 0,
        "sellingGeneralAndAdministrativeExpenses": 79000000,
        "otherExpenses": 204000000,
        "operatingExpenses": 283000000,
        "costAndExpenses": 1135000000,
        "interestIncome": 52000000,
        "interestExpense": 0,
        "depreciationAndAmortization": 531000000,
        "ebitda": 1640000000,
        "ebitdaratio": 0.8167330677,
        "operatingIncome": 372000000,
        "operatingIncomeRatio": 0.1852589641,
        "totalOtherIncomeExpensesNet": -47000000,
        "incomeBeforeTax": 1057000000,
        "incomeBeforeTaxRatio": 0.5263944223,
        "incomeTaxExpense": 240000000,
        "netIncome": 817000000,
        "netIncomeRatio": 0.40687251,
        "eps": 1.22,
        "epsdiluted": 1.22,
        "weightedAverageShsOut": 670000000,
        "weightedAverageShsOutDil": 672000000,
        "link": "https://www.sec.gov/Archives/edgar/data/101778/000010177822000192/0000101778-22-000192-index.htm",
        "finalLink": "https://www.sec.gov/Archives/edgar/data/101778/000010177822000192/mro-20220930.htm"
    },
    {
        "date": "2022-06-30",
        "symbol": "MRO",
        "reportedCurrency": "USD",
        "cik": "0000101778",
        "fillingDate": "2022-08-04",
        "acceptedDate": "2022-08-04 16:03:38",
        "calendarYear": "2022",
        "period": "Q2",
        "revenue": 2168000000,
        "costOfRevenue": 791000000,
        "grossProfit": 1377000000,
        "grossProfitRatio": 0.6351476015,
        "researchAndDevelopmentExpenses": 0,
        "generalAndAdministrativeExpenses": 68000000,
        "sellingAndMarketingExpenses": 0,
        "sellingGeneralAndAdministrativeExpenses": 68000000,
        "otherExpenses": 5000000,
        "operatingExpenses": 205000000,
        "costAndExpenses": 996000000,
        "interestIncome": 0,
        "interestExpense": 0,
        "depreciationAndAmortization": 442000000,
        "ebitda": 1741000000,
        "ebitdaratio": 0.8030442804,
        "operatingIncome": 1294000000,
        "operatingIncomeRatio": 0.5968634686,
        "totalOtherIncomeExpensesNet": -49000000,
        "incomeBeforeTax": 1245000000,
        "incomeBeforeTaxRatio": 0.5742619926,
        "incomeTaxExpense": 279000000,
        "netIncome": 966000000,
        "netIncomeRatio": 0.4455719557,
        "eps": 1.37,
        "epsdiluted": 1.37,
        "weightedAverageShsOut": 703000000,
        "weightedAverageShsOutDil": 705000000,
        "link": "https://www.sec.gov/Archives/edgar/data/101778/000010177822000168/0000101778-22-000168-index.htm",
        "finalLink": "https://www.sec.gov/Archives/edgar/data/101778/000010177822000168/mro-20220630.htm"
    },
    {
        "date": "2022-03-31",
        "symbol": "MRO",
        "reportedCurrency": "USD",
        "cik": "0000101778",
        "fillingDate": "2022-05-05",
        "acceptedDate": "2022-05-05 16:01:47",
        "calendarYear": "2022",
        "period": "Q1",
        "revenue": 1761000000,
        "costOfRevenue": 760000000,
        "grossProfit": 1001000000,
        "grossProfitRatio": 0.5684270301,
        "researchAndDevelopmentExpenses": 0,
        "generalAndAdministrativeExpenses": 69000000,
        "sellingAndMarketingExpenses": 0,
        "sellingGeneralAndAdministrativeExpenses": 69000000,
        "otherExpenses": 107000000,
        "operatingExpenses": 176000000,
        "costAndExpenses": 936000000,
        "interestIncome": 0,
        "interestExpense": 0,
        "depreciationAndAmortization": 431000000,
        "ebitda": 1240000000,
        "ebitdaratio": 0.7041453719,
        "operatingIncome": 545000000,
        "operatingIncomeRatio": 0.3094832482,
        "totalOtherIncomeExpensesNet": -18000000,
        "incomeBeforeTax": 787000000,
        "incomeBeforeTaxRatio": 0.4469051675,
        "incomeTaxExpense": -517000000,
        "netIncome": 1304000000,
        "netIncomeRatio": 0.7404883589,
        "eps": 1.79,
        "epsdiluted": 1.78,
        "weightedAverageShsOut": 730000000,
        "weightedAverageShsOutDil": 732000000,
        "link": "https://www.sec.gov/Archives/edgar/data/101778/000010177822000118/0000101778-22-000118-index.htm",
        "finalLink": "https://www.sec.gov/Archives/edgar/data/101778/000010177822000118/mro-20220331.htm"
    },
    {
        "date": "2021-12-31",
        "symbol": "MRO",
        "reportedCurrency": "USD",
        "cik": "0000101778",
        "fillingDate": "2022-02-17",
        "acceptedDate": "2022-02-17 16:18:00",
        "calendarYear": "2021",
        "period": "Q4",
        "revenue": 1732000000,
        "costOfRevenue": 861000000,
        "grossProfit": 871000000,
        "grossProfitRatio": 0.502886836,
        "researchAndDevelopmentExpenses": 0,
        "generalAndAdministrativeExpenses": 64000000,
        "sellingAndMarketingExpenses": 0,
        "sellingGeneralAndAdministrativeExpenses": 64000000,
        "otherExpenses": 3000000,
        "operatingExpenses": 194000000,
        "costAndExpenses": 1055000000,
        "interestIncome": 2000000,
        "interestExpense": 129000000,
        "depreciationAndAmortization": 540000000,
        "ebitda": 1282000000,
        "ebitdaratio": 0.7401847575,
        "operatingIncome": 739000000,
        "operatingIncomeRatio": 0.4266743649,
        "totalOtherIncomeExpensesNet": -56000000,
        "incomeBeforeTax": 683000000,
        "incomeBeforeTaxRatio": 0.3943418014,
        "incomeTaxExpense": 34000000,
        "netIncome": 649000000,
        "netIncomeRatio": 0.3747113164,
        "eps": 0.87,
        "epsdiluted": 0.84,
        "weightedAverageShsOut": 743000000,
        "weightedAverageShsOutDil": 773000000,
        "link": "https://www.sec.gov/Archives/edgar/data/101778/000010177822000016/0000101778-22-000016-index.htm",
        "finalLink": "https://www.sec.gov/Archives/edgar/data/101778/000010177822000016/mro-20211231.htm"
    },
    {
        "date": "2021-09-30",
        "symbol": "MRO",
        "reportedCurrency": "USD",
        "cik": "0000101778",
        "fillingDate": "2021-11-04",
        "acceptedDate": "2021-11-04 16:09:16",
        "calendarYear": "2021",
        "period": "Q3",
        "revenue": 1438000000,
        "costOfRevenue": 872000000,
        "grossProfit": 566000000,
        "grossProfitRatio": 0.3936022253,
        "researchAndDevelopmentExpenses": 0,
        "generalAndAdministrativeExpenses": 70000000,
        "sellingAndMarketingExpenses": 0,
        "sellingGeneralAndAdministrativeExpenses": 70000000,
        "otherExpenses": 150000000,
        "operatingExpenses": 220000000,
        "costAndExpenses": 1092000000,
        "interestIncome": 0,
        "interestExpense": 0,
        "depreciationAndAmortization": 584000000,
        "ebitda": 824000000,
        "ebitdaratio": 0.5730180807,
        "operatingIncome": 347000000,
        "operatingIncomeRatio": 0.2413073713,
        "totalOtherIncomeExpensesNet": -159000000,
        "incomeBeforeTax": 188000000,
        "incomeBeforeTaxRatio": 0.1307371349,
        "incomeTaxExpense": 4000000,
        "netIncome": 184000000,
        "netIncomeRatio": 0.1279554937,
        "eps": 0.23,
        "epsdiluted": 0.23,
        "weightedAverageShsOut": 789000000,
        "weightedAverageShsOutDil": 789000000,
        "link": "https://www.sec.gov/Archives/edgar/data/101778/000010177821000109/0000101778-21-000109-index.htm",
        "finalLink": "https://www.sec.gov/Archives/edgar/data/101778/000010177821000109/mro-20210930.htm"
    },
    {
        "date": "2021-06-30",
        "symbol": "MRO",
        "reportedCurrency": "USD",
        "cik": "0000101778",
        "fillingDate": "2021-08-05",
        "acceptedDate": "2021-08-05 16:08:37",
        "calendarYear": "2021",
        "period": "Q2",
        "revenue": 1254000000,
        "costOfRevenue": 825000000,
        "grossProfit": 429000000,
        "grossProfitRatio": 0.3421052632,
        "researchAndDevelopmentExpenses": 0,
        "generalAndAdministrativeExpenses": 68000000,
        "sellingAndMarketingExpenses": 0,
        "sellingGeneralAndAdministrativeExpenses": 68000000,
        "otherExpenses": 4000000,
        "operatingExpenses": 167000000,
        "costAndExpenses": 992000000,
        "interestIncome": 0,
        "interestExpense": 0,
        "depreciationAndAmortization": 554000000,
        "ebitda": 647000000,
        "ebitdaratio": 0.5159489633,
        "operatingIncome": 105000000,
        "operatingIncomeRatio": 0.0837320574,
        "totalOtherIncomeExpensesNet": -79000000,
        "incomeBeforeTax": 26000000,
        "incomeBeforeTaxRatio": 0.0207336523,
        "incomeTaxExpense": 10000000,
        "netIncome": 16000000,
        "netIncomeRatio": 0.0127591707,
        "eps": 0.02,
        "epsdiluted": 0.02,
        "weightedAverageShsOut": 789000000,
        "weightedAverageShsOutDil": 789000000,
        "link": "https://www.sec.gov/Archives/edgar/data/101778/000010177821000099/0000101778-21-000099-index.htm",
        "finalLink": "https://www.sec.gov/Archives/edgar/data/101778/000010177821000099/mro-20210630.htm"
    },
    {
        "date": "2021-03-31",
        "symbol": "MRO",
        "reportedCurrency": "USD",
        "cik": "0000101778",
        "fillingDate": "2021-05-06",
        "acceptedDate": "2021-05-06 16:08:51",
        "calendarYear": "2021",
        "period": "Q1",
        "revenue": 1177000000,
        "costOfRevenue": 769000000,
        "grossProfit": 408000000,
        "grossProfitRatio": 0.3466440102,
        "researchAndDevelopmentExpenses": 0,
        "generalAndAdministrativeExpenses": 89000000,
        "sellingAndMarketingExpenses": 0,
        "sellingGeneralAndAdministrativeExpenses": 89000000,
        "otherExpenses": 6000000,
        "operatingExpenses": 184000000,
        "costAndExpenses": 953000000,
        "interestIncome": 0,
        "interestExpense": 0,
        "depreciationAndAmortization": 513000000,
        "ebitda": 672000000,
        "ebitdaratio": 0.5709430756,
        "operatingIncome": 117000000,
        "operatingIncomeRatio": 0.0994052676,
        "totalOtherIncomeExpensesNet": -10000000,
        "incomeBeforeTax": 107000000,
        "incomeBeforeTaxRatio": 0.0909090909,
        "incomeTaxExpense": 10000000,
        "netIncome": 97000000,
        "netIncomeRatio": 0.0824129142,
        "eps": 0.12,
        "epsdiluted": 0.12,
        "weightedAverageShsOut": 789000000,
        "weightedAverageShsOutDil": 789000000,
        "link": "https://www.sec.gov/Archives/edgar/data/101778/000010177821000083/0000101778-21-000083-index.htm",
        "finalLink": "https://www.sec.gov/Archives/edgar/data/101778/000010177821000083/mro-20210331.htm"
    },
    {
        "date": "2020-12-31",
        "symbol": "MRO",
        "reportedCurrency": "USD",
        "cik": "0000101778",
        "fillingDate": "2021-02-23",
        "acceptedDate": "2021-02-23 16:11:47",
        "calendarYear": "2020",
        "period": "Q4",
        "revenue": 822000000,
        "costOfRevenue": 822000000,
        "grossProfit": 0,
        "grossProfitRatio": 0,
        "researchAndDevelopmentExpenses": 0,
        "generalAndAdministrativeExpenses": 57000000,
        "sellingAndMarketingExpenses": 0,
        "sellingGeneralAndAdministrativeExpenses": 57000000,
        "otherExpenses": 7000000,
        "operatingExpenses": 212000000,
        "costAndExpenses": 1034000000,
        "interestIncome": 0,
        "interestExpense": 0,
        "depreciationAndAmortization": 521000000,
        "ebitda": 148000000,
        "ebitdaratio": 0.1800486618,
        "operatingIncome": -250000000,
        "operatingIncomeRatio": -0.304136253,
        "totalOtherIncomeExpensesNet": -91000000,
        "incomeBeforeTax": -341000000,
        "incomeBeforeTaxRatio": -0.4148418491,
        "incomeTaxExpense": -3000000,
        "netIncome": -338000000,
        "netIncomeRatio": -0.4111922141,
        "eps": -0.43,
        "epsdiluted": -0.43,
        "weightedAverageShsOut": 789000000,
        "weightedAverageShsOutDil": 790000000,
        "link": "https://www.sec.gov/Archives/edgar/data/101778/000010177821000018/0000101778-21-000018-index.htm",
        "finalLink": "https://www.sec.gov/Archives/edgar/data/101778/000010177821000018/mro-20201231.htm"
    },
    {
        "date": "2020-09-30",
        "symbol": "MRO",
        "reportedCurrency": "USD",
        "cik": "0000101778",
        "fillingDate": "2020-11-05",
        "acceptedDate": "2020-11-05 16:17:43",
        "calendarYear": "2020",
        "period": "Q3",
        "revenue": 761000000,
        "costOfRevenue": 866000000,
        "grossProfit": -105000000,
        "grossProfitRatio": -0.1379763469,
        "researchAndDevelopmentExpenses": 0,
        "generalAndAdministrativeExpenses": 53000000,
        "sellingAndMarketingExpenses": 0,
        "sellingGeneralAndAdministrativeExpenses": 53000000,
        "otherExpenses": -3000000,
        "operatingExpenses": 129000000,
        "costAndExpenses": 995000000,
        "interestIncome": 0,
        "interestExpense": 0,
        "depreciationAndAmortization": 554000000,
        "ebitda": 329000000,
        "ebitdaratio": 0.432325887,
        "operatingIncome": -242000000,
        "operatingIncomeRatio": -0.3180026281,
        "totalOtherIncomeExpensesNet": -68000000,
        "incomeBeforeTax": -310000000,
        "incomeBeforeTaxRatio": -0.4073587385,
        "incomeTaxExpense": 7000000,
        "netIncome": -317000000,
        "netIncomeRatio": -0.4165571616,
        "eps": -0.4,
        "epsdiluted": -0.4,
        "weightedAverageShsOut": 790000000,
        "weightedAverageShsOutDil": 790000000,
        "link": "https://www.sec.gov/Archives/edgar/data/101778/000010177820000111/0000101778-20-000111-index.htm",
        "finalLink": "https://www.sec.gov/Archives/edgar/data/101778/000010177820000111/mro-20200930.htm"
    },
    {
        "date": "2020-06-30",
        "symbol": "MRO",
        "reportedCurrency": "USD",
        "cik": "0000101778",
        "fillingDate": "2020-08-06",
        "acceptedDate": "2020-08-06 16:02:12",
        "calendarYear": "2020",
        "period": "Q2",
        "revenue": 490000000,
        "costOfRevenue": 831000000,
        "grossProfit": -341000000,
        "grossProfitRatio": -0.6959183673,
        "researchAndDevelopmentExpenses": 0,
        "generalAndAdministrativeExpenses": 88000000,
        "sellingAndMarketingExpenses": 0,
        "sellingGeneralAndAdministrativeExpenses": 88000000,
        "otherExpenses": 13000000,
        "operatingExpenses": 144000000,
        "costAndExpenses": 975000000,
        "interestIncome": 0,
        "interestExpense": 0,
        "depreciationAndAmortization": 597000000,
        "ebitda": 85000000,
        "ebitdaratio": 0.1734693878,
        "operatingIncome": -703000000,
        "operatingIncomeRatio": -1.4346938776,
        "totalOtherIncomeExpensesNet": -62000000,
        "incomeBeforeTax": -765000000,
        "incomeBeforeTaxRatio": -1.5612244898,
        "incomeTaxExpense": -15000000,
        "netIncome": -750000000,
        "netIncomeRatio": -1.5306122449,
        "eps": -0.95,
        "epsdiluted": -0.95,
        "weightedAverageShsOut": 789473684,
        "weightedAverageShsOutDil": 790000000,
        "link": "https://www.sec.gov/Archives/edgar/data/101778/000010177820000103/0000101778-20-000103-index.htm",
        "finalLink": "https://www.sec.gov/Archives/edgar/data/101778/000010177820000103/mro-20200630.htm"
    },
    {
        "date": "2020-03-31",
        "symbol": "MRO",
        "reportedCurrency": "USD",
        "cik": "0000101778",
        "fillingDate": "2020-05-07",
        "acceptedDate": "2020-05-07 16:33:58",
        "calendarYear": "2020",
        "period": "Q1",
        "revenue": 1024000000,
        "costOfRevenue": 948000000,
        "grossProfit": 76000000,
        "grossProfitRatio": 0.07421875,
        "researchAndDevelopmentExpenses": 0,
        "generalAndAdministrativeExpenses": 76000000,
        "sellingAndMarketingExpenses": 0,
        "sellingGeneralAndAdministrativeExpenses": 76000000,
        "otherExpenses": 7000000,
        "operatingExpenses": 170000000,
        "costAndExpenses": 1118000000,
        "interestIncome": 0,
        "interestExpense": 0,
        "depreciationAndAmortization": 644000000,
        "ebitda": 550000000,
        "ebitdaratio": 0.537109375,
        "operatingIncome": 15000000,
        "operatingIncomeRatio": 0.0146484375,
        "totalOtherIncomeExpensesNet": -64000000,
        "incomeBeforeTax": -49000000,
        "incomeBeforeTaxRatio": -0.0478515625,
        "incomeTaxExpense": -3000000,
        "netIncome": -46000000,
        "netIncomeRatio": -0.044921875,
        "eps": -0.06,
        "epsdiluted": -0.0579,
        "weightedAverageShsOut": 766666666,
        "weightedAverageShsOutDil": 794000000,
        "link": "https://www.sec.gov/Archives/edgar/data/101778/000010177820000081/0000101778-20-000081-index.htm",
        "finalLink": "https://www.sec.gov/Archives/edgar/data/101778/000010177820000081/mro-2020331x10q.htm"
    },
    {
        "date": "2019-12-31",
        "symbol": "MRO",
        "reportedCurrency": "USD",
        "cik": "0000101778",
        "fillingDate": "2020-02-20",
        "acceptedDate": "2020-02-20 16:42:06",
        "calendarYear": "2019",
        "period": "Q4",
        "revenue": 1233000000,
        "costOfRevenue": 928000000,
        "grossProfit": 305000000,
        "grossProfitRatio": 0.2473641525,
        "researchAndDevelopmentExpenses": 0,
        "generalAndAdministrativeExpenses": 93000000,
        "sellingAndMarketingExpenses": 0,
        "sellingGeneralAndAdministrativeExpenses": 93000000,
        "otherExpenses": 2000000,
        "operatingExpenses": 214000000,
        "costAndExpenses": 1142000000,
        "interestIncome": 0,
        "interestExpense": 0,
        "depreciationAndAmortization": 616000000,
        "ebitda": 846000000,
        "ebitdaratio": 0.6861313869,
        "operatingIncome": 73000000,
        "operatingIncomeRatio": 0.0592051906,
        "totalOtherIncomeExpensesNet": -76000000,
        "incomeBeforeTax": -3000000,
        "incomeBeforeTaxRatio": -0.00243309,
        "incomeTaxExpense": 17000000,
        "netIncome": -20000000,
        "netIncomeRatio": -0.0162206002,
        "eps": -0.0251,
        "epsdiluted": -0.025,
        "weightedAverageShsOut": 796000000,
        "weightedAverageShsOutDil": 800000000,
        "link": "https://www.sec.gov/Archives/edgar/data/101778/000010177820000023/0000101778-20-000023-index.htm",
        "finalLink": "https://www.sec.gov/Archives/edgar/data/101778/000010177820000023/mro-20191231x10k2019.htm"
    },
    {
        "date": "2019-09-30",
        "symbol": "MRO",
        "reportedCurrency": "USD",
        "cik": "0000101778",
        "fillingDate": "2019-11-07",
        "acceptedDate": "2019-11-07 16:34:06",
        "calendarYear": "2019",
        "period": "Q3",
        "revenue": 1249000000,
        "costOfRevenue": 923000000,
        "grossProfit": 326000000,
        "grossProfitRatio": 0.261008807,
        "researchAndDevelopmentExpenses": 0,
        "generalAndAdministrativeExpenses": 82000000,
        "sellingAndMarketingExpenses": 0,
        "sellingGeneralAndAdministrativeExpenses": 82000000,
        "otherExpenses": 8000000,
        "operatingExpenses": 185000000,
        "costAndExpenses": 1108000000,
        "interestIncome": 0,
        "interestExpense": 0,
        "depreciationAndAmortization": 622000000,
        "ebitda": 763000000,
        "ebitdaratio": 0.610888711,
        "operatingIncome": 237000000,
        "operatingIncomeRatio": 0.1897518014,
        "totalOtherIncomeExpensesNet": -62000000,
        "incomeBeforeTax": 175000000,
        "incomeBeforeTaxRatio": 0.1401120897,
        "incomeTaxExpense": 10000000,
        "netIncome": 165000000,
        "netIncomeRatio": 0.1321056845,
        "eps": 0.21,
        "epsdiluted": 0.21,
        "weightedAverageShsOut": 802000000,
        "weightedAverageShsOutDil": 803000000,
        "link": "https://www.sec.gov/Archives/edgar/data/101778/000010177819000113/0000101778-19-000113-index.htm",
        "finalLink": "https://www.sec.gov/Archives/edgar/data/101778/000010177819000113/mro-20190930x10q.htm"
    },
    {
        "date": "2019-06-30",
        "symbol": "MRO",
        "reportedCurrency": "USD",
        "cik": "0000101778",
        "fillingDate": "2019-08-08",
        "acceptedDate": "2019-08-08 16:35:53",
        "calendarYear": "2019",
        "period": "Q2",
        "revenue": 1381000000,
        "costOfRevenue": 968000000,
        "grossProfit": 413000000,
        "grossProfitRatio": 0.2990586531,
        "researchAndDevelopmentExpenses": 0,
        "generalAndAdministrativeExpenses": 87000000,
        "sellingAndMarketingExpenses": 0,
        "sellingGeneralAndAdministrativeExpenses": 87000000,
        "otherExpenses": 15000000,
        "operatingExpenses": 192000000,
        "costAndExpenses": 1160000000,
        "interestIncome": 0,
        "interestExpense": 0,
        "depreciationAndAmortization": 605000000,
        "ebitda": 826000000,
        "ebitdaratio": 0.5981173063,
        "operatingIncome": 255000000,
        "operatingIncomeRatio": 0.1846488052,
        "totalOtherIncomeExpensesNet": -62000000,
        "incomeBeforeTax": 193000000,
        "incomeBeforeTaxRatio": 0.1397538016,
        "incomeTaxExpense": 32000000,
        "netIncome": 161000000,
        "netIncomeRatio": 0.1165821868,
        "eps": 0.2,
        "epsdiluted": 0.2,
        "weightedAverageShsOut": 813000000,
        "weightedAverageShsOutDil": 814000000,
        "link": "https://www.sec.gov/Archives/edgar/data/101778/000010177819000093/0000101778-19-000093-index.htm",
        "finalLink": "https://www.sec.gov/Archives/edgar/data/101778/000010177819000093/mro-20190630x10q.htm"
    },
    {
        "date": "2019-03-31",
        "symbol": "MRO",
        "reportedCurrency": "USD",
        "cik": "0000101778",
        "fillingDate": "2019-05-02",
        "acceptedDate": "2019-05-02 16:35:37",
        "calendarYear": "2019",
        "period": "Q1",
        "revenue": 1200000000,
        "costOfRevenue": 895000000,
        "grossProfit": 305000000,
        "grossProfitRatio": 0.2541666667,
        "researchAndDevelopmentExpenses": 0,
        "generalAndAdministrativeExpenses": 94000000,
        "sellingAndMarketingExpenses": 0,
        "sellingGeneralAndAdministrativeExpenses": 94000000,
        "otherExpenses": 40000000,
        "operatingExpenses": 225000000,
        "costAndExpenses": 1120000000,
        "interestIncome": 0,
        "interestExpense": 0,
        "depreciationAndAmortization": 554000000,
        "ebitda": 634000000,
        "ebitdaratio": 0.5283333333,
        "operatingIncome": 71000000,
        "operatingIncomeRatio": 0.0591666667,
        "totalOtherIncomeExpensesNet": -44000000,
        "incomeBeforeTax": 27000000,
        "incomeBeforeTaxRatio": 0.0225,
        "incomeTaxExpense": -147000000,
        "netIncome": 174000000,
        "netIncomeRatio": 0.145,
        "eps": 0.21,
        "epsdiluted": 0.21,
        "weightedAverageShsOut": 819000000,
        "weightedAverageShsOutDil": 820000000,
        "link": "https://www.sec.gov/Archives/edgar/data/101778/000010177819000070/0000101778-19-000070-index.htm",
        "finalLink": "https://www.sec.gov/Archives/edgar/data/101778/000010177819000070/mro-20190331x10q.htm"
    },
    {
        "date": "2018-12-31",
        "symbol": "MRO",
        "reportedCurrency": "USD",
        "cik": "0000101778",
        "fillingDate": "2019-02-21",
        "acceptedDate": "2019-02-21 16:53:44",
        "calendarYear": "2018",
        "period": "Q4",
        "revenue": 1380000000,
        "costOfRevenue": 985000000,
        "grossProfit": 395000000,
        "grossProfitRatio": 0.2862318841,
        "researchAndDevelopmentExpenses": 0,
        "generalAndAdministrativeExpenses": 88000000,
        "sellingAndMarketingExpenses": 0,
        "sellingGeneralAndAdministrativeExpenses": 88000000,
        "otherExpenses": 12000000,
        "operatingExpenses": 288000000,
        "costAndExpenses": 1273000000,
        "interestIncome": 0,
        "interestExpense": 0,
        "depreciationAndAmortization": 613000000,
        "ebitda": 1077000000,
        "ebitdaratio": 0.7804347826,
        "operatingIncome": 467000000,
        "operatingIncomeRatio": 0.3384057971,
        "totalOtherIncomeExpensesNet": -61000000,
        "incomeBeforeTax": 406000000,
        "incomeBeforeTaxRatio": 0.2942028986,
        "incomeTaxExpense": 16000000,
        "netIncome": 390000000,
        "netIncomeRatio": 0.2826086957,
        "eps": 0.48,
        "epsdiluted": 0.47,
        "weightedAverageShsOut": 819000000,
        "weightedAverageShsOutDil": 829000000,
        "link": "https://www.sec.gov/Archives/edgar/data/101778/000010177819000022/0000101778-19-000022-index.htm",
        "finalLink": "https://www.sec.gov/Archives/edgar/data/101778/000010177819000022/mro-20181231x10kq42018.htm"
    },
    {
        "date": "2018-09-30",
        "symbol": "MRO",
        "reportedCurrency": "USD",
        "cik": "0000101778",
        "fillingDate": "2018-11-08",
        "acceptedDate": "2018-11-08 16:46:51",
        "calendarYear": "2018",
        "period": "Q3",
        "revenue": 1538000000,
        "costOfRevenue": 993000000,
        "grossProfit": 545000000,
        "grossProfitRatio": 0.3543563069,
        "researchAndDevelopmentExpenses": 0,
        "generalAndAdministrativeExpenses": 101000000,
        "sellingAndMarketingExpenses": 0,
        "sellingGeneralAndAdministrativeExpenses": 101000000,
        "otherExpenses": 111000000,
        "operatingExpenses": 243000000,
        "costAndExpenses": 1236000000,
        "interestIncome": 0,
        "interestExpense": 0,
        "depreciationAndAmortization": 626000000,
        "ebitda": 928000000,
        "ebitdaratio": 0.6033810143,
        "operatingIncome": 423000000,
        "operatingIncomeRatio": 0.2750325098,
        "totalOtherIncomeExpensesNet": -66000000,
        "incomeBeforeTax": 357000000,
        "incomeBeforeTaxRatio": 0.2321196359,
        "incomeTaxExpense": 103000000,
        "netIncome": 254000000,
        "netIncomeRatio": 0.1651495449,
        "eps": 0.3,
        "epsdiluted": 0.3,
        "weightedAverageShsOut": 848000000,
        "weightedAverageShsOutDil": 849000000,
        "link": "https://www.sec.gov/Archives/edgar/data/101778/000010177818000118/0000101778-18-000118-index.htm",
        "finalLink": "https://www.sec.gov/Archives/edgar/data/101778/000010177818000118/mro-20180930x10q.htm"
    },
    {
        "date": "2018-06-30",
        "symbol": "MRO",
        "reportedCurrency": "USD",
        "cik": "0000101778",
        "fillingDate": "2018-08-02",
        "acceptedDate": "2018-08-02 16:38:17",
        "calendarYear": "2018",
        "period": "Q2",
        "revenue": 1447000000,
        "costOfRevenue": 943000000,
        "grossProfit": 504000000,
        "grossProfitRatio": 0.3483068417,
        "researchAndDevelopmentExpenses": 0,
        "generalAndAdministrativeExpenses": 105000000,
        "sellingAndMarketingExpenses": 0,
        "sellingGeneralAndAdministrativeExpenses": 105000000,
        "otherExpenses": 12000000,
        "operatingExpenses": 235000000,
        "costAndExpenses": 1178000000,
        "interestIncome": 0,
        "interestExpense": 0,
        "depreciationAndAmortization": 612000000,
        "ebitda": 881000000,
        "ebitdaratio": 0.608845888,
        "operatingIncome": 205000000,
        "operatingIncomeRatio": 0.1416724257,
        "totalOtherIncomeExpensesNet": -65000000,
        "incomeBeforeTax": 140000000,
        "incomeBeforeTaxRatio": 0.0967519005,
        "incomeTaxExpense": 44000000,
        "netIncome": 96000000,
        "netIncomeRatio": 0.0663441603,
        "eps": 0.11,
        "epsdiluted": 0.11,
        "weightedAverageShsOut": 854000000,
        "weightedAverageShsOutDil": 855000000,
        "link": "https://www.sec.gov/Archives/edgar/data/101778/000010177818000107/0000101778-18-000107-index.htm",
        "finalLink": "https://www.sec.gov/Archives/edgar/data/101778/000010177818000107/mro-20180630x10q.htm"
    },
    {
        "date": "2018-03-31",
        "symbol": "MRO",
        "reportedCurrency": "USD",
        "cik": "0000101778",
        "fillingDate": "2018-05-03",
        "acceptedDate": "2018-05-03 16:36:10",
        "calendarYear": "2018",
        "period": "Q1",
        "revenue": 1537000000,
        "costOfRevenue": 937000000,
        "grossProfit": 600000000,
        "grossProfitRatio": 0.3903708523,
        "researchAndDevelopmentExpenses": 0,
        "generalAndAdministrativeExpenses": 100000000,
        "sellingAndMarketingExpenses": 0,
        "sellingGeneralAndAdministrativeExpenses": 100000000,
        "otherExpenses": 1000000,
        "operatingExpenses": 216000000,
        "costAndExpenses": 1153000000,
        "interestIncome": 0,
        "interestExpense": 0,
        "depreciationAndAmortization": 590000000,
        "ebitda": 974000000,
        "ebitdaratio": 0.6337020169,
        "operatingIncome": 572000000,
        "operatingIncomeRatio": 0.3721535459,
        "totalOtherIncomeExpensesNet": -48000000,
        "incomeBeforeTax": 524000000,
        "incomeBeforeTaxRatio": 0.3409238777,
        "incomeTaxExpense": 168000000,
        "netIncome": 356000000,
        "netIncomeRatio": 0.231620039,
        "eps": 0.42,
        "epsdiluted": 0.42,
        "weightedAverageShsOut": 851000000,
        "weightedAverageShsOutDil": 852000000,
        "link": "https://www.sec.gov/Archives/edgar/data/101778/000010177818000091/0000101778-18-000091-index.htm",
        "finalLink": "https://www.sec.gov/Archives/edgar/data/101778/000010177818000091/mro-20180331x10q.htm"
    },
    {
        "date": "2017-12-31",
        "symbol": "MRO",
        "reportedCurrency": "USD",
        "cik": "0000101778",
        "fillingDate": "2018-02-22",
        "acceptedDate": "2018-02-22 17:14:17",
        "calendarYear": "2017",
        "period": "Q4",
        "revenue": 1230000000,
        "costOfRevenue": 937000000,
        "grossProfit": 293000000,
        "grossProfitRatio": 0.2382113821,
        "researchAndDevelopmentExpenses": 0,
        "generalAndAdministrativeExpenses": 101000000,
        "sellingAndMarketingExpenses": 0,
        "sellingGeneralAndAdministrativeExpenses": 101000000,
        "otherExpenses": 47000000,
        "operatingExpenses": 213000000,
        "costAndExpenses": 1150000000,
        "interestIncome": 55000000,
        "interestExpense": 199000000,
        "depreciationAndAmortization": 583000000,
        "ebitda": 882000000,
        "ebitdaratio": 0.7170731707,
        "operatingIncome": 208000000,
        "operatingIncomeRatio": 0.1691056911,
        "totalOtherIncomeExpensesNet": -76000000,
        "incomeBeforeTax": 132000000,
        "incomeBeforeTaxRatio": 0.1073170732,
        "incomeTaxExpense": 160000000,
        "netIncome": -28000000,
        "netIncomeRatio": -0.0227642276,
        "eps": -0.0329,
        "epsdiluted": -0.0329,
        "weightedAverageShsOut": 850000000,
        "weightedAverageShsOutDil": 850000000,
        "link": "https://www.sec.gov/Archives/edgar/data/101778/000010177818000026/0000101778-18-000026-index.htm",
        "finalLink": "https://www.sec.gov/Archives/edgar/data/101778/000010177818000026/mro-20171231x10kq42017.htm"
    },
    {
        "date": "2017-09-30",
        "symbol": "MRO",
        "reportedCurrency": "USD",
        "cik": "0000101778",
        "fillingDate": "2017-11-02",
        "acceptedDate": "2017-11-02 16:37:43",
        "calendarYear": "2017",
        "period": "Q3",
        "revenue": 1162000000,
        "costOfRevenue": 993000000,
        "grossProfit": 169000000,
        "grossProfitRatio": 0.1454388985,
        "researchAndDevelopmentExpenses": 0,
        "generalAndAdministrativeExpenses": 97000000,
        "sellingAndMarketingExpenses": 0,
        "sellingGeneralAndAdministrativeExpenses": 97000000,
        "otherExpenses": 8000000,
        "operatingExpenses": 435000000,
        "costAndExpenses": 1428000000,
        "interestIncome": 0,
        "interestExpense": 0,
        "depreciationAndAmortization": 641000000,
        "ebitda": 467000000,
        "ebitdaratio": 0.4018932874,
        "operatingIncome": -377000000,
        "operatingIncomeRatio": -0.3244406196,
        "totalOtherIncomeExpensesNet": -86000000,
        "incomeBeforeTax": -458000000,
        "incomeBeforeTaxRatio": -0.3941480207,
        "incomeTaxExpense": 141000000,
        "netIncome": -599000000,
        "netIncomeRatio": -0.5154905336,
        "eps": -0.7,
        "epsdiluted": -0.7,
        "weightedAverageShsOut": 850000000,
        "weightedAverageShsOutDil": 850000000,
        "link": "https://www.sec.gov/Archives/edgar/data/101778/000010177817000121/0000101778-17-000121-index.htm",
        "finalLink": "https://www.sec.gov/Archives/edgar/data/101778/000010177817000121/mro-20170930x10q.htm"
    },
    {
        "date": "2017-06-30",
        "symbol": "MRO",
        "reportedCurrency": "USD",
        "cik": "0000101778",
        "fillingDate": "2017-08-03",
        "acceptedDate": "2017-08-03 16:38:34",
        "calendarYear": "2017",
        "period": "Q2",
        "revenue": 993000000,
        "costOfRevenue": 917000000,
        "grossProfit": 76000000,
        "grossProfitRatio": 0.0765357503,
        "researchAndDevelopmentExpenses": 0,
        "generalAndAdministrativeExpenses": 90000000,
        "sellingAndMarketingExpenses": 6000000,
        "sellingGeneralAndAdministrativeExpenses": 96000000,
        "otherExpenses": 9000000,
        "operatingExpenses": 168000000,
        "costAndExpenses": 1085000000,
        "interestIncome": 0,
        "interestExpense": 0,
        "depreciationAndAmortization": 592000000,
        "ebitda": 445000000,
        "ebitdaratio": 0.4481369587,
        "operatingIncome": -26000000,
        "operatingIncomeRatio": -0.026183283,
        "totalOtherIncomeExpensesNet": -86000000,
        "incomeBeforeTax": -112000000,
        "incomeBeforeTaxRatio": -0.1127895267,
        "incomeTaxExpense": 41000000,
        "netIncome": -139000000,
        "netIncomeRatio": -0.139979859,
        "eps": -0.16,
        "epsdiluted": -0.16,
        "weightedAverageShsOut": 850000000,
        "weightedAverageShsOutDil": 850000000,
        "link": "https://www.sec.gov/Archives/edgar/data/101778/000010177817000108/0000101778-17-000108-index.htm",
        "finalLink": "https://www.sec.gov/Archives/edgar/data/101778/000010177817000108/mro-20170630x10q.htm"
    },
    {
        "date": "2017-03-31",
        "symbol": "MRO",
        "reportedCurrency": "USD",
        "cik": "0000101778",
        "fillingDate": "2017-05-05",
        "acceptedDate": "2017-05-05 16:50:12",
        "calendarYear": "2017",
        "period": "Q1",
        "revenue": 988000000,
        "costOfRevenue": 830000000,
        "grossProfit": 158000000,
        "grossProfitRatio": 0.1599190283,
        "researchAndDevelopmentExpenses": 0,
        "generalAndAdministrativeExpenses": 109000000,
        "sellingAndMarketingExpenses": 0,
        "sellingGeneralAndAdministrativeExpenses": 109000000,
        "otherExpenses": 14000000,
        "operatingExpenses": 176000000,
        "costAndExpenses": 1006000000,
        "interestIncome": 0,
        "interestExpense": 0,
        "depreciationAndAmortization": 556000000,
        "ebitda": 467000000,
        "ebitdaratio": 0.4726720648,
        "operatingIncome": 62000000,
        "operatingIncomeRatio": 0.0627530364,
        "totalOtherIncomeExpensesNet": -88000000,
        "incomeBeforeTax": -16000000,
        "incomeBeforeTaxRatio": -0.016194332,
        "incomeTaxExpense": 34000000,
        "netIncome": -4957000000,
        "netIncomeRatio": -5.0172064777,
        "eps": -5.95,
        "epsdiluted": -5.84,
        "weightedAverageShsOut": 833333333,
        "weightedAverageShsOutDil": 849000000,
        "link": "https://www.sec.gov/Archives/edgar/data/101778/000010177817000078/0000101778-17-000078-index.htm",
        "finalLink": "https://www.sec.gov/Archives/edgar/data/101778/000010177817000078/mro-20170331x10q.htm"
    },
    {
        "date": "2016-12-31",
        "symbol": "MRO",
        "reportedCurrency": "USD",
        "cik": "0000101778",
        "fillingDate": "2017-02-24",
        "acceptedDate": "2017-02-24 08:14:39",
        "calendarYear": "2016",
        "period": "Q4",
        "revenue": 1200000000,
        "costOfRevenue": 1145000000,
        "grossProfit": 55000000,
        "grossProfitRatio": 0.0458333333,
        "researchAndDevelopmentExpenses": 0,
        "generalAndAdministrativeExpenses": 87000000,
        "sellingAndMarketingExpenses": 11000000,
        "sellingGeneralAndAdministrativeExpenses": 98000000,
        "otherExpenses": 16000000,
        "operatingExpenses": 172000000,
        "costAndExpenses": 1317000000,
        "interestIncome": 0,
        "interestExpense": 0,
        "depreciationAndAmortization": 631000000,
        "ebitda": 1110000000,
        "ebitdaratio": 0.925,
        "operatingIncome": 53000000,
        "operatingIncomeRatio": 0.0441666667,
        "totalOtherIncomeExpensesNet": -77000000,
        "incomeBeforeTax": -24000000,
        "incomeBeforeTaxRatio": -0.02,
        "incomeTaxExpense": 1347000000,
        "netIncome": -1371000000,
        "netIncomeRatio": -1.1425,
        "eps": -1.62,
        "epsdiluted": -1.62,
        "weightedAverageShsOut": 846009197,
        "weightedAverageShsOutDil": 847000000,
        "link": "https://www.sec.gov/Archives/edgar/data/101778/000010177817000046/0000101778-17-000046-index.htm",
        "finalLink": "https://www.sec.gov/Archives/edgar/data/101778/000010177817000046/mro-20161231x10k.htm"
    },
    {
        "date": "2016-09-30",
        "symbol": "MRO",
        "reportedCurrency": "USD",
        "cik": "0000101778",
        "fillingDate": "2016-11-03",
        "acceptedDate": "2016-11-03 16:43:19",
        "calendarYear": "2016",
        "period": "Q3",
        "revenue": 1100000000,
        "costOfRevenue": 1158000000,
        "grossProfit": -58000000,
        "grossProfitRatio": -0.0527272727,
        "researchAndDevelopmentExpenses": 0,
        "generalAndAdministrativeExpenses": 104000000,
        "sellingAndMarketingExpenses": 55000000,
        "sellingGeneralAndAdministrativeExpenses": 159000000,
        "otherExpenses": 23000000,
        "operatingExpenses": 227000000,
        "costAndExpenses": 1385000000,
        "interestIncome": 0,
        "interestExpense": 0,
        "depreciationAndAmortization": 594000000,
        "ebitda": 304000000,
        "ebitdaratio": 0.2763636364,
        "operatingIncome": -203000000,
        "operatingIncomeRatio": -0.1845454545,
        "totalOtherIncomeExpensesNet": -66000000,
        "incomeBeforeTax": -290000000,
        "incomeBeforeTaxRatio": -0.2636363636,
        "incomeTaxExpense": -98000000,
        "netIncome": -192000000,
        "netIncomeRatio": -0.1745454545,
        "eps": -0.23,
        "epsdiluted": -0.23,
        "weightedAverageShsOut": 847000000,
        "weightedAverageShsOutDil": 847000000,
        "link": "https://www.sec.gov/Archives/edgar/data/101778/000010177816000103/0000101778-16-000103-index.htm",
        "finalLink": "https://www.sec.gov/Archives/edgar/data/101778/000010177816000103/mro-20160930x10q.htm"
    },
    {
        "date": "2016-06-30",
        "symbol": "MRO",
        "reportedCurrency": "USD",
        "cik": "0000101778",
        "fillingDate": "2016-08-04",
        "acceptedDate": "2016-08-04 16:41:12",
        "calendarYear": "2016",
        "period": "Q2",
        "revenue": 959000000,
        "costOfRevenue": 1094000000,
        "grossProfit": -135000000,
        "grossProfitRatio": -0.1407716371,
        "researchAndDevelopmentExpenses": 0,
        "generalAndAdministrativeExpenses": 132000000,
        "sellingAndMarketingExpenses": 0,
        "sellingGeneralAndAdministrativeExpenses": 132000000,
        "otherExpenses": 12000000,
        "operatingExpenses": 360000000,
        "costAndExpenses": 1454000000,
        "interestIncome": 0,
        "interestExpense": 0,
        "depreciationAndAmortization": 561000000,
        "ebitda": 240000000,
        "ebitdaratio": 0.2502606882,
        "operatingIncome": -152000000,
        "operatingIncomeRatio": -0.1584984359,
        "totalOtherIncomeExpensesNet": -40000000,
        "incomeBeforeTax": -238000000,
        "incomeBeforeTaxRatio": -0.2481751825,
        "incomeTaxExpense": -68000000,
        "netIncome": -170000000,
        "netIncomeRatio": -0.1772679875,
        "eps": -0.2,
        "epsdiluted": -0.2,
        "weightedAverageShsOut": 848000000,
        "weightedAverageShsOutDil": 848000000,
        "link": "https://www.sec.gov/Archives/edgar/data/101778/000010177816000079/0000101778-16-000079-index.htm",
        "finalLink": "https://www.sec.gov/Archives/edgar/data/101778/000010177816000079/mro-20160630x10q.htm"
    },
    {
        "date": "2016-03-31",
        "symbol": "MRO",
        "reportedCurrency": "USD",
        "cik": "0000101778",
        "fillingDate": "2016-05-05",
        "acceptedDate": "2016-05-05 16:38:28",
        "calendarYear": "2016",
        "period": "Q1",
        "revenue": 772000000,
        "costOfRevenue": 1104000000,
        "grossProfit": -332000000,
        "grossProfitRatio": -0.4300518135,
        "researchAndDevelopmentExpenses": 0,
        "generalAndAdministrativeExpenses": 151000000,
        "sellingAndMarketingExpenses": 0,
        "sellingGeneralAndAdministrativeExpenses": 151000000,
        "otherExpenses": 4000000,
        "operatingExpenses": 223000000,
        "costAndExpenses": 1327000000,
        "interestIncome": 0,
        "interestExpense": 0,
        "depreciationAndAmortization": 609000000,
        "ebitda": 73000000,
        "ebitdaratio": 0.0945595855,
        "operatingIncome": -598000000,
        "operatingIncomeRatio": -0.774611399,
        "totalOtherIncomeExpensesNet": -15000000,
        "incomeBeforeTax": -683000000,
        "incomeBeforeTaxRatio": -0.8847150259,
        "incomeTaxExpense": -276000000,
        "netIncome": -407000000,
        "netIncomeRatio": -0.5272020725,
        "eps": -0.56,
        "epsdiluted": -0.56,
        "weightedAverageShsOut": 730000000,
        "weightedAverageShsOutDil": 730000000,
        "link": "https://www.sec.gov/Archives/edgar/data/101778/000010177816000067/0000101778-16-000067-index.htm",
        "finalLink": "https://www.sec.gov/Archives/edgar/data/101778/000010177816000067/mro-20160331x10q.htm"
    },
    {
        "date": "2015-12-31",
        "symbol": "MRO",
        "reportedCurrency": "USD",
        "cik": "0000101778",
        "fillingDate": "2016-02-25",
        "acceptedDate": "2016-02-25 13:48:08",
        "calendarYear": "2015",
        "period": "Q4",
        "revenue": 1164000000,
        "costOfRevenue": 1317000000,
        "grossProfit": -153000000,
        "grossProfitRatio": -0.131443299,
        "researchAndDevelopmentExpenses": 0,
        "generalAndAdministrativeExpenses": 126000000,
        "sellingAndMarketingExpenses": 0,
        "sellingGeneralAndAdministrativeExpenses": 126000000,
        "otherExpenses": 36000000,
        "operatingExpenses": 701000000,
        "costAndExpenses": 2018000000,
        "interestIncome": 37000000,
        "interestExpense": 180000000,
        "depreciationAndAmortization": 668000000,
        "ebitda": -153000000,
        "ebitdaratio": -0.131443299,
        "operatingIncome": -914000000,
        "operatingIncomeRatio": -0.7852233677,
        "totalOtherIncomeExpensesNet": -87000000,
        "incomeBeforeTax": -1001000000,
        "incomeBeforeTaxRatio": -0.8599656357,
        "incomeTaxExpense": -208000000,
        "netIncome": -793000000,
        "netIncomeRatio": -0.6812714777,
        "eps": -1.17,
        "epsdiluted": -1.17,
        "weightedAverageShsOut": 678000000,
        "weightedAverageShsOutDil": 678000000,
        "link": "https://www.sec.gov/Archives/edgar/data/101778/000010177816000047/0000101778-16-000047-index.htm",
        "finalLink": "https://www.sec.gov/Archives/edgar/data/101778/000010177816000047/mro-20151231x10k.htm"
    },
    {
        "date": "2015-09-30",
        "symbol": "MRO",
        "reportedCurrency": "USD",
        "cik": "0000101778",
        "fillingDate": "2015-11-05",
        "acceptedDate": "2015-11-05 16:40:21",
        "calendarYear": "2015",
        "period": "Q3",
        "revenue": 1384000000,
        "costOfRevenue": 1300000000,
        "grossProfit": 84000000,
        "grossProfitRatio": 0.0606936416,
        "researchAndDevelopmentExpenses": 0,
        "generalAndAdministrativeExpenses": 125000000,
        "sellingAndMarketingExpenses": 0,
        "sellingGeneralAndAdministrativeExpenses": 125000000,
        "otherExpenses": 12000000,
        "operatingExpenses": 756000000,
        "costAndExpenses": 2056000000,
        "interestIncome": 0,
        "interestExpense": 0,
        "depreciationAndAmortization": 717000000,
        "ebitda": -226000000,
        "ebitdaratio": -0.1632947977,
        "operatingIncome": -1070000000,
        "operatingIncomeRatio": -0.7731213873,
        "totalOtherIncomeExpensesNet": -75000000,
        "incomeBeforeTax": -1145000000,
        "incomeBeforeTaxRatio": -0.8273121387,
        "incomeTaxExpense": -396000000,
        "netIncome": -749000000,
        "netIncomeRatio": -0.5411849711,
        "eps": -1.11,
        "epsdiluted": -1.11,
        "weightedAverageShsOut": 674774774,
        "weightedAverageShsOutDil": 677000000,
        "link": "https://www.sec.gov/Archives/edgar/data/101778/000010177815000038/0000101778-15-000038-index.htm",
        "finalLink": "https://www.sec.gov/Archives/edgar/data/101778/000010177815000038/mro-20150930x10q.htm"
    },
    {
        "date": "2015-06-30",
        "symbol": "MRO",
        "reportedCurrency": "USD",
        "cik": "0000101778",
        "fillingDate": "2015-08-06",
        "acceptedDate": "2015-08-06 13:30:40",
        "calendarYear": "2015",
        "period": "Q2",
        "revenue": 1490000000,
        "costOfRevenue": 1464000000,
        "grossProfit": 26000000,
        "grossProfitRatio": 0.0174496644,
        "researchAndDevelopmentExpenses": 0,
        "generalAndAdministrativeExpenses": 168000000,
        "sellingAndMarketingExpenses": 0,
        "sellingGeneralAndAdministrativeExpenses": 168000000,
        "otherExpenses": 15000000,
        "operatingExpenses": 357000000,
        "costAndExpenses": 1821000000,
        "interestIncome": 0,
        "interestExpense": 0,
        "depreciationAndAmortization": 751000000,
        "ebitda": 420000000,
        "ebitdaratio": 0.2818791946,
        "operatingIncome": -334000000,
        "operatingIncomeRatio": -0.2241610738,
        "totalOtherIncomeExpensesNet": -58000000,
        "incomeBeforeTax": -392000000,
        "incomeBeforeTaxRatio": -0.2630872483,
        "incomeTaxExpense": -6000000,
        "netIncome": -386000000,
        "netIncomeRatio": -0.2590604027,
        "eps": -0.57,
        "epsdiluted": -0.57,
        "weightedAverageShsOut": 677000000,
        "weightedAverageShsOutDil": 677000000,
        "link": "https://www.sec.gov/Archives/edgar/data/101778/000010177815000026/0000101778-15-000026-index.htm",
        "finalLink": "https://www.sec.gov/Archives/edgar/data/101778/000010177815000026/mro-20150630x10q.htm"
    },
    {
        "date": "2015-03-31",
        "symbol": "MRO",
        "reportedCurrency": "USD",
        "cik": "0000101778",
        "fillingDate": "2015-05-07",
        "acceptedDate": "2015-05-07 16:13:38",
        "calendarYear": "2015",
        "period": "Q1",
        "revenue": 1484000000,
        "costOfRevenue": 1577000000,
        "grossProfit": -93000000,
        "grossProfitRatio": -0.0626684636,
        "researchAndDevelopmentExpenses": 0,
        "generalAndAdministrativeExpenses": 171000000,
        "sellingAndMarketingExpenses": 0,
        "sellingGeneralAndAdministrativeExpenses": 171000000,
        "otherExpenses": 11000000,
        "operatingExpenses": 328000000,
        "costAndExpenses": 1905000000,
        "interestIncome": 0,
        "interestExpense": 0,
        "depreciationAndAmortization": 821000000,
        "ebitda": 401000000,
        "ebitdaratio": 0.2702156334,
        "operatingIncome": -373000000,
        "operatingIncomeRatio": -0.2513477089,
        "totalOtherIncomeExpensesNet": -47000000,
        "incomeBeforeTax": -420000000,
        "incomeBeforeTaxRatio": -0.2830188679,
        "incomeTaxExpense": -144000000,
        "netIncome": -276000000,
        "netIncomeRatio": -0.1859838275,
        "eps": -0.41,
        "epsdiluted": -0.41,
        "weightedAverageShsOut": 673170731,
        "weightedAverageShsOutDil": 675000000,
        "link": "https://www.sec.gov/Archives/edgar/data/101778/000010177815000016/0000101778-15-000016-index.htm",
        "finalLink": "https://www.sec.gov/Archives/edgar/data/101778/000010177815000016/mro-20150331x10q.htm"
    },
    {
        "date": "2014-12-31",
        "symbol": "MRO",
        "reportedCurrency": "USD",
        "cik": "0000101778",
        "fillingDate": "2015-03-02",
        "acceptedDate": "2015-03-02 09:06:42",
        "calendarYear": "2014",
        "period": "Q4",
        "revenue": 2398000000,
        "costOfRevenue": 1904000000,
        "grossProfit": 494000000,
        "grossProfitRatio": 0.2060050042,
        "researchAndDevelopmentExpenses": 0,
        "generalAndAdministrativeExpenses": 168000000,
        "sellingAndMarketingExpenses": 0,
        "sellingGeneralAndAdministrativeExpenses": 168000000,
        "otherExpenses": 23000000,
        "operatingExpenses": 734000000,
        "costAndExpenses": 2638000000,
        "interestIncome": 0,
        "interestExpense": 0,
        "depreciationAndAmortization": 801000000,
        "ebitda": 880000000,
        "ebitdaratio": 0.3669724771,
        "operatingIncome": -143000000,
        "operatingIncomeRatio": -0.0596330275,
        "totalOtherIncomeExpensesNet": -58000000,
        "incomeBeforeTax": -201000000,
        "incomeBeforeTaxRatio": -0.0838198499,
        "incomeTaxExpense": -108000000,
        "netIncome": 926000000,
        "netIncomeRatio": 0.3861551293,
        "eps": 1.37,
        "epsdiluted": 1.37,
        "weightedAverageShsOut": 675000000,
        "weightedAverageShsOutDil": 677000000,
        "link": "https://www.sec.gov/Archives/edgar/data/101778/000010177815000007/0000101778-15-000007-index.htm",
        "finalLink": "https://www.sec.gov/Archives/edgar/data/101778/000010177815000007/mro-20141231x10k.htm"
    },
    {
        "date": "2014-09-30",
        "symbol": "MRO",
        "reportedCurrency": "USD",
        "cik": "0000101778",
        "fillingDate": "2014-11-04",
        "acceptedDate": "2014-11-04 17:02:33",
        "calendarYear": "2014",
        "period": "Q3",
        "revenue": 2870000000,
        "costOfRevenue": 1983000000,
        "grossProfit": 887000000,
        "grossProfitRatio": 0.3090592334,
        "researchAndDevelopmentExpenses": 0,
        "generalAndAdministrativeExpenses": 160000000,
        "sellingAndMarketingExpenses": 0,
        "sellingGeneralAndAdministrativeExpenses": 160000000,
        "otherExpenses": 15000000,
        "operatingExpenses": 371000000,
        "costAndExpenses": 2354000000,
        "interestIncome": 0,
        "interestExpense": 0,
        "depreciationAndAmortization": 737000000,
        "ebitda": 1253000000,
        "ebitdaratio": 0.4365853659,
        "operatingIncome": 508000000,
        "operatingIncomeRatio": 0.1770034843,
        "totalOtherIncomeExpensesNet": -55000000,
        "incomeBeforeTax": 453000000,
        "incomeBeforeTaxRatio": 0.1578397213,
        "incomeTaxExpense": 149000000,
        "netIncome": 431000000,
        "netIncomeRatio": 0.150174216,
        "eps": 0.64,
        "epsdiluted": 0.64,
        "weightedAverageShsOut": 675000000,
        "weightedAverageShsOutDil": 678000000,
        "link": "https://www.sec.gov/Archives/edgar/data/101778/000010177814000078/0000101778-14-000078-index.htm",
        "finalLink": "https://www.sec.gov/Archives/edgar/data/101778/000010177814000078/mro-2014930x10q.htm"
    },
    {
        "date": "2014-06-30",
        "symbol": "MRO",
        "reportedCurrency": "USD",
        "cik": "0000101778",
        "fillingDate": "2014-08-05",
        "acceptedDate": "2014-08-05 16:51:45",
        "calendarYear": "2014",
        "period": "Q2",
        "revenue": 2888000000,
        "costOfRevenue": 1957000000,
        "grossProfit": 931000000,
        "grossProfitRatio": 0.3223684211,
        "researchAndDevelopmentExpenses": 0,
        "generalAndAdministrativeExpenses": 139000000,
        "sellingAndMarketingExpenses": 0,
        "sellingGeneralAndAdministrativeExpenses": 139000000,
        "otherExpenses": 20000000,
        "operatingExpenses": 393000000,
        "costAndExpenses": 2350000000,
        "interestIncome": 0,
        "interestExpense": 0,
        "depreciationAndAmortization": 626000000,
        "ebitda": 1255000000,
        "ebitdaratio": 0.4345567867,
        "operatingIncome": 587000000,
        "operatingIncomeRatio": 0.2032548476,
        "totalOtherIncomeExpensesNet": -76000000,
        "incomeBeforeTax": 511000000,
        "incomeBeforeTaxRatio": 0.1769390582,
        "incomeTaxExpense": 151000000,
        "netIncome": 540000000,
        "netIncomeRatio": 0.1869806094,
        "eps": 0.8,
        "epsdiluted": 0.8,
        "weightedAverageShsOut": 676000000,
        "weightedAverageShsOutDil": 679000000,
        "link": "https://www.sec.gov/Archives/edgar/data/101778/000010177814000054/0000101778-14-000054-index.htm",
        "finalLink": "https://www.sec.gov/Archives/edgar/data/101778/000010177814000054/mro-2014630x10q.htm"
    },
    {
        "date": "2014-03-31",
        "symbol": "MRO",
        "reportedCurrency": "USD",
        "cik": "0000101778",
        "fillingDate": "2014-05-07",
        "acceptedDate": "2014-05-07 17:25:59",
        "calendarYear": "2014",
        "period": "Q1",
        "revenue": 3370000000,
        "costOfRevenue": 1964000000,
        "grossProfit": 1406000000,
        "grossProfitRatio": 0.4172106825,
        "researchAndDevelopmentExpenses": 0,
        "generalAndAdministrativeExpenses": 192000000,
        "sellingAndMarketingExpenses": 0,
        "sellingGeneralAndAdministrativeExpenses": 192000000,
        "otherExpenses": 20000000,
        "operatingExpenses": 366000000,
        "costAndExpenses": 2330000000,
        "interestIncome": 0,
        "interestExpense": 0,
        "depreciationAndAmortization": 697000000,
        "ebitda": 1148000000,
        "ebitdaratio": 0.340652819,
        "operatingIncome": 1182000000,
        "operatingIncomeRatio": 0.3507418398,
        "totalOtherIncomeExpensesNet": 483000000,
        "incomeBeforeTax": 1130000000,
        "incomeBeforeTaxRatio": 0.3353115727,
        "incomeTaxExpense": 590000000,
        "netIncome": 1149000000,
        "netIncomeRatio": 0.3409495549,
        "eps": 1.66,
        "epsdiluted": 1.65,
        "weightedAverageShsOut": 693000000,
        "weightedAverageShsOutDil": 696000000,
        "link": "https://www.sec.gov/Archives/edgar/data/101778/000010177814000026/0000101778-14-000026-index.htm",
        "finalLink": "https://www.sec.gov/Archives/edgar/data/101778/000010177814000026/mro-2014331x10q.htm"
    },
    {
        "date": "2013-12-31",
        "symbol": "MRO",
        "reportedCurrency": "USD",
        "cik": "0000101778",
        "fillingDate": "2014-02-28",
        "acceptedDate": "2014-02-28 08:20:38",
        "calendarYear": "2013",
        "period": "Q4",
        "revenue": 3179000000,
        "costOfRevenue": 1835000000,
        "grossProfit": 1344000000,
        "grossProfitRatio": 0.4227744574,
        "researchAndDevelopmentExpenses": 0,
        "generalAndAdministrativeExpenses": 203000000,
        "sellingAndMarketingExpenses": 0,
        "sellingGeneralAndAdministrativeExpenses": 203000000,
        "otherExpenses": 26000000,
        "operatingExpenses": 529000000,
        "costAndExpenses": 2364000000,
        "interestIncome": 0,
        "interestExpense": 0,
        "depreciationAndAmortization": 585000000,
        "ebitda": 887000000,
        "ebitdaratio": 0.2790185593,
        "operatingIncome": 883000000,
        "operatingIncomeRatio": 0.277760302,
        "totalOtherIncomeExpensesNet": -65000000,
        "incomeBeforeTax": 818000000,
        "incomeBeforeTaxRatio": 0.2573136206,
        "incomeTaxExpense": 522000000,
        "netIncome": 375000000,
        "netIncomeRatio": 0.1179616232,
        "eps": 0.54,
        "epsdiluted": 0.54,
        "weightedAverageShsOut": 697000000,
        "weightedAverageShsOutDil": 701000000,
        "link": "https://www.sec.gov/Archives/edgar/data/101778/000010177814000014/0000101778-14-000014-index.htm",
        "finalLink": "https://www.sec.gov/Archives/edgar/data/101778/000010177814000014/mro-20131231x10k.htm"
    },
    {
        "date": "2013-09-30",
        "symbol": "MRO",
        "reportedCurrency": "USD",
        "cik": "0000101778",
        "fillingDate": "2013-11-06",
        "acceptedDate": "2013-11-05 17:39:22",
        "calendarYear": "2013",
        "period": "Q3",
        "revenue": 3787000000,
        "costOfRevenue": 2085000000,
        "grossProfit": 1702000000,
        "grossProfitRatio": 0.4494322683,
        "researchAndDevelopmentExpenses": 0,
        "generalAndAdministrativeExpenses": 152000000,
        "sellingAndMarketingExpenses": 0,
        "sellingGeneralAndAdministrativeExpenses": 152000000,
        "otherExpenses": 19000000,
        "operatingExpenses": 396000000,
        "costAndExpenses": 2481000000,
        "interestIncome": 0,
        "interestExpense": 0,
        "depreciationAndAmortization": 720000000,
        "ebitda": 1367000000,
        "ebitdaratio": 0.3609717454,
        "operatingIncome": 1422000000,
        "operatingIncomeRatio": 0.3754951149,
        "totalOtherIncomeExpensesNet": 530000000,
        "incomeBeforeTax": 1356000000,
        "incomeBeforeTaxRatio": 0.3580670716,
        "incomeTaxExpense": 787000000,
        "netIncome": 569000000,
        "netIncomeRatio": 0.1502508582,
        "eps": 0.8,
        "epsdiluted": 0.8,
        "weightedAverageShsOut": 707000000,
        "weightedAverageShsOutDil": 711000000,
        "link": "https://www.sec.gov/Archives/edgar/data/101778/000010177813000049/0000101778-13-000049-index.htm",
        "finalLink": "https://www.sec.gov/Archives/edgar/data/101778/000010177813000049/mro-2013930x10q.htm"
    },
    {
        "date": "2013-06-30",
        "symbol": "MRO",
        "reportedCurrency": "USD",
        "cik": "0000101778",
        "fillingDate": "2013-08-08",
        "acceptedDate": "2013-08-07 17:50:43",
        "calendarYear": "2013",
        "period": "Q2",
        "revenue": 3918000000,
        "costOfRevenue": 1933000000,
        "grossProfit": 1985000000,
        "grossProfitRatio": 0.5066360388,
        "researchAndDevelopmentExpenses": 0,
        "generalAndAdministrativeExpenses": 164000000,
        "sellingAndMarketingExpenses": 0,
        "sellingGeneralAndAdministrativeExpenses": 164000000,
        "otherExpenses": 10000000,
        "operatingExpenses": 390000000,
        "costAndExpenses": 2323000000,
        "interestIncome": 0,
        "interestExpense": 0,
        "depreciationAndAmortization": 738000000,
        "ebitda": 1702000000,
        "ebitdaratio": 0.4344053088,
        "operatingIncome": 1575000000,
        "operatingIncomeRatio": 0.4019908116,
        "totalOtherIncomeExpensesNet": -67000000,
        "incomeBeforeTax": 1504000000,
        "incomeBeforeTaxRatio": 0.3838693211,
        "incomeTaxExpense": 1078000000,
        "netIncome": 426000000,
        "netIncomeRatio": 0.1087289433,
        "eps": 0.6,
        "epsdiluted": 0.6,
        "weightedAverageShsOut": 710000000,
        "weightedAverageShsOutDil": 714000000,
        "link": "https://www.sec.gov/Archives/edgar/data/101778/000010177813000034/0000101778-13-000034-index.htm",
        "finalLink": "https://www.sec.gov/Archives/edgar/data/101778/000010177813000034/mro-2013630x10q.htm"
    },
    {
        "date": "2013-03-31",
        "symbol": "MRO",
        "reportedCurrency": "USD",
        "cik": "0000101778",
        "fillingDate": "2013-05-10",
        "acceptedDate": "2013-05-09 17:47:32",
        "calendarYear": "2013",
        "period": "Q1",
        "revenue": 3870000000,
        "costOfRevenue": 1865000000,
        "grossProfit": 2005000000,
        "grossProfitRatio": 0.5180878553,
        "researchAndDevelopmentExpenses": 0,
        "generalAndAdministrativeExpenses": 174000000,
        "sellingAndMarketingExpenses": 0,
        "sellingGeneralAndAdministrativeExpenses": 174000000,
        "otherExpenses": 9000000,
        "operatingExpenses": 723000000,
        "costAndExpenses": 2588000000,
        "interestIncome": 0,
        "interestExpense": 0,
        "depreciationAndAmortization": 747000000,
        "ebitda": 1961000000,
        "ebitdaratio": 0.5067183463,
        "operatingIncome": 1480000000,
        "operatingIncomeRatio": 0.3824289406,
        "totalOtherIncomeExpensesNet": 875000000,
        "incomeBeforeTax": 1408000000,
        "incomeBeforeTaxRatio": 0.3638242894,
        "incomeTaxExpense": 1025000000,
        "netIncome": 383000000,
        "netIncomeRatio": 0.0989664083,
        "eps": 0.54,
        "epsdiluted": 0.54,
        "weightedAverageShsOut": 708000000,
        "weightedAverageShsOutDil": 712000000,
        "link": "https://www.sec.gov/Archives/edgar/data/101778/000010177813000019/0000101778-13-000019-index.htm",
        "finalLink": "https://www.sec.gov/Archives/edgar/data/101778/000010177813000019/mro-2013331x10q.htm"
    },
    {
        "date": "2012-12-31",
        "symbol": "MRO",
        "reportedCurrency": "USD",
        "cik": "0000101778",
        "fillingDate": "2013-02-22",
        "acceptedDate": "2013-02-22 12:40:55",
        "calendarYear": "2012",
        "period": "Q4",
        "revenue": 4132000000,
        "costOfRevenue": 1970000000,
        "grossProfit": 2162000000,
        "grossProfitRatio": 0.5232333011,
        "researchAndDevelopmentExpenses": 0,
        "generalAndAdministrativeExpenses": 166000000,
        "sellingAndMarketingExpenses": 0,
        "sellingGeneralAndAdministrativeExpenses": 166000000,
        "otherExpenses": -7000000,
        "operatingExpenses": 485000000,
        "costAndExpenses": 2455000000,
        "interestIncome": 13000000,
        "interestExpense": 72000000,
        "depreciationAndAmortization": 699000000,
        "ebitda": 2393000000,
        "ebitdaratio": 0.5791384318,
        "operatingIncome": 1681000000,
        "operatingIncomeRatio": 0.4068247822,
        "totalOtherIncomeExpensesNet": -59000000,
        "incomeBeforeTax": 1622000000,
        "incomeBeforeTaxRatio": 0.3925459826,
        "incomeTaxExpense": 1300000000,
        "netIncome": 322000000,
        "netIncomeRatio": 0.077928364,
        "eps": 0.46,
        "epsdiluted": 0.45,
        "weightedAverageShsOut": 707000000,
        "weightedAverageShsOutDil": 711000000,
        "link": "https://www.sec.gov/Archives/edgar/data/101778/000010177813000006/0000101778-13-000006-index.htm",
        "finalLink": "https://www.sec.gov/Archives/edgar/data/101778/000010177813000006/mro-20121231x10k.htm"
    },
    {
        "date": "2012-09-30",
        "symbol": "MRO",
        "reportedCurrency": "USD",
        "cik": "0000101778",
        "fillingDate": "2012-11-07",
        "acceptedDate": "2012-11-07 15:19:56",
        "calendarYear": "2012",
        "period": "Q3",
        "revenue": 4039000000,
        "costOfRevenue": 1544000000,
        "grossProfit": 2495000000,
        "grossProfitRatio": 0.6177271602,
        "researchAndDevelopmentExpenses": 0,
        "generalAndAdministrativeExpenses": 139000000,
        "sellingAndMarketingExpenses": 0,
        "sellingGeneralAndAdministrativeExpenses": 139000000,
        "otherExpenses": 688000000,
        "operatingExpenses": 827000000,
        "costAndExpenses": 2371000000,
        "interestIncome": 0,
        "interestExpense": 53000000,
        "depreciationAndAmortization": 625000000,
        "ebitda": 2290000000,
        "ebitdaratio": 0.5669720228,
        "operatingIncome": 1782000000,
        "operatingIncomeRatio": 0.4411983164,
        "totalOtherIncomeExpensesNet": -53000000,
        "incomeBeforeTax": 1729000000,
        "incomeBeforeTaxRatio": 0.4280762565,
        "incomeTaxExpense": 1279000000,
        "netIncome": 450000000,
        "netIncomeRatio": 0.1114137163,
        "eps": 0.64,
        "epsdiluted": 0.63,
        "weightedAverageShsOut": 706000000,
        "weightedAverageShsOutDil": 709000000,
        "link": "https://www.sec.gov/Archives/edgar/data/101778/000010177812000029/0000101778-12-000029-index.htm",
        "finalLink": "https://www.sec.gov/Archives/edgar/data/101778/000010177812000029/mro-2012930x10q.htm"
    },
    {
        "date": "2012-06-30",
        "symbol": "MRO",
        "reportedCurrency": "USD",
        "cik": "0000101778",
        "fillingDate": "2012-08-03",
        "acceptedDate": "2012-08-03 17:02:59",
        "calendarYear": "2012",
        "period": "Q2",
        "revenue": 3724000000,
        "costOfRevenue": 1531000000,
        "grossProfit": 2193000000,
        "grossProfitRatio": 0.5888829216,
        "researchAndDevelopmentExpenses": 0,
        "generalAndAdministrativeExpenses": 130000000,
        "sellingAndMarketingExpenses": 0,
        "sellingGeneralAndAdministrativeExpenses": 130000000,
        "otherExpenses": 647000000,
        "operatingExpenses": 777000000,
        "costAndExpenses": 2308000000,
        "interestIncome": 0,
        "interestExpense": 57000000,
        "depreciationAndAmortization": 580000000,
        "ebitda": 2004000000,
        "ebitdaratio": 0.5381310419,
        "operatingIncome": 1475000000,
        "operatingIncomeRatio": 0.3960794844,
        "totalOtherIncomeExpensesNet": -57000000,
        "incomeBeforeTax": 1418000000,
        "incomeBeforeTaxRatio": 0.380773362,
        "incomeTaxExpense": 1025000000,
        "netIncome": 393000000,
        "netIncomeRatio": 0.1055316864,
        "eps": 0.56,
        "epsdiluted": 0.56,
        "weightedAverageShsOut": 706000000,
        "weightedAverageShsOutDil": 709000000,
        "link": "https://www.sec.gov/Archives/edgar/data/101778/000114036112035104/0001140361-12-035104-index.htm",
        "finalLink": "https://www.sec.gov/Archives/edgar/data/101778/000114036112035104/form10q2012q1.htm"
    },
    {
        "date": "2012-03-31",
        "symbol": "MRO",
        "reportedCurrency": "USD",
        "cik": "0000101778",
        "fillingDate": "2012-05-04",
        "acceptedDate": "2012-05-04 08:43:40",
        "calendarYear": "2012",
        "period": "Q1",
        "revenue": 3962000000,
        "costOfRevenue": 1612000000,
        "grossProfit": 2350000000,
        "grossProfitRatio": 0.5931347804,
        "researchAndDevelopmentExpenses": 0,
        "generalAndAdministrativeExpenses": 120000000,
        "sellingAndMarketingExpenses": 0,
        "sellingGeneralAndAdministrativeExpenses": 120000000,
        "otherExpenses": 652000000,
        "operatingExpenses": 772000000,
        "costAndExpenses": 2384000000,
        "interestIncome": 0,
        "interestExpense": 50000000,
        "depreciationAndAmortization": 574000000,
        "ebitda": 1983000000,
        "ebitdaratio": 0.5005047956,
        "operatingIncome": 1394000000,
        "operatingIncomeRatio": 0.3518425038,
        "totalOtherIncomeExpensesNet": -50000000,
        "incomeBeforeTax": 1344000000,
        "incomeBeforeTaxRatio": 0.3392226148,
        "incomeTaxExpense": 927000000,
        "netIncome": 417000000,
        "netIncomeRatio": 0.1052498738,
        "eps": 0.59,
        "epsdiluted": 0.59,
        "weightedAverageShsOut": 706000000,
        "weightedAverageShsOutDil": 710000000,
        "link": "https://www.sec.gov/Archives/edgar/data/101778/000010177812000020/0000101778-12-000020-index.htm",
        "finalLink": "https://www.sec.gov/Archives/edgar/data/101778/000010177812000020/form10q2012q1.htm"
    },
    {
        "date": "2011-12-31",
        "symbol": "MRO",
        "reportedCurrency": "USD",
        "cik": "0000101778",
        "fillingDate": "2012-02-29",
        "acceptedDate": "2012-02-29 15:09:41",
        "calendarYear": "2011",
        "period": "Q4",
        "revenue": 3707000000,
        "costOfRevenue": 1760000000,
        "grossProfit": 1947000000,
        "grossProfitRatio": 0.5252225519,
        "researchAndDevelopmentExpenses": 0,
        "generalAndAdministrativeExpenses": 0,
        "sellingAndMarketingExpenses": 0,
        "sellingGeneralAndAdministrativeExpenses": 173000000,
        "otherExpenses": 610000000,
        "operatingExpenses": 783000000,
        "costAndExpenses": 2543000000,
        "interestIncome": 0,
        "interestExpense": 45000000,
        "depreciationAndAmortization": 550000000,
        "ebitda": 1813000000,
        "ebitdaratio": 0.4890747235,
        "operatingIncome": 1263000000,
        "operatingIncomeRatio": 0.340706771,
        "totalOtherIncomeExpensesNet": -45000000,
        "incomeBeforeTax": 1218000000,
        "incomeBeforeTaxRatio": 0.3285675749,
        "incomeTaxExpense": 669000000,
        "netIncome": 549000000,
        "netIncomeRatio": 0.1480981926,
        "eps": 0.78,
        "epsdiluted": 0.78,
        "weightedAverageShsOut": 704000000,
        "weightedAverageShsOutDil": 707000000,
        "link": "https://www.sec.gov/Archives/edgar/data/101778/000119312512088742/0001193125-12-088742-index.htm",
        "finalLink": "https://www.sec.gov/Archives/edgar/data/101778/000119312512088742/d270787d10k.htm"
    },
    {
        "date": "2011-09-30",
        "symbol": "MRO",
        "reportedCurrency": "USD",
        "cik": "0000101778",
        "fillingDate": "2011-11-04",
        "acceptedDate": "2011-11-04 12:20:15",
        "calendarYear": "2011",
        "period": "Q3",
        "revenue": 3676000000,
        "costOfRevenue": 1786000000,
        "grossProfit": 1890000000,
        "grossProfitRatio": 0.5141458107,
        "researchAndDevelopmentExpenses": 0,
        "generalAndAdministrativeExpenses": 104000000,
        "sellingAndMarketingExpenses": 0,
        "sellingGeneralAndAdministrativeExpenses": 104000000,
        "otherExpenses": 576000000,
        "operatingExpenses": 680000000,
        "costAndExpenses": 2466000000,
        "interestIncome": 0,
        "interestExpense": 30000000,
        "depreciationAndAmortization": 517000000,
        "ebitda": 1850000000,
        "ebitdaratio": 0.5032644178,
        "operatingIncome": 1333000000,
        "operatingIncomeRatio": 0.3626224157,
        "totalOtherIncomeExpensesNet": -30000000,
        "incomeBeforeTax": 1303000000,
        "incomeBeforeTaxRatio": 0.3544613711,
        "incomeTaxExpense": 898000000,
        "netIncome": 405000000,
        "netIncomeRatio": 0.1101741023,
        "eps": 0.64,
        "epsdiluted": 0.63,
        "weightedAverageShsOut": 711000000,
        "weightedAverageShsOutDil": 714000000,
        "link": "https://www.sec.gov/Archives/edgar/data/101778/000010177811000073/0000101778-11-000073-index.htm",
        "finalLink": "https://www.sec.gov/Archives/edgar/data/101778/000010177811000073/form10q2011nov4.htm"
    },
    {
        "date": "2011-06-30",
        "symbol": "MRO",
        "reportedCurrency": "USD",
        "cik": "0000101778",
        "fillingDate": "2011-06-30",
        "acceptedDate": "2011-06-29 20:00:00",
        "calendarYear": "2011",
        "period": "Q2",
        "revenue": 3745000000,
        "costOfRevenue": 1883000000,
        "grossProfit": 1862000000,
        "grossProfitRatio": 0.4971962617,
        "researchAndDevelopmentExpenses": 0,
        "generalAndAdministrativeExpenses": 0,
        "sellingAndMarketingExpenses": 0,
        "sellingGeneralAndAdministrativeExpenses": 130000000,
        "otherExpenses": 617000000,
        "operatingExpenses": 747000000,
        "costAndExpenses": 2630000000,
        "interestIncome": 0,
        "interestExpense": 13000000,
        "depreciationAndAmortization": 347000000,
        "ebitda": 1492000000,
        "ebitdaratio": 0.3983978638,
        "operatingIncome": 928000000,
        "operatingIncomeRatio": 0.2477970628,
        "totalOtherIncomeExpensesNet": -13000000,
        "incomeBeforeTax": 915000000,
        "incomeBeforeTaxRatio": 0.2443257677,
        "incomeTaxExpense": 617000000,
        "netIncome": 996000000,
        "netIncomeRatio": 0.2659546061,
        "eps": 1.4,
        "epsdiluted": 1.39,
        "weightedAverageShsOut": 713000000,
        "weightedAverageShsOutDil": 717000000,
        "link": "",
        "finalLink": ""
    },
    {
        "date": "2011-03-31",
        "symbol": "MRO",
        "reportedCurrency": "USD",
        "cik": "0000101778",
        "fillingDate": "2011-05-06",
        "acceptedDate": "2011-05-06 10:51:12",
        "calendarYear": "2011",
        "period": "Q1",
        "revenue": 20945000000,
        "costOfRevenue": 17641000000,
        "grossProfit": 3304000000,
        "grossProfitRatio": 0.1577464789,
        "researchAndDevelopmentExpenses": 0,
        "generalAndAdministrativeExpenses": 0,
        "sellingAndMarketingExpenses": 0,
        "sellingGeneralAndAdministrativeExpenses": 353000000,
        "otherExpenses": 974000000,
        "operatingExpenses": 1327000000,
        "costAndExpenses": 18968000000,
        "interestIncome": 0,
        "interestExpense": 65000000,
        "depreciationAndAmortization": 852000000,
        "ebitda": 2955000000,
        "ebitdaratio": 0.1410837909,
        "operatingIncome": 2103000000,
        "operatingIncomeRatio": 0.1004058248,
        "totalOtherIncomeExpensesNet": 470000000,
        "incomeBeforeTax": 1759000000,
        "incomeBeforeTaxRatio": 0.0839818572,
        "incomeTaxExpense": 763000000,
        "netIncome": 996000000,
        "netIncomeRatio": 0.0475531153,
        "eps": 1.4,
        "epsdiluted": 1.39,
        "weightedAverageShsOut": 711000000,
        "weightedAverageShsOutDil": 715000000,
        "link": "https://www.sec.gov/Archives/edgar/data/101778/000010177811000020/0000101778-11-000020-index.htm",
        "finalLink": "https://www.sec.gov/Archives/edgar/data/101778/000010177811000020/form10q2011q1.htm"
    },
    {
        "date": "2010-12-31",
        "symbol": "MRO",
        "reportedCurrency": "USD",
        "cik": "0000101778",
        "fillingDate": "2011-02-28",
        "acceptedDate": "2011-02-25 19:57:38",
        "calendarYear": "2010",
        "period": "Q4",
        "revenue": 19652000000,
        "costOfRevenue": 16993000000,
        "grossProfit": 2659000000,
        "grossProfitRatio": 0.1353042947,
        "researchAndDevelopmentExpenses": 0,
        "generalAndAdministrativeExpenses": 0,
        "sellingAndMarketingExpenses": 0,
        "sellingGeneralAndAdministrativeExpenses": 405000000,
        "otherExpenses": 1002000000,
        "operatingExpenses": 1407000000,
        "costAndExpenses": 18400000000,
        "interestIncome": 0,
        "interestExpense": 0,
        "depreciationAndAmortization": 893000000,
        "ebitda": 1982000000,
        "ebitdaratio": 0.1008548748,
        "operatingIncome": 1240000000,
        "operatingIncomeRatio": 0.0630979035,
        "totalOtherIncomeExpensesNet": -28000000,
        "incomeBeforeTax": 1212000000,
        "incomeBeforeTaxRatio": 0.0616731122,
        "incomeTaxExpense": 506000000,
        "netIncome": 706000000,
        "netIncomeRatio": 0.0359250967,
        "eps": 0.99,
        "epsdiluted": 0.99,
        "weightedAverageShsOut": 710000000,
        "weightedAverageShsOutDil": 710000000,
        "link": "https://www.sec.gov/Archives/edgar/data/101778/000119312511047891/0001193125-11-047891-index.htm",
        "finalLink": "https://www.sec.gov/Archives/edgar/data/101778/000119312511047891/d10k.htm"
    },
    {
        "date": "2010-09-30",
        "symbol": "MRO",
        "reportedCurrency": "USD",
        "cik": "0000101778",
        "fillingDate": "2010-11-08",
        "acceptedDate": "2010-11-05 17:43:28",
        "calendarYear": "2010",
        "period": "Q3",
        "revenue": 18575000000,
        "costOfRevenue": 15881000000,
        "grossProfit": 2694000000,
        "grossProfitRatio": 0.1450336474,
        "researchAndDevelopmentExpenses": 0,
        "generalAndAdministrativeExpenses": 0,
        "sellingAndMarketingExpenses": 0,
        "sellingGeneralAndAdministrativeExpenses": 324000000,
        "otherExpenses": 864000000,
        "operatingExpenses": 1188000000,
        "costAndExpenses": 17069000000,
        "interestIncome": 0,
        "interestExpense": 16000000,
        "depreciationAndAmortization": 765000000,
        "ebitda": 2271000000,
        "ebitdaratio": 0.1222611036,
        "operatingIncome": 1506000000,
        "operatingIncomeRatio": 0.081076716,
        "totalOtherIncomeExpensesNet": -27000000,
        "incomeBeforeTax": 1479000000,
        "incomeBeforeTaxRatio": 0.0796231494,
        "incomeTaxExpense": 783000000,
        "netIncome": 696000000,
        "netIncomeRatio": 0.0374697174,
        "eps": 0.98,
        "epsdiluted": 0.98,
        "weightedAverageShsOut": 710000000,
        "weightedAverageShsOutDil": 712000000,
        "link": "https://www.sec.gov/Archives/edgar/data/101778/000010177810000077/0000101778-10-000077-index.htm",
        "finalLink": "https://www.sec.gov/Archives/edgar/data/101778/000010177810000077/form10q2010sep30.htm"
    },
    {
        "date": "2010-06-30",
        "symbol": "MRO",
        "reportedCurrency": "USD",
        "cik": "0000101778",
        "fillingDate": "2010-08-06",
        "acceptedDate": "2010-08-06 12:04:52",
        "calendarYear": "2010",
        "period": "Q2",
        "revenue": 18574000000,
        "costOfRevenue": 15741000000,
        "grossProfit": 2833000000,
        "grossProfitRatio": 0.152525035,
        "researchAndDevelopmentExpenses": 125000000,
        "generalAndAdministrativeExpenses": 0,
        "sellingAndMarketingExpenses": 0,
        "sellingGeneralAndAdministrativeExpenses": 336000000,
        "otherExpenses": 643000000,
        "operatingExpenses": 1229000000,
        "costAndExpenses": 16970000000,
        "interestIncome": 0,
        "interestExpense": 18000000,
        "depreciationAndAmortization": 658000000,
        "ebitda": 1246000000,
        "ebitdaratio": 0.0670830193,
        "operatingIncome": 1571000000,
        "operatingIncomeRatio": 0.0845805965,
        "totalOtherIncomeExpensesNet": -110000000,
        "incomeBeforeTax": 1461000000,
        "incomeBeforeTaxRatio": 0.0786583396,
        "incomeTaxExpense": 752000000,
        "netIncome": 709000000,
        "netIncomeRatio": 0.0381716378,
        "eps": 1,
        "epsdiluted": 1,
        "weightedAverageShsOut": 710000000,
        "weightedAverageShsOutDil": 712000000,
        "link": "https://www.sec.gov/Archives/edgar/data/101778/000010177810000048/0000101778-10-000048-index.htm",
        "finalLink": "https://www.sec.gov/Archives/edgar/data/101778/000010177810000048/form10q2010qtr1.htm"
    },
    {
        "date": "2010-03-31",
        "symbol": "MRO",
        "reportedCurrency": "USD",
        "cik": "0000101778",
        "fillingDate": "2010-05-10",
        "acceptedDate": "2010-05-10 15:50:10",
        "calendarYear": "2010",
        "period": "Q1",
        "revenue": 16820000000,
        "costOfRevenue": 14093000000,
        "grossProfit": 2727000000,
        "grossProfitRatio": 0.1621284185,
        "researchAndDevelopmentExpenses": 98000000,
        "generalAndAdministrativeExpenses": 0,
        "sellingAndMarketingExpenses": 0,
        "sellingGeneralAndAdministrativeExpenses": 298000000,
        "otherExpenses": 666000000,
        "operatingExpenses": 1293000000,
        "costAndExpenses": 15386000000,
        "interestIncome": 0,
        "interestExpense": 30000000,
        "depreciationAndAmortization": 649000000,
        "ebitda": 1978000000,
        "ebitdaratio": 0.1175980975,
        "operatingIncome": 1000000000,
        "operatingIncomeRatio": 0.0594530321,
        "totalOtherIncomeExpensesNet": -30000000,
        "incomeBeforeTax": 970000000,
        "incomeBeforeTaxRatio": 0.0576694411,
        "incomeTaxExpense": 513000000,
        "netIncome": 457000000,
        "netIncomeRatio": 0.0271700357,
        "eps": 0.64,
        "epsdiluted": 0.64,
        "weightedAverageShsOut": 709000000,
        "weightedAverageShsOutDil": 711000000,
        "link": "https://www.sec.gov/Archives/edgar/data/101778/000010177810000027/0000101778-10-000027-index.htm",
        "finalLink": "https://www.sec.gov/Archives/edgar/data/101778/000010177810000027/form10q2010q1.htm"
    },
    {
        "date": "2009-12-31",
        "symbol": "MRO",
        "reportedCurrency": "USD",
        "cik": "0000101778",
        "fillingDate": "2010-02-26",
        "acceptedDate": "2010-02-26 16:09:10",
        "calendarYear": "2009",
        "period": "Q4",
        "revenue": 16066000000,
        "costOfRevenue": 14019000000,
        "grossProfit": 2047000000,
        "grossProfitRatio": 0.1274119258,
        "researchAndDevelopmentExpenses": -119000000,
        "generalAndAdministrativeExpenses": 0,
        "sellingAndMarketingExpenses": 0,
        "sellingGeneralAndAdministrativeExpenses": 328000000,
        "otherExpenses": 726000000,
        "operatingExpenses": 1054000000,
        "costAndExpenses": 15073000000,
        "interestIncome": 11000000,
        "interestExpense": 6000000,
        "depreciationAndAmortization": 635000000,
        "ebitda": 1548000000,
        "ebitdaratio": 0.0963525457,
        "operatingIncome": 993000000,
        "operatingIncomeRatio": 0.0618075439,
        "totalOtherIncomeExpensesNet": -86000000,
        "incomeBeforeTax": 907000000,
        "incomeBeforeTaxRatio": 0.0564546247,
        "incomeTaxExpense": 708000000,
        "netIncome": 355000000,
        "netIncomeRatio": 0.0220963525,
        "eps": 0.5,
        "epsdiluted": 0.5,
        "weightedAverageShsOut": 709000000,
        "weightedAverageShsOutDil": 709000000,
        "link": "https://www.sec.gov/Archives/edgar/data/101778/000119312510042898/0001193125-10-042898-index.htm",
        "finalLink": "https://www.sec.gov/Archives/edgar/data/101778/000119312510042898/d10k.htm"
    },
    {
        "date": "2009-09-30",
        "symbol": "MRO",
        "reportedCurrency": "USD",
        "cik": "0000101778",
        "fillingDate": "2009-11-06",
        "acceptedDate": "2009-11-06 14:56:32",
        "calendarYear": "2009",
        "period": "Q3",
        "revenue": 14477000000,
        "costOfRevenue": 12221000000,
        "grossProfit": 2256000000,
        "grossProfitRatio": 0.1558333909,
        "researchAndDevelopmentExpenses": 55000000,
        "generalAndAdministrativeExpenses": 0,
        "sellingAndMarketingExpenses": 0,
        "sellingGeneralAndAdministrativeExpenses": 323000000,
        "otherExpenses": 673000000,
        "operatingExpenses": 1239000000,
        "costAndExpenses": 13460000000,
        "interestIncome": 0,
        "interestExpense": 35000000,
        "depreciationAndAmortization": 625000000,
        "ebitda": 1647000000,
        "ebitdaratio": 0.1137666644,
        "operatingIncome": 1017000000,
        "operatingIncomeRatio": 0.0702493611,
        "totalOtherIncomeExpensesNet": -35000000,
        "incomeBeforeTax": 982000000,
        "incomeBeforeTaxRatio": 0.0678317331,
        "incomeTaxExpense": 590000000,
        "netIncome": 413000000,
        "netIncomeRatio": 0.0285280099,
        "eps": 0.58,
        "epsdiluted": 0.58,
        "weightedAverageShsOut": 709000000,
        "weightedAverageShsOutDil": 711000000,
        "link": "https://www.sec.gov/Archives/edgar/data/101778/000010177809000123/0000101778-09-000123-index.htm",
        "finalLink": "https://www.sec.gov/Archives/edgar/data/101778/000010177809000123/form10q2009sept30.htm"
    },
    {
        "date": "2009-06-30",
        "symbol": "MRO",
        "reportedCurrency": "USD",
        "cik": "0000101778",
        "fillingDate": "2009-08-06",
        "acceptedDate": "2009-08-06 14:45:12",
        "calendarYear": "2009",
        "period": "Q2",
        "revenue": 13358000000,
        "costOfRevenue": 11002000000,
        "grossProfit": 2356000000,
        "grossProfitRatio": 0.1763737086,
        "researchAndDevelopmentExpenses": 64000000,
        "generalAndAdministrativeExpenses": 0,
        "sellingAndMarketingExpenses": 0,
        "sellingGeneralAndAdministrativeExpenses": 321000000,
        "otherExpenses": 734000000,
        "operatingExpenses": 1293000000,
        "costAndExpenses": 12295000000,
        "interestIncome": 0,
        "interestExpense": 11000000,
        "depreciationAndAmortization": 698000000,
        "ebitda": 1764000000,
        "ebitdaratio": 0.132055697,
        "operatingIncome": 1063000000,
        "operatingIncomeRatio": 0.0795777811,
        "totalOtherIncomeExpensesNet": -11000000,
        "incomeBeforeTax": 1052000000,
        "incomeBeforeTaxRatio": 0.0787543045,
        "incomeTaxExpense": 711000000,
        "netIncome": 413000000,
        "netIncomeRatio": 0.0309178021,
        "eps": 0.58,
        "epsdiluted": 0.58,
        "weightedAverageShsOut": 709000000,
        "weightedAverageShsOutDil": 711000000,
        "link": "https://www.sec.gov/Archives/edgar/data/101778/000010177809000113/0000101778-09-000113-index.htm",
        "finalLink": "https://www.sec.gov/Archives/edgar/data/101778/000010177809000113/form10q2009june30.htm"
    },
    {
        "date": "2009-03-31",
        "symbol": "MRO",
        "reportedCurrency": "USD",
        "cik": "0000101778",
        "fillingDate": "2009-05-08",
        "acceptedDate": "2009-05-08 12:06:41",
        "calendarYear": "2009",
        "period": "Q1",
        "revenue": 10357000000,
        "costOfRevenue": 8733000000,
        "grossProfit": 1624000000,
        "grossProfitRatio": 0.1568021628,
        "researchAndDevelopmentExpenses": 0,
        "generalAndAdministrativeExpenses": 0,
        "sellingAndMarketingExpenses": 0,
        "sellingGeneralAndAdministrativeExpenses": 291000000,
        "otherExpenses": 768000000,
        "operatingExpenses": 1059000000,
        "costAndExpenses": 9792000000,
        "interestIncome": 0,
        "interestExpense": 16000000,
        "depreciationAndAmortization": 665000000,
        "ebitda": 1230000000,
        "ebitdaratio": 0.1187602588,
        "operatingIncome": 565000000,
        "operatingIncomeRatio": 0.0545524766,
        "totalOtherIncomeExpensesNet": -13000000,
        "incomeBeforeTax": 552000000,
        "incomeBeforeTaxRatio": 0.0532972869,
        "incomeTaxExpense": 270000000,
        "netIncome": 282000000,
        "netIncomeRatio": 0.0272279618,
        "eps": 0.4,
        "epsdiluted": 0.4,
        "weightedAverageShsOut": 709000000,
        "weightedAverageShsOutDil": 712000000,
        "link": "https://www.sec.gov/Archives/edgar/data/101778/000010177809000069/0000101778-09-000069-index.htm",
        "finalLink": "https://www.sec.gov/Archives/edgar/data/101778/000010177809000069/form10q20090331.htm"
    },
    {
        "date": "2008-12-31",
        "symbol": "MRO",
        "reportedCurrency": "USD",
        "cik": "0000101778",
        "fillingDate": "2009-02-27",
        "acceptedDate": "2009-02-27 16:24:33",
        "calendarYear": "2008",
        "period": "Q4",
        "revenue": 15721000000,
        "costOfRevenue": 10732000000,
        "grossProfit": 4989000000,
        "grossProfitRatio": 0.3173462248,
        "researchAndDevelopmentExpenses": 0,
        "generalAndAdministrativeExpenses": 0,
        "sellingAndMarketingExpenses": 0,
        "sellingGeneralAndAdministrativeExpenses": 865000000,
        "otherExpenses": 2327000000,
        "operatingExpenses": 3192000000,
        "costAndExpenses": 13924000000,
        "interestIncome": 0,
        "interestExpense": 0,
        "depreciationAndAmortization": 626000000,
        "ebitda": 2423000000,
        "ebitdaratio": 0.1541250557,
        "operatingIncome": 385000000,
        "operatingIncomeRatio": 0.0244895363,
        "totalOtherIncomeExpensesNet": 4000000,
        "incomeBeforeTax": 389000000,
        "incomeBeforeTaxRatio": 0.024743973,
        "incomeTaxExpense": 430000000,
        "netIncome": -41000000,
        "netIncomeRatio": -0.0026079766,
        "eps": -0.0578,
        "epsdiluted": -0.0578,
        "weightedAverageShsOut": 709000000,
        "weightedAverageShsOutDil": 709000000,
        "link": "https://www.sec.gov/Archives/edgar/data/101778/000119312509041003/0001193125-09-041003-index.htm",
        "finalLink": "https://www.sec.gov/Archives/edgar/data/101778/000119312509041003/d10k.htm"
    },
    {
        "date": "2008-09-30",
        "symbol": "MRO",
        "reportedCurrency": "USD",
        "cik": "0000101778",
        "fillingDate": "2008-11-07",
        "acceptedDate": "2008-11-07 16:08:35",
        "calendarYear": "2008",
        "period": "Q3",
        "revenue": 23114000000,
        "costOfRevenue": 17101000000,
        "grossProfit": 6013000000,
        "grossProfitRatio": 0.2601453664,
        "researchAndDevelopmentExpenses": 0,
        "generalAndAdministrativeExpenses": 0,
        "sellingAndMarketingExpenses": 0,
        "sellingGeneralAndAdministrativeExpenses": 351000000,
        "otherExpenses": 1996000000,
        "operatingExpenses": 2347000000,
        "costAndExpenses": 19448000000,
        "interestIncome": 0,
        "interestExpense": 46000000,
        "depreciationAndAmortization": 597000000,
        "ebitda": 4298000000,
        "ebitdaratio": 0.1859479104,
        "operatingIncome": 3666000000,
        "operatingIncomeRatio": 0.1586051744,
        "totalOtherIncomeExpensesNet": 35000000,
        "incomeBeforeTax": 3701000000,
        "incomeBeforeTaxRatio": 0.1601194082,
        "incomeTaxExpense": 1637000000,
        "netIncome": 2064000000,
        "netIncomeRatio": 0.0892965302,
        "eps": 2.92,
        "epsdiluted": 2.9,
        "weightedAverageShsOut": 709000000,
        "weightedAverageShsOutDil": 711000000,
        "link": "https://www.sec.gov/Archives/edgar/data/101778/000010177808000106/0000101778-08-000106-index.htm",
        "finalLink": "https://www.sec.gov/Archives/edgar/data/101778/000010177808000106/mro10-q09302008.htm"
    },
    {
        "date": "2008-06-30",
        "symbol": "MRO",
        "reportedCurrency": "USD",
        "cik": "0000101778",
        "fillingDate": "2008-08-08",
        "acceptedDate": "2008-08-08 15:57:47",
        "calendarYear": "2008",
        "period": "Q2",
        "revenue": 21912000000,
        "costOfRevenue": 19639000000,
        "grossProfit": 2273000000,
        "grossProfitRatio": 0.1037331143,
        "researchAndDevelopmentExpenses": 0,
        "generalAndAdministrativeExpenses": 0,
        "sellingAndMarketingExpenses": 0,
        "sellingGeneralAndAdministrativeExpenses": 361000000,
        "otherExpenses": 318000000,
        "operatingExpenses": 679000000,
        "costAndExpenses": 20318000000,
        "interestIncome": 0,
        "interestExpense": 11000000,
        "depreciationAndAmortization": 504000000,
        "ebitda": 2078000000,
        "ebitdaratio": 0.094833881,
        "operatingIncome": 1594000000,
        "operatingIncomeRatio": 0.0727455276,
        "totalOtherIncomeExpensesNet": -11000000,
        "incomeBeforeTax": 1584000000,
        "incomeBeforeTaxRatio": 0.0722891566,
        "incomeTaxExpense": 810000000,
        "netIncome": 774000000,
        "netIncomeRatio": 0.0353231106,
        "eps": 1.09,
        "epsdiluted": 1.08,
        "weightedAverageShsOut": 710000000,
        "weightedAverageShsOutDil": 714000000,
        "link": "https://www.sec.gov/Archives/edgar/data/101778/000010177808000094/0000101778-08-000094-index.htm",
        "finalLink": "https://www.sec.gov/Archives/edgar/data/101778/000010177808000094/form10-q.htm"
    },
    {
        "date": "2008-03-31",
        "symbol": "MRO",
        "reportedCurrency": "USD",
        "cik": "0000101778",
        "fillingDate": "2008-05-09",
        "acceptedDate": "2008-05-09 15:33:04",
        "calendarYear": "2008",
        "period": "Q1",
        "revenue": 17822000000,
        "costOfRevenue": 14720000000,
        "grossProfit": 3102000000,
        "grossProfitRatio": 0.1740545393,
        "researchAndDevelopmentExpenses": 0,
        "generalAndAdministrativeExpenses": 0,
        "sellingAndMarketingExpenses": 0,
        "sellingGeneralAndAdministrativeExpenses": 300000000,
        "otherExpenses": 1512000000,
        "operatingExpenses": 1812000000,
        "costAndExpenses": 16532000000,
        "interestIncome": 0,
        "interestExpense": 0,
        "depreciationAndAmortization": 451000000,
        "ebitda": 1741000000,
        "ebitdaratio": 0.0976882505,
        "operatingIncome": 1290000000,
        "operatingIncomeRatio": 0.0723824487,
        "totalOtherIncomeExpensesNet": 9000000,
        "incomeBeforeTax": 1299000000,
        "incomeBeforeTaxRatio": 0.0728874425,
        "incomeTaxExpense": 568000000,
        "netIncome": 731000000,
        "netIncomeRatio": 0.0410167209,
        "eps": 1.03,
        "epsdiluted": 1.02,
        "weightedAverageShsOut": 709000000,
        "weightedAverageShsOutDil": 712000000,
        "link": "https://www.sec.gov/Archives/edgar/data/101778/000114036108011757/0001140361-08-011757-index.htm",
        "finalLink": "https://www.sec.gov/Archives/edgar/data/101778/000114036108011757/form10-q.htm"
    },
    {
        "date": "2007-12-31",
        "symbol": "MRO",
        "reportedCurrency": "USD",
        "cik": "0000101778",
        "fillingDate": "2008-02-29",
        "acceptedDate": "2008-02-29 16:18:51",
        "calendarYear": "2007",
        "period": "Q4",
        "revenue": 16878000000,
        "costOfRevenue": 15208000000,
        "grossProfit": 1670000000,
        "grossProfitRatio": 0.0989453727,
        "researchAndDevelopmentExpenses": 0,
        "generalAndAdministrativeExpenses": 0,
        "sellingAndMarketingExpenses": 0,
        "sellingGeneralAndAdministrativeExpenses": 377000000,
        "otherExpenses": 341000000,
        "operatingExpenses": 718000000,
        "costAndExpenses": 15926000000,
        "interestIncome": 0,
        "interestExpense": 0,
        "depreciationAndAmortization": 415000000,
        "ebitda": 1367000000,
        "ebitdaratio": 0.0809930087,
        "operatingIncome": 949000000,
        "operatingIncomeRatio": 0.0562270411,
        "totalOtherIncomeExpensesNet": 42000000,
        "incomeBeforeTax": 991000000,
        "incomeBeforeTaxRatio": 0.0587154876,
        "incomeTaxExpense": 323000000,
        "netIncome": 668000000,
        "netIncomeRatio": 0.0395781491,
        "eps": 0.94,
        "epsdiluted": 0.94,
        "weightedAverageShsOut": 709272349,
        "weightedAverageShsOutDil": 709708738,
        "link": "https://www.sec.gov/Archives/edgar/data/101778/000119312508043692/0001193125-08-043692-index.htm",
        "finalLink": "https://www.sec.gov/Archives/edgar/data/101778/000119312508043692/d10k.htm"
    },
    {
        "date": "2007-09-30",
        "symbol": "MRO",
        "reportedCurrency": "USD",
        "cik": "0000101778",
        "fillingDate": "2007-11-07",
        "acceptedDate": "2007-11-07 17:29:03",
        "calendarYear": "2007",
        "period": "Q3",
        "revenue": 15410000000,
        "costOfRevenue": 13143000000,
        "grossProfit": 2267000000,
        "grossProfitRatio": 0.1471122648,
        "researchAndDevelopmentExpenses": 0,
        "generalAndAdministrativeExpenses": 0,
        "sellingAndMarketingExpenses": 0,
        "sellingGeneralAndAdministrativeExpenses": 336000000,
        "otherExpenses": 301000000,
        "operatingExpenses": 637000000,
        "costAndExpenses": 13780000000,
        "interestIncome": 0,
        "interestExpense": 0,
        "depreciationAndAmortization": 409000000,
        "ebitda": 2039000000,
        "ebitdaratio": 0.1323166775,
        "operatingIncome": 1619000000,
        "operatingIncomeRatio": 0.1050616483,
        "totalOtherIncomeExpensesNet": 128000000,
        "incomeBeforeTax": 1747000000,
        "incomeBeforeTaxRatio": 0.1133679429,
        "incomeTaxExpense": 726000000,
        "netIncome": 1021000000,
        "netIncomeRatio": 0.0662556781,
        "eps": 1.5,
        "epsdiluted": 1.49,
        "weightedAverageShsOut": 680666667,
        "weightedAverageShsOutDil": 685234899,
        "link": "https://www.sec.gov/Archives/edgar/data/101778/000110465907080781/0001104659-07-080781-index.htm",
        "finalLink": "https://www.sec.gov/Archives/edgar/data/101778/000110465907080781/a07-25930_110q.htm"
    },
    {
        "date": "2007-06-30",
        "symbol": "MRO",
        "reportedCurrency": "USD",
        "cik": "0000101778",
        "fillingDate": "2007-08-07",
        "acceptedDate": "2007-08-07 14:59:54",
        "calendarYear": "2007",
        "period": "Q2",
        "revenue": 15429000000,
        "costOfRevenue": 12008000000,
        "grossProfit": 3421000000,
        "grossProfitRatio": 0.2217253224,
        "researchAndDevelopmentExpenses": 0,
        "generalAndAdministrativeExpenses": 0,
        "sellingAndMarketingExpenses": 0,
        "sellingGeneralAndAdministrativeExpenses": 327000000,
        "otherExpenses": 337000000,
        "operatingExpenses": 664000000,
        "costAndExpenses": 12672000000,
        "interestIncome": 0,
        "interestExpense": 0,
        "depreciationAndAmortization": 396000000,
        "ebitda": 3153000000,
        "ebitdaratio": 0.2043554346,
        "operatingIncome": 2756000000,
        "operatingIncomeRatio": 0.1786246678,
        "totalOtherIncomeExpensesNet": 20000000,
        "incomeBeforeTax": 2776000000,
        "incomeBeforeTaxRatio": 0.1799209281,
        "incomeTaxExpense": 1234000000,
        "netIncome": 1550000000,
        "netIncomeRatio": 0.1004601724,
        "eps": 2.27,
        "epsdiluted": 2.25,
        "weightedAverageShsOut": 710000000,
        "weightedAverageShsOutDil": 714000000,
        "link": "https://www.sec.gov/Archives/edgar/data/101778/000110465907059638/0001104659-07-059638-index.htm",
        "finalLink": "https://www.sec.gov/Archives/edgar/data/101778/000110465907059638/a07-19298_110q.htm"
    },
    {
        "date": "2007-03-31",
        "symbol": "MRO",
        "reportedCurrency": "USD",
        "cik": "0000101778",
        "fillingDate": "2007-05-07",
        "acceptedDate": "2007-05-07 16:52:15",
        "calendarYear": "2007",
        "period": "Q1",
        "revenue": 12869000000,
        "costOfRevenue": 9711000000,
        "grossProfit": 3158000000,
        "grossProfitRatio": 0.2453959127,
        "researchAndDevelopmentExpenses": 0,
        "generalAndAdministrativeExpenses": 0,
        "sellingAndMarketingExpenses": 0,
        "sellingGeneralAndAdministrativeExpenses": 287000000,
        "otherExpenses": 1553000000,
        "operatingExpenses": 1840000000,
        "costAndExpenses": 11551000000,
        "interestIncome": 0,
        "interestExpense": 0,
        "depreciationAndAmortization": 393000000,
        "ebitda": 1711000000,
        "ebitdaratio": 0.1329551636,
        "operatingIncome": 1316000000,
        "operatingIncomeRatio": 0.102261248,
        "totalOtherIncomeExpensesNet": 19000000,
        "incomeBeforeTax": 1335000000,
        "incomeBeforeTaxRatio": 0.1037376642,
        "incomeTaxExpense": 618000000,
        "netIncome": 717000000,
        "netIncomeRatio": 0.0557152848,
        "eps": 1.04,
        "epsdiluted": 1.03,
        "weightedAverageShsOut": 689423077,
        "weightedAverageShsOutDil": 692753623,
        "link": "https://www.sec.gov/Archives/edgar/data/101778/000110465907036538/0001104659-07-036538-index.htm",
        "finalLink": "https://www.sec.gov/Archives/edgar/data/101778/000110465907036538/a07-13350_110q.htm"
    },
    {
        "date": "2006-12-31",
        "symbol": "MRO",
        "reportedCurrency": "USD",
        "cik": "0000101778",
        "fillingDate": "2007-03-01",
        "acceptedDate": "2007-03-01 16:19:31",
        "calendarYear": "2006",
        "period": "Q4",
        "revenue": 17546000000,
        "costOfRevenue": 15120000000,
        "grossProfit": 2426000000,
        "grossProfitRatio": 0.1382651317,
        "researchAndDevelopmentExpenses": 0,
        "generalAndAdministrativeExpenses": 0,
        "sellingAndMarketingExpenses": 0,
        "sellingGeneralAndAdministrativeExpenses": 333000000,
        "otherExpenses": 300000000,
        "operatingExpenses": 633000000,
        "costAndExpenses": 15753000000,
        "interestIncome": 0,
        "interestExpense": 0,
        "depreciationAndAmortization": 388000000,
        "ebitda": 2181000000,
        "ebitdaratio": 0.1243018352,
        "operatingIncome": 1793000000,
        "operatingIncomeRatio": 0.102188533,
        "totalOtherIncomeExpensesNet": 12000000,
        "incomeBeforeTax": 1805000000,
        "incomeBeforeTaxRatio": 0.1028724496,
        "incomeTaxExpense": 726000000,
        "netIncome": 1079000000,
        "netIncomeRatio": 0.0614954975,
        "eps": 1.57,
        "epsdiluted": 1.57,
        "weightedAverageShsOut": 689423077,
        "weightedAverageShsOutDil": 689423077,
        "link": "https://www.sec.gov/Archives/edgar/data/101778/000104746907001533/0001047469-07-001533-index.htm",
        "finalLink": "https://www.sec.gov/Archives/edgar/data/101778/000104746907001533/a2176340z10-k.htm"
    },
    {
        "date": "2006-09-30",
        "symbol": "MRO",
        "reportedCurrency": "USD",
        "cik": "0000101778",
        "fillingDate": "2006-11-07",
        "acceptedDate": "2006-11-07 10:46:41",
        "calendarYear": "2006",
        "period": "Q3",
        "revenue": 15195000000,
        "costOfRevenue": 11640000000,
        "grossProfit": 3555000000,
        "grossProfitRatio": 0.233958539,
        "researchAndDevelopmentExpenses": 0,
        "generalAndAdministrativeExpenses": 0,
        "sellingAndMarketingExpenses": 0,
        "sellingGeneralAndAdministrativeExpenses": 300000000,
        "otherExpenses": 311000000,
        "operatingExpenses": 611000000,
        "costAndExpenses": 12251000000,
        "interestIncome": 0,
        "interestExpense": 0,
        "depreciationAndAmortization": 361000000,
        "ebitda": 3305000000,
        "ebitdaratio": 0.2175057585,
        "operatingIncome": 2944000000,
        "operatingIncomeRatio": 0.1937479434,
        "totalOtherIncomeExpensesNet": 9000000,
        "incomeBeforeTax": 2953000000,
        "incomeBeforeTaxRatio": 0.1943402435,
        "incomeTaxExpense": 1330000000,
        "netIncome": 1623000000,
        "netIncomeRatio": 0.1068114511,
        "eps": 2.28,
        "epsdiluted": 2.26,
        "weightedAverageShsOut": 711842105,
        "weightedAverageShsOutDil": 718141593,
        "link": "https://www.sec.gov/Archives/edgar/data/101778/000095012906009450/0000950129-06-009450-index.htm",
        "finalLink": "https://www.sec.gov/Archives/edgar/data/101778/000095012906009450/h40944e10vq.htm"
    },
    {
        "date": "2006-06-30",
        "symbol": "MRO",
        "reportedCurrency": "USD",
        "cik": "0000101778",
        "fillingDate": "2006-08-08",
        "acceptedDate": "2006-08-07 20:01:51",
        "calendarYear": "2006",
        "period": "Q2",
        "revenue": 16902000000,
        "costOfRevenue": 13491000000,
        "grossProfit": 3411000000,
        "grossProfitRatio": 0.2018104366,
        "researchAndDevelopmentExpenses": 0,
        "generalAndAdministrativeExpenses": 0,
        "sellingAndMarketingExpenses": 0,
        "sellingGeneralAndAdministrativeExpenses": 308000000,
        "otherExpenses": 349000000,
        "operatingExpenses": 657000000,
        "costAndExpenses": 14148000000,
        "interestIncome": 0,
        "interestExpense": 0,
        "depreciationAndAmortization": 354000000,
        "ebitda": 3109000000,
        "ebitdaratio": 0.1839427287,
        "operatingIncome": 2754000000,
        "operatingIncomeRatio": 0.1629392971,
        "totalOtherIncomeExpensesNet": 11000000,
        "incomeBeforeTax": 2765000000,
        "incomeBeforeTaxRatio": 0.1635901077,
        "incomeTaxExpense": 1281000000,
        "netIncome": 1748000000,
        "netIncomeRatio": 0.1034197136,
        "eps": 2.42,
        "epsdiluted": 2.4,
        "weightedAverageShsOut": 722314050,
        "weightedAverageShsOutDil": 728333333,
        "link": "https://www.sec.gov/Archives/edgar/data/101778/000095012906007646/0000950129-06-007646-index.htm",
        "finalLink": "https://www.sec.gov/Archives/edgar/data/101778/000095012906007646/h38520e10vq.htm"
    },
    {
        "date": "2006-03-31",
        "symbol": "MRO",
        "reportedCurrency": "USD",
        "cik": "0000101778",
        "fillingDate": "2006-05-08",
        "acceptedDate": "2006-05-08 17:08:43",
        "calendarYear": "2006",
        "period": "Q1",
        "revenue": 16516000000,
        "costOfRevenue": 13124000000,
        "grossProfit": 3392000000,
        "grossProfitRatio": 0.2053766045,
        "researchAndDevelopmentExpenses": 0,
        "generalAndAdministrativeExpenses": 0,
        "sellingAndMarketingExpenses": 0,
        "sellingGeneralAndAdministrativeExpenses": 287000000,
        "otherExpenses": 442000000,
        "operatingExpenses": 729000000,
        "costAndExpenses": 13853000000,
        "interestIncome": 0,
        "interestExpense": 0,
        "depreciationAndAmortization": 415000000,
        "ebitda": 1891000000,
        "ebitdaratio": 0.1144950351,
        "operatingIncome": 2663000000,
        "operatingIncomeRatio": 0.1612375878,
        "totalOtherIncomeExpensesNet": -20000000,
        "incomeBeforeTax": 2636000000,
        "incomeBeforeTaxRatio": 0.1596028094,
        "incomeTaxExpense": 693000000,
        "netIncome": 1943000000,
        "netIncomeRatio": 0.1176434972,
        "eps": 2.66,
        "epsdiluted": 2.64,
        "weightedAverageShsOut": 729302326,
        "weightedAverageShsOutDil": 736150235,
        "link": "https://www.sec.gov/Archives/edgar/data/101778/000095012906005120/0000950129-06-005120-index.htm",
        "finalLink": "https://www.sec.gov/Archives/edgar/data/101778/000095012906005120/h35678e10vq.htm"
    },
    {
        "date": "2005-12-31",
        "symbol": "MRO",
        "reportedCurrency": "USD",
        "cik": "0000101778",
        "fillingDate": "2006-03-06",
        "acceptedDate": "2006-03-06 17:14:36",
        "calendarYear": "2005",
        "period": "Q4",
        "revenue": 12599000000,
        "costOfRevenue": 13258000000,
        "grossProfit": -659000000,
        "grossProfitRatio": -0.0523057386,
        "researchAndDevelopmentExpenses": 0,
        "generalAndAdministrativeExpenses": 0,
        "sellingAndMarketingExpenses": 0,
        "sellingGeneralAndAdministrativeExpenses": 305000000,
        "otherExpenses": -3016000000,
        "operatingExpenses": -2711000000,
        "costAndExpenses": 10547000000,
        "interestIncome": 0,
        "interestExpense": 0,
        "depreciationAndAmortization": 365000000,
        "ebitda": 2417000000,
        "ebitdaratio": 0.1918406223,
        "operatingIncome": 2052000000,
        "operatingIncomeRatio": 0.1628700691,
        "totalOtherIncomeExpensesNet": -42000000,
        "incomeBeforeTax": 2010000000,
        "incomeBeforeTaxRatio": 0.1595364711,
        "incomeTaxExpense": 726000000,
        "netIncome": 1265000000,
        "netIncomeRatio": 0.100404794,
        "eps": 1.74,
        "epsdiluted": 1.74,
        "weightedAverageShsOut": 727645790,
        "weightedAverageShsOutDil": 727645790,
        "link": "https://www.sec.gov/Archives/edgar/data/101778/000095012906002297/0000950129-06-002297-index.htm",
        "finalLink": "https://www.sec.gov/Archives/edgar/data/101778/000095012906002297/h32018e10vk.htm"
    },
    {
        "date": "2005-09-30",
        "symbol": "MRO",
        "reportedCurrency": "USD",
        "cik": "0000101778",
        "fillingDate": "2005-11-04",
        "acceptedDate": "2005-11-04 15:49:48",
        "calendarYear": "2005",
        "period": "Q3",
        "revenue": 17248000000,
        "costOfRevenue": 13979000000,
        "grossProfit": 3269000000,
        "grossProfitRatio": 0.1895292208,
        "researchAndDevelopmentExpenses": 0,
        "generalAndAdministrativeExpenses": 0,
        "sellingAndMarketingExpenses": 0,
        "sellingGeneralAndAdministrativeExpenses": 325000000,
        "otherExpenses": 1676000000,
        "operatingExpenses": 2001000000,
        "costAndExpenses": 15980000000,
        "interestIncome": 0,
        "interestExpense": 0,
        "depreciationAndAmortization": 331000000,
        "ebitda": 1555000000,
        "ebitdaratio": 0.0901553803,
        "operatingIncome": 1268000000,
        "operatingIncomeRatio": 0.0735157699,
        "totalOtherIncomeExpensesNet": 3000000,
        "incomeBeforeTax": 1239000000,
        "incomeBeforeTaxRatio": 0.0718344156,
        "incomeTaxExpense": 469000000,
        "netIncome": 770000000,
        "netIncomeRatio": 0.0446428571,
        "eps": 1.06,
        "epsdiluted": 1.05,
        "weightedAverageShsOut": 729857820,
        "weightedAverageShsOutDil": 736842105,
        "link": "https://www.sec.gov/Archives/edgar/data/101778/000110465905052692/0001104659-05-052692-index.htm",
        "finalLink": "https://www.sec.gov/Archives/edgar/data/101778/000110465905052692/a05-18355_110q.htm"
    },
    {
        "date": "2005-06-30",
        "symbol": "MRO",
        "reportedCurrency": "USD",
        "cik": "0000101778",
        "fillingDate": "2005-08-08",
        "acceptedDate": "2005-08-08 12:13:11",
        "calendarYear": "2005",
        "period": "Q2",
        "revenue": 14891000000,
        "costOfRevenue": 12807000000,
        "grossProfit": 2084000000,
        "grossProfitRatio": 0.1399503056,
        "researchAndDevelopmentExpenses": 0,
        "generalAndAdministrativeExpenses": 0,
        "sellingAndMarketingExpenses": 0,
        "sellingGeneralAndAdministrativeExpenses": 268000000,
        "otherExpenses": 458000000,
        "operatingExpenses": 726000000,
        "costAndExpenses": 13533000000,
        "interestIncome": 0,
        "interestExpense": 0,
        "depreciationAndAmortization": 339000000,
        "ebitda": 1683000000,
        "ebitdaratio": 0.113021288,
        "operatingIncome": 1358000000,
        "operatingIncomeRatio": 0.0911960244,
        "totalOtherIncomeExpensesNet": -342000000,
        "incomeBeforeTax": 1009000000,
        "incomeBeforeTaxRatio": 0.0677590491,
        "incomeTaxExpense": 336000000,
        "netIncome": 673000000,
        "netIncomeRatio": 0.0451950843,
        "eps": 0.97,
        "epsdiluted": 0.96,
        "weightedAverageShsOut": 693814433,
        "weightedAverageShsOutDil": 701041667,
        "link": "https://www.sec.gov/Archives/edgar/data/101778/000110465905037142/0001104659-05-037142-index.htm",
        "finalLink": "https://www.sec.gov/Archives/edgar/data/101778/000110465905037142/a05-13099_110q.htm"
    },
    {
        "date": "2005-03-31",
        "symbol": "MRO",
        "reportedCurrency": "USD",
        "cik": "0000101778",
        "fillingDate": "2005-05-09",
        "acceptedDate": "2005-05-09 12:11:30",
        "calendarYear": "2005",
        "period": "Q1",
        "revenue": 13010000000,
        "costOfRevenue": 10614000000,
        "grossProfit": 2396000000,
        "grossProfitRatio": 0.1841660261,
        "researchAndDevelopmentExpenses": 0,
        "generalAndAdministrativeExpenses": 0,
        "sellingAndMarketingExpenses": 0,
        "sellingGeneralAndAdministrativeExpenses": 260000000,
        "otherExpenses": 1512000000,
        "operatingExpenses": 1772000000,
        "costAndExpenses": 12386000000,
        "interestIncome": 0,
        "interestExpense": 0,
        "depreciationAndAmortization": 323000000,
        "ebitda": 2031000000,
        "ebitdaratio": 0.1561106841,
        "operatingIncome": 624000000,
        "operatingIncomeRatio": 0.0479631053,
        "totalOtherIncomeExpensesNet": -101000000,
        "incomeBeforeTax": 523000000,
        "incomeBeforeTaxRatio": 0.0401998463,
        "incomeTaxExpense": 199000000,
        "netIncome": 324000000,
        "netIncomeRatio": 0.0249039201,
        "eps": 0.47,
        "epsdiluted": 0.47,
        "weightedAverageShsOut": 695441674,
        "weightedAverageShsOutDil": 695441674,
        "link": "https://www.sec.gov/Archives/edgar/data/101778/000110465905021516/0001104659-05-021516-index.htm",
        "finalLink": "https://www.sec.gov/Archives/edgar/data/101778/000110465905021516/a05-8926_110q.htm"
    },
    {
        "date": "2004-12-31",
        "symbol": "MRO",
        "reportedCurrency": "USD",
        "cik": "0000101778",
        "fillingDate": "2005-03-10",
        "acceptedDate": "2005-03-10 17:09:10",
        "calendarYear": "2004",
        "period": "Q4",
        "revenue": 13170000000,
        "costOfRevenue": 11709000000,
        "grossProfit": 1461000000,
        "grossProfitRatio": 0.1109339408,
        "researchAndDevelopmentExpenses": 0,
        "generalAndAdministrativeExpenses": 0,
        "sellingAndMarketingExpenses": 0,
        "sellingGeneralAndAdministrativeExpenses": 236000000,
        "otherExpenses": 404000000,
        "operatingExpenses": 640000000,
        "costAndExpenses": 12349000000,
        "interestIncome": 0,
        "interestExpense": 0,
        "depreciationAndAmortization": 308000000,
        "ebitda": 1129000000,
        "ebitdaratio": 0.0857251329,
        "operatingIncome": 821000000,
        "operatingIncomeRatio": 0.0623386484,
        "totalOtherIncomeExpensesNet": -177000000,
        "incomeBeforeTax": 644000000,
        "incomeBeforeTaxRatio": 0.0488990129,
        "incomeTaxExpense": 215000000,
        "netIncome": 429000000,
        "netIncomeRatio": 0.0325740319,
        "eps": 0.62,
        "epsdiluted": 0.62,
        "weightedAverageShsOut": 689361702,
        "weightedAverageShsOutDil": 689361702,
        "link": "https://www.sec.gov/Archives/edgar/data/101778/000104746905006086/0001047469-05-006086-index.htm",
        "finalLink": "https://www.sec.gov/Archives/edgar/data/101778/000104746905006086/a2152323z10-k.htm"
    },
    {
        "date": "2004-09-30",
        "symbol": "MRO",
        "reportedCurrency": "USD",
        "cik": "0000101778",
        "fillingDate": "2004-11-03",
        "acceptedDate": "2004-11-03 14:41:04",
        "calendarYear": "2004",
        "period": "Q3",
        "revenue": 11179000000,
        "costOfRevenue": 9988000000,
        "grossProfit": 1191000000,
        "grossProfitRatio": 0.1065390464,
        "researchAndDevelopmentExpenses": 0,
        "generalAndAdministrativeExpenses": 0,
        "sellingAndMarketingExpenses": 0,
        "sellingGeneralAndAdministrativeExpenses": 270000000,
        "otherExpenses": 379000000,
        "operatingExpenses": 649000000,
        "costAndExpenses": 10637000000,
        "interestIncome": 0,
        "interestExpense": 0,
        "depreciationAndAmortization": 299000000,
        "ebitda": 838000000,
        "ebitdaratio": 0.0749619823,
        "operatingIncome": 542000000,
        "operatingIncomeRatio": 0.0484837642,
        "totalOtherIncomeExpensesNet": -187000000,
        "incomeBeforeTax": 355000000,
        "incomeBeforeTaxRatio": 0.031755971,
        "incomeTaxExpense": 133000000,
        "netIncome": 222000000,
        "netIncomeRatio": 0.0198586636,
        "eps": 0.32,
        "epsdiluted": 0.32,
        "weightedAverageShsOut": 693750000,
        "weightedAverageShsOutDil": 693750000,
        "link": "https://www.sec.gov/Archives/edgar/data/101778/000119312504184703/0001193125-04-184703-index.htm",
        "finalLink": "https://www.sec.gov/Archives/edgar/data/101778/000119312504184703/d10q.htm"
    },
    {
        "date": "2004-06-30",
        "symbol": "MRO",
        "reportedCurrency": "USD",
        "cik": "0000101778",
        "fillingDate": "2004-08-03",
        "acceptedDate": "2004-08-03 17:05:05",
        "calendarYear": "2004",
        "period": "Q2",
        "revenue": 11454000000,
        "costOfRevenue": 9949000000,
        "grossProfit": 1505000000,
        "grossProfitRatio": 0.1313951458,
        "researchAndDevelopmentExpenses": 0,
        "generalAndAdministrativeExpenses": 0,
        "sellingAndMarketingExpenses": 0,
        "sellingGeneralAndAdministrativeExpenses": 289000000,
        "otherExpenses": 387000000,
        "operatingExpenses": 676000000,
        "costAndExpenses": 10625000000,
        "interestIncome": 0,
        "interestExpense": 0,
        "depreciationAndAmortization": 308000000,
        "ebitda": 1130000000,
        "ebitdaratio": 0.0986554915,
        "operatingIncome": 829000000,
        "operatingIncomeRatio": 0.0723764624,
        "totalOtherIncomeExpensesNet": -267000000,
        "incomeBeforeTax": 562000000,
        "incomeBeforeTaxRatio": 0.0490658285,
        "incomeTaxExpense": 214000000,
        "netIncome": 352000000,
        "netIncomeRatio": 0.0307316221,
        "eps": 0.51,
        "epsdiluted": 0.51,
        "weightedAverageShsOut": 690196078,
        "weightedAverageShsOutDil": 690196078,
        "link": "https://www.sec.gov/Archives/edgar/data/101778/000119312504130296/0001193125-04-130296-index.htm",
        "finalLink": "https://www.sec.gov/Archives/edgar/data/101778/000119312504130296/d10q.htm"
    },
    {
        "date": "2004-03-31",
        "symbol": "MRO",
        "reportedCurrency": "USD",
        "cik": "0000101778",
        "fillingDate": "2004-05-04",
        "acceptedDate": "2004-05-04 17:02:20",
        "calendarYear": "2004",
        "period": "Q1",
        "revenue": 9641000000,
        "costOfRevenue": 8548000000,
        "grossProfit": 1093000000,
        "grossProfitRatio": 0.1133699824,
        "researchAndDevelopmentExpenses": 0,
        "generalAndAdministrativeExpenses": 0,
        "sellingAndMarketingExpenses": 0,
        "sellingGeneralAndAdministrativeExpenses": 230000000,
        "otherExpenses": 385000000,
        "operatingExpenses": 615000000,
        "costAndExpenses": 9163000000,
        "interestIncome": 0,
        "interestExpense": 0,
        "depreciationAndAmortization": 302000000,
        "ebitda": 780000000,
        "ebitdaratio": 0.0809044705,
        "operatingIncome": 478000000,
        "operatingIncomeRatio": 0.0495799191,
        "totalOtherIncomeExpensesNet": -55000000,
        "incomeBeforeTax": 423000000,
        "incomeBeforeTaxRatio": 0.0438751167,
        "incomeTaxExpense": 165000000,
        "netIncome": 258000000,
        "netIncomeRatio": 0.0267607095,
        "eps": 0.42,
        "epsdiluted": 0.42,
        "weightedAverageShsOut": 621686747,
        "weightedAverageShsOutDil": 621686747,
        "link": "https://www.sec.gov/Archives/edgar/data/101778/000119312504078045/0001193125-04-078045-index.htm",
        "finalLink": "https://www.sec.gov/Archives/edgar/data/101778/000119312504078045/d10q.htm"
    },
    {
        "date": "2003-12-31",
        "symbol": "MRO",
        "reportedCurrency": "USD",
        "cik": "0000101778",
        "fillingDate": "2004-03-09",
        "acceptedDate": "2004-03-08 18:32:34",
        "calendarYear": "2003",
        "period": "Q4",
        "revenue": 10027000000,
        "costOfRevenue": 9054000000,
        "grossProfit": 973000000,
        "grossProfitRatio": 0.0970379974,
        "researchAndDevelopmentExpenses": 0,
        "generalAndAdministrativeExpenses": 0,
        "sellingAndMarketingExpenses": 0,
        "sellingGeneralAndAdministrativeExpenses": 246000000,
        "otherExpenses": 377000000,
        "operatingExpenses": 623000000,
        "costAndExpenses": 9677000000,
        "interestIncome": 0,
        "interestExpense": 0,
        "depreciationAndAmortization": 309000000,
        "ebitda": 659000000,
        "ebitdaratio": 0.0657225491,
        "operatingIncome": 353000000,
        "operatingIncomeRatio": 0.0352049466,
        "totalOtherIncomeExpensesNet": -48000000,
        "incomeBeforeTax": 305000000,
        "incomeBeforeTaxRatio": 0.0304178717,
        "incomeTaxExpense": 106000000,
        "netIncome": 485000000,
        "netIncomeRatio": 0.0483694026,
        "eps": 0.78,
        "epsdiluted": 0.78,
        "weightedAverageShsOut": 616067159,
        "weightedAverageShsOutDil": 621686747,
        "link": "https://www.sec.gov/Archives/edgar/data/101778/000119312504036535/0001193125-04-036535-index.htm",
        "finalLink": "https://www.sec.gov/Archives/edgar/data/101778/000119312504036535/d10k.htm"
    },
    {
        "date": "2003-09-30",
        "symbol": "MRO",
        "reportedCurrency": "USD",
        "cik": "0000101778",
        "fillingDate": "2003-11-12",
        "acceptedDate": "2003-11-12 10:44:14",
        "calendarYear": "2003",
        "period": "Q3",
        "revenue": 9224000000,
        "costOfRevenue": 7964000000,
        "grossProfit": 1260000000,
        "grossProfitRatio": 0.1366001735,
        "researchAndDevelopmentExpenses": 0,
        "generalAndAdministrativeExpenses": 0,
        "sellingAndMarketingExpenses": 0,
        "sellingGeneralAndAdministrativeExpenses": 249000000,
        "otherExpenses": 353000000,
        "operatingExpenses": 602000000,
        "costAndExpenses": 8566000000,
        "interestIncome": 0,
        "interestExpense": 0,
        "depreciationAndAmortization": 246000000,
        "ebitda": 882000000,
        "ebitdaratio": 0.0956201214,
        "operatingIncome": 658000000,
        "operatingIncomeRatio": 0.0713356461,
        "totalOtherIncomeExpensesNet": -187000000,
        "incomeBeforeTax": 471000000,
        "incomeBeforeTaxRatio": 0.0510624458,
        "incomeTaxExpense": 191000000,
        "netIncome": 281000000,
        "netIncomeRatio": 0.0304640069,
        "eps": 0.45,
        "epsdiluted": 0.45,
        "weightedAverageShsOut": 624444444,
        "weightedAverageShsOutDil": 624444444,
        "link": "https://www.sec.gov/Archives/edgar/data/101778/000119312503077786/0001193125-03-077786-index.htm",
        "finalLink": "https://www.sec.gov/Archives/edgar/data/101778/000119312503077786/d10q.htm"
    },
    {
        "date": "2003-06-30",
        "symbol": "MRO",
        "reportedCurrency": "USD",
        "cik": "0000101778",
        "fillingDate": "2003-08-13",
        "acceptedDate": "2003-08-13 16:52:47",
        "calendarYear": "2003",
        "period": "Q2",
        "revenue": 8675000000,
        "costOfRevenue": 7495000000,
        "grossProfit": 1180000000,
        "grossProfitRatio": 0.1360230548,
        "researchAndDevelopmentExpenses": 0,
        "generalAndAdministrativeExpenses": 0,
        "sellingAndMarketingExpenses": 0,
        "sellingGeneralAndAdministrativeExpenses": 246000000,
        "otherExpenses": 389000000,
        "operatingExpenses": 635000000,
        "costAndExpenses": 8130000000,
        "interestIncome": 0,
        "interestExpense": 0,
        "depreciationAndAmortization": 311000000,
        "ebitda": 837000000,
        "ebitdaratio": 0.0964841499,
        "operatingIncome": 542000000,
        "operatingIncomeRatio": 0.0624783862,
        "totalOtherIncomeExpensesNet": -134000000,
        "incomeBeforeTax": 392000000,
        "incomeBeforeTaxRatio": 0.0451873199,
        "incomeTaxExpense": 144000000,
        "netIncome": 248000000,
        "netIncomeRatio": 0.0285878963,
        "eps": 0.4,
        "epsdiluted": 0.4,
        "weightedAverageShsOut": 620000000,
        "weightedAverageShsOutDil": 620000000,
        "link": "https://www.sec.gov/Archives/edgar/data/101778/000119312503036086/0001193125-03-036086-index.htm",
        "finalLink": "https://www.sec.gov/Archives/edgar/data/101778/000119312503036086/d10q.htm"
    },
    {
        "date": "2003-03-31",
        "symbol": "MRO",
        "reportedCurrency": "USD",
        "cik": "0000101778",
        "fillingDate": "2003-05-14",
        "acceptedDate": "2003-05-14 17:12:52",
        "calendarYear": "2003",
        "period": "Q1",
        "revenue": 9153000000,
        "costOfRevenue": 7983000000,
        "grossProfit": 1170000000,
        "grossProfitRatio": 0.127826942,
        "researchAndDevelopmentExpenses": 0,
        "generalAndAdministrativeExpenses": 0,
        "sellingAndMarketingExpenses": 0,
        "sellingGeneralAndAdministrativeExpenses": 207000000,
        "otherExpenses": 390000000,
        "operatingExpenses": 597000000,
        "costAndExpenses": 8580000000,
        "interestIncome": 0,
        "interestExpense": 0,
        "depreciationAndAmortization": 309000000,
        "ebitda": 856000000,
        "ebitdaratio": 0.0935212499,
        "operatingIncome": 573000000,
        "operatingIncomeRatio": 0.0626024254,
        "totalOtherIncomeExpensesNet": -96000000,
        "incomeBeforeTax": 478000000,
        "incomeBeforeTaxRatio": 0.0522233148,
        "incomeTaxExpense": 175000000,
        "netIncome": 307000000,
        "netIncomeRatio": 0.0335409155,
        "eps": 0.5,
        "epsdiluted": 0.5,
        "weightedAverageShsOut": 620202020,
        "weightedAverageShsOutDil": 620202020,
        "link": "https://www.sec.gov/Archives/edgar/data/101778/000010177803000018/0000101778-03-000018-index.htm",
        "finalLink": "https://www.sec.gov/Archives/edgar/data/101778/000010177803000018/f10q_1qtr03.txt"
    },
    {
        "date": "2002-12-31",
        "symbol": "MRO",
        "reportedCurrency": "USD",
        "cik": "0000101778",
        "fillingDate": "2003-03-10",
        "acceptedDate": "2003-03-10 13:37:47",
        "calendarYear": "2002",
        "period": "Q4",
        "revenue": 7560000000,
        "costOfRevenue": 6536000000,
        "grossProfit": 1024000000,
        "grossProfitRatio": 0.1354497354,
        "researchAndDevelopmentExpenses": 0,
        "generalAndAdministrativeExpenses": 0,
        "sellingAndMarketingExpenses": 0,
        "sellingGeneralAndAdministrativeExpenses": 257000000,
        "otherExpenses": 371000000,
        "operatingExpenses": 628000000,
        "costAndExpenses": 7164000000,
        "interestIncome": 0,
        "interestExpense": 0,
        "depreciationAndAmortization": 307000000,
        "ebitda": 703000000,
        "ebitdaratio": 0.092989418,
        "operatingIncome": 382000000,
        "operatingIncomeRatio": 0.0505291005,
        "totalOtherIncomeExpensesNet": -88000000,
        "incomeBeforeTax": 294000000,
        "incomeBeforeTaxRatio": 0.0388888889,
        "incomeTaxExpense": 100000000,
        "netIncome": 194000000,
        "netIncomeRatio": 0.0256613757,
        "eps": 0.31,
        "epsdiluted": 0.31,
        "weightedAverageShsOut": 620202020,
        "weightedAverageShsOutDil": 620202020,
        "link": "https://www.sec.gov/Archives/edgar/data/101778/000089924303000495/0000899243-03-000495-index.htm",
        "finalLink": "https://www.sec.gov/Archives/edgar/data/101778/000089924303000495/d10k.htm"
    },
    {
        "date": "2002-09-30",
        "symbol": "MRO",
        "reportedCurrency": "USD",
        "cik": "0000101778",
        "fillingDate": "2002-11-14",
        "acceptedDate": "2002-11-14 16:40:40",
        "calendarYear": "2002",
        "period": "Q3",
        "revenue": 7404000000,
        "costOfRevenue": 6473000000,
        "grossProfit": 931000000,
        "grossProfitRatio": 0.1257428417,
        "researchAndDevelopmentExpenses": 0,
        "generalAndAdministrativeExpenses": 0,
        "sellingAndMarketingExpenses": 0,
        "sellingGeneralAndAdministrativeExpenses": 218000000,
        "otherExpenses": 354000000,
        "operatingExpenses": 572000000,
        "costAndExpenses": 7045000000,
        "interestIncome": 0,
        "interestExpense": 0,
        "depreciationAndAmortization": 292000000,
        "ebitda": 664000000,
        "ebitdaratio": 0.0896812534,
        "operatingIncome": 359000000,
        "operatingIncomeRatio": 0.0484873042,
        "totalOtherIncomeExpensesNet": -131000000,
        "incomeBeforeTax": 239000000,
        "incomeBeforeTaxRatio": 0.0322798487,
        "incomeTaxExpense": 145000000,
        "netIncome": 87000000,
        "netIncomeRatio": 0.0117504052,
        "eps": 0.14,
        "epsdiluted": 0.14,
        "weightedAverageShsOut": 619748000,
        "weightedAverageShsOutDil": 619940000,
        "link": "https://www.sec.gov/Archives/edgar/data/101778/000010177802000022/0000101778-02-000022-index.htm",
        "finalLink": "https://www.sec.gov/Archives/edgar/data/101778/000010177802000022/f10q_30sep02.txt"
    },
    {
        "date": "2002-06-30",
        "symbol": "MRO",
        "reportedCurrency": "USD",
        "cik": "0000101778",
        "fillingDate": "2002-08-13",
        "acceptedDate": "2002-08-13 16:09:28",
        "calendarYear": "2002",
        "period": "Q2",
        "revenue": 7044000000,
        "costOfRevenue": 6029000000,
        "grossProfit": 1015000000,
        "grossProfitRatio": 0.1440942646,
        "researchAndDevelopmentExpenses": 0,
        "generalAndAdministrativeExpenses": 0,
        "sellingAndMarketingExpenses": 0,
        "sellingGeneralAndAdministrativeExpenses": 183000000,
        "otherExpenses": 375000000,
        "operatingExpenses": 558000000,
        "costAndExpenses": 6587000000,
        "interestIncome": 0,
        "interestExpense": 0,
        "depreciationAndAmortization": 308000000,
        "ebitda": 816000000,
        "ebitdaratio": 0.1158432709,
        "operatingIncome": 457000000,
        "operatingIncomeRatio": 0.0648779103,
        "totalOtherIncomeExpensesNet": -199000000,
        "incomeBeforeTax": 299000000,
        "incomeBeforeTaxRatio": 0.042447473,
        "incomeTaxExpense": 105000000,
        "netIncome": 168000000,
        "netIncomeRatio": 0.0238500852,
        "eps": 0.27,
        "epsdiluted": 0.27,
        "weightedAverageShsOut": 619614000,
        "weightedAverageShsOutDil": 620142000,
        "link": "https://www.sec.gov/Archives/edgar/data/101778/000089924302002258/0000899243-02-002258-index.htm",
        "finalLink": "https://www.sec.gov/Archives/edgar/data/101778/000089924302002258/d10q.txt"
    },
    {
        "date": "2002-03-31",
        "symbol": "MRO",
        "reportedCurrency": "USD",
        "cik": "0000101778",
        "fillingDate": "2002-05-15",
        "acceptedDate": "2002-05-15 13:10:53",
        "calendarYear": "2002",
        "period": "Q1",
        "revenue": 5458000000,
        "costOfRevenue": 4816000000,
        "grossProfit": 642000000,
        "grossProfitRatio": 0.1176255038,
        "researchAndDevelopmentExpenses": 0,
        "generalAndAdministrativeExpenses": 0,
        "sellingAndMarketingExpenses": 0,
        "sellingGeneralAndAdministrativeExpenses": 187000000,
        "otherExpenses": 287000000,
        "operatingExpenses": 474000000,
        "costAndExpenses": 5290000000,
        "interestIncome": 0,
        "interestExpense": 0,
        "depreciationAndAmortization": 294000000,
        "ebitda": 470000000,
        "ebitdaratio": 0.086112129,
        "operatingIncome": 168000000,
        "operatingIncomeRatio": 0.0307805057,
        "totalOtherIncomeExpensesNet": -75000000,
        "incomeBeforeTax": 93000000,
        "incomeBeforeTaxRatio": 0.0170392085,
        "incomeTaxExpense": 39000000,
        "netIncome": 67000000,
        "netIncomeRatio": 0.0122755588,
        "eps": 0.11,
        "epsdiluted": 0.11,
        "weightedAverageShsOut": 619136000,
        "weightedAverageShsOutDil": 619672000,
        "link": "https://www.sec.gov/Archives/edgar/data/101778/000089924302001615/0000899243-02-001615-index.htm",
        "finalLink": "https://www.sec.gov/Archives/edgar/data/101778/000089924302001615/d10q.txt"
    },
    {
        "date": "2001-12-31",
        "symbol": "MRO",
        "reportedCurrency": "USD",
        "cik": "0000101778",
        "fillingDate": "2002-03-11",
        "acceptedDate": "2002-03-11 00:00:00",
        "calendarYear": "2001",
        "period": "Q4",
        "revenue": 5737000000,
        "costOfRevenue": 4848000000,
        "grossProfit": 889000000,
        "grossProfitRatio": 0.1549590378,
        "researchAndDevelopmentExpenses": 0,
        "generalAndAdministrativeExpenses": 0,
        "sellingAndMarketingExpenses": 0,
        "sellingGeneralAndAdministrativeExpenses": 229000000,
        "otherExpenses": 453000000,
        "operatingExpenses": 682000000,
        "costAndExpenses": 5530000000,
        "interestIncome": 0,
        "interestExpense": 0,
        "depreciationAndAmortization": 325000000,
        "ebitda": 532000000,
        "ebitdaratio": 0.0927313927,
        "operatingIncome": 207000000,
        "operatingIncomeRatio": 0.0360815757,
        "totalOtherIncomeExpensesNet": -118000000,
        "incomeBeforeTax": 89000000,
        "incomeBeforeTaxRatio": 0.0155133345,
        "incomeTaxExpense": 54000000,
        "netIncome": -1118000000,
        "netIncomeRatio": -0.1948753704,
        "eps": -1.84,
        "epsdiluted": -1.84,
        "weightedAverageShsOut": 609090909,
        "weightedAverageShsOutDil": 609090909,
        "link": "https://www.sec.gov/Archives/edgar/data/101778/000089924302000577/0000899243-02-000577-index.htm",
        "finalLink": "https://www.sec.gov/Archives/edgar/data/101778/000089924302000577/d10k.txt"
    },
    {
        "date": "2001-09-30",
        "symbol": "MRO",
        "reportedCurrency": "USD",
        "cik": "0000101778",
        "fillingDate": "2001-11-09",
        "acceptedDate": "2001-11-09 00:00:00",
        "calendarYear": "2001",
        "period": "Q3",
        "revenue": 7350000000,
        "costOfRevenue": 6066000000,
        "grossProfit": 1284000000,
        "grossProfitRatio": 0.1746938776,
        "researchAndDevelopmentExpenses": 0,
        "generalAndAdministrativeExpenses": 0,
        "sellingAndMarketingExpenses": 0,
        "sellingGeneralAndAdministrativeExpenses": 171000000,
        "otherExpenses": 533000000,
        "operatingExpenses": 704000000,
        "costAndExpenses": 6770000000,
        "interestIncome": 0,
        "interestExpense": 0,
        "depreciationAndAmortization": 302000000,
        "ebitda": 879000000,
        "ebitdaratio": 0.1195918367,
        "operatingIncome": 580000000,
        "operatingIncomeRatio": 0.0789115646,
        "totalOtherIncomeExpensesNet": -273000000,
        "incomeBeforeTax": 321000000,
        "incomeBeforeTaxRatio": 0.0436734694,
        "incomeTaxExpense": 128000000,
        "netIncome": 170000000,
        "netIncomeRatio": 0.0231292517,
        "eps": 0.28,
        "epsdiluted": 0.28,
        "weightedAverageShsOut": 618618000,
        "weightedAverageShsOutDil": 619846000,
        "link": "https://www.sec.gov/Archives/edgar/data/101778/000010177801500146/0000101778-01-500146-index.html",
        "finalLink": "https://www.sec.gov/Archives/edgar/data/101778/000010177801500146/fm10q3q01.txt"
    },
    {
        "date": "2001-06-30",
        "symbol": "MRO",
        "reportedCurrency": "USD",
        "cik": "0000101778",
        "fillingDate": "2001-08-06",
        "acceptedDate": "2001-08-06 00:00:00",
        "calendarYear": "2001",
        "period": "Q2",
        "revenue": 8044000000,
        "costOfRevenue": 6228000000,
        "grossProfit": 1816000000,
        "grossProfitRatio": 0.2257583292,
        "researchAndDevelopmentExpenses": 0,
        "generalAndAdministrativeExpenses": 0,
        "sellingAndMarketingExpenses": 0,
        "sellingGeneralAndAdministrativeExpenses": 185000000,
        "otherExpenses": 376000000,
        "operatingExpenses": 561000000,
        "costAndExpenses": 6789000000,
        "interestIncome": 0,
        "interestExpense": 0,
        "depreciationAndAmortization": 306000000,
        "ebitda": 1559000000,
        "ebitdaratio": 0.1938090502,
        "operatingIncome": 1255000000,
        "operatingIncomeRatio": 0.156016907,
        "totalOtherIncomeExpensesNet": -362000000,
        "incomeBeforeTax": 897000000,
        "incomeBeforeTaxRatio": 0.1115116857,
        "incomeTaxExpense": 315000000,
        "netIncome": 552000000,
        "netIncomeRatio": 0.0686225758,
        "eps": 0.94,
        "epsdiluted": 0.94,
        "weightedAverageShsOut": 618202000,
        "weightedAverageShsOutDil": 619254000,
        "link": "https://www.sec.gov/Archives/edgar/data/101778/000010177801500065/0000101778-01-500065-index.htm",
        "finalLink": "https://www.sec.gov/Archives/edgar/data/101778/000010177801500065/fm10q201.txt"
    },
    {
        "date": "2001-03-31",
        "symbol": "MRO",
        "reportedCurrency": "USD",
        "cik": "0000101778",
        "fillingDate": "2001-05-11",
        "acceptedDate": "2001-05-11 00:00:00",
        "calendarYear": "2001",
        "period": "Q1",
        "revenue": 7697000000,
        "costOfRevenue": 6257000000,
        "grossProfit": 1440000000,
        "grossProfitRatio": 0.1870858776,
        "researchAndDevelopmentExpenses": 0,
        "generalAndAdministrativeExpenses": 0,
        "sellingAndMarketingExpenses": 0,
        "sellingGeneralAndAdministrativeExpenses": 141000000,
        "otherExpenses": 387000000,
        "operatingExpenses": 528000000,
        "costAndExpenses": 6785000000,
        "interestIncome": 0,
        "interestExpense": 0,
        "depreciationAndAmortization": 303000000,
        "ebitda": 1211000000,
        "ebitdaratio": 0.1573340262,
        "operatingIncome": 912000000,
        "operatingIncomeRatio": 0.1184877225,
        "totalOtherIncomeExpensesNet": -149000000,
        "incomeBeforeTax": 770000000,
        "incomeBeforeTaxRatio": 0.1000389762,
        "incomeTaxExpense": 262000000,
        "netIncome": 509000000,
        "netIncomeRatio": 0.0661296609,
        "eps": 0.8,
        "epsdiluted": 0.8,
        "weightedAverageShsOut": 617506000,
        "weightedAverageShsOutDil": 618146000,
        "link": "https://www.sec.gov/Archives/edgar/data/101778/000010177801500023/0000101778-01-500023-index.htm",
        "finalLink": "https://www.sec.gov/Archives/edgar/data/101778/000010177801500023/fm10q01.txt"
    },
    {
        "date": "2000-12-31",
        "symbol": "MRO",
        "reportedCurrency": "USD",
        "cik": "0000101778",
        "fillingDate": "2001-03-12",
        "acceptedDate": "2001-03-12 00:00:00",
        "calendarYear": "2000",
        "period": "Q4",
        "revenue": 7474000000,
        "costOfRevenue": 6298000000,
        "grossProfit": 1176000000,
        "grossProfitRatio": 0.1573454643,
        "researchAndDevelopmentExpenses": 0,
        "generalAndAdministrativeExpenses": 0,
        "sellingAndMarketingExpenses": 0,
        "sellingGeneralAndAdministrativeExpenses": 216000000,
        "otherExpenses": 594000000,
        "operatingExpenses": 810000000,
        "costAndExpenses": 7108000000,
        "interestIncome": 0,
        "interestExpense": 0,
        "depreciationAndAmortization": 518000000,
        "ebitda": 884000000,
        "ebitdaratio": 0.1182766925,
        "operatingIncome": 366000000,
        "operatingIncomeRatio": 0.0489697618,
        "totalOtherIncomeExpensesNet": -1001000000,
        "incomeBeforeTax": -635000000,
        "incomeBeforeTaxRatio": -0.0849611988,
        "incomeTaxExpense": -325000000,
        "netIncome": -310000000,
        "netIncomeRatio": -0.0414771207,
        "eps": -0.5,
        "epsdiluted": -0.5,
        "weightedAverageShsOut": 617506000,
        "weightedAverageShsOutDil": 617506000,
        "link": "https://www.sec.gov/Archives/edgar/data/101778/000095013201000164/0000950132-01-000164-index.htm",
        "finalLink": "https://www.sec.gov/Archives/edgar/data/101778/000095013201000164/0000950132-01-000164-0001.txt"
    },
    {
        "date": "2000-09-30",
        "symbol": "MRO",
        "reportedCurrency": "USD",
        "cik": "0000101778",
        "fillingDate": "2000-11-02",
        "acceptedDate": "2000-11-02 00:00:00",
        "calendarYear": "2000",
        "period": "Q3",
        "revenue": 8107000000,
        "costOfRevenue": 6974000000,
        "grossProfit": 1133000000,
        "grossProfitRatio": 0.1397557666,
        "researchAndDevelopmentExpenses": 0,
        "generalAndAdministrativeExpenses": 0,
        "sellingAndMarketingExpenses": 0,
        "sellingGeneralAndAdministrativeExpenses": 151000000,
        "otherExpenses": 312000000,
        "operatingExpenses": 463000000,
        "costAndExpenses": 7437000000,
        "interestIncome": 0,
        "interestExpense": 0,
        "depreciationAndAmortization": 241000000,
        "ebitda": 911000000,
        "ebitdaratio": 0.1123720242,
        "operatingIncome": 670000000,
        "operatingIncomeRatio": 0.0826446281,
        "totalOtherIncomeExpensesNet": -109000000,
        "incomeBeforeTax": 561000000,
        "incomeBeforeTaxRatio": 0.0691994573,
        "incomeTaxExpense": 440000000,
        "netIncome": 121000000,
        "netIncomeRatio": 0.0149253731,
        "eps": 0.19,
        "epsdiluted": 0.19,
        "weightedAverageShsOut": 623694000,
        "weightedAverageShsOutDil": 624188000,
        "link": "https://www.sec.gov/Archives/edgar/data/101778/000010177800000020/0000101778-00-000020-index.htm",
        "finalLink": "https://www.sec.gov/Archives/edgar/data/101778/000010177800000020/0000101778-00-000020-0001.txt"
    },
    {
        "date": "2000-06-30",
        "symbol": "MRO",
        "reportedCurrency": "USD",
        "cik": "0000101778",
        "fillingDate": "2000-08-02",
        "acceptedDate": "2000-08-02 00:00:00",
        "calendarYear": "2000",
        "period": "Q2",
        "revenue": 7755000000,
        "costOfRevenue": 6493000000,
        "grossProfit": 1262000000,
        "grossProfitRatio": 0.1627337202,
        "researchAndDevelopmentExpenses": 0,
        "generalAndAdministrativeExpenses": 0,
        "sellingAndMarketingExpenses": 0,
        "sellingGeneralAndAdministrativeExpenses": 124000000,
        "otherExpenses": 308000000,
        "operatingExpenses": 432000000,
        "costAndExpenses": 6925000000,
        "interestIncome": 0,
        "interestExpense": 0,
        "depreciationAndAmortization": 240000000,
        "ebitda": 1070000000,
        "ebitdaratio": 0.1379754997,
        "operatingIncome": 830000000,
        "operatingIncomeRatio": 0.107027724,
        "totalOtherIncomeExpensesNet": -241000000,
        "incomeBeforeTax": 589000000,
        "incomeBeforeTaxRatio": 0.0759509994,
        "incomeTaxExpense": 222000000,
        "netIncome": 367000000,
        "netIncomeRatio": 0.0473243069,
        "eps": 0.59,
        "epsdiluted": 0.59,
        "weightedAverageShsOut": 624466000,
        "weightedAverageShsOutDil": 624862000,
        "link": "https://www.sec.gov/Archives/edgar/data/101778/000010177800000016/0000101778-00-000016-index.htm",
        "finalLink": "https://www.sec.gov/Archives/edgar/data/101778/000010177800000016/0000101778-00-000016-0001.txt"
    },
    {
        "date": "2000-03-31",
        "symbol": "MRO",
        "reportedCurrency": "USD",
        "cik": "0000101778",
        "fillingDate": "2000-05-11",
        "acceptedDate": "2000-05-11 00:00:00",
        "calendarYear": "2000",
        "period": "Q1",
        "revenue": 6807000000,
        "costOfRevenue": 5950000000,
        "grossProfit": 857000000,
        "grossProfitRatio": 0.125899809,
        "researchAndDevelopmentExpenses": 0,
        "generalAndAdministrativeExpenses": 0,
        "sellingAndMarketingExpenses": 0,
        "sellingGeneralAndAdministrativeExpenses": 134000000,
        "otherExpenses": 313000000,
        "operatingExpenses": 447000000,
        "costAndExpenses": 6397000000,
        "interestIncome": 0,
        "interestExpense": 0,
        "depreciationAndAmortization": 246000000,
        "ebitda": 656000000,
        "ebitdaratio": 0.0963713824,
        "operatingIncome": 410000000,
        "operatingIncomeRatio": 0.060232114,
        "totalOtherIncomeExpensesNet": -11000000,
        "incomeBeforeTax": 399000000,
        "incomeBeforeTaxRatio": 0.0586161305,
        "incomeTaxExpense": 145000000,
        "netIncome": 254000000,
        "netIncomeRatio": 0.0373145292,
        "eps": 0.41,
        "epsdiluted": 0.41,
        "weightedAverageShsOut": 624256000,
        "weightedAverageShsOutDil": 624570000,
        "link": "https://www.sec.gov/Archives/edgar/data/101778/000010177800000006/0000101778-00-000006-index.html",
        "finalLink": "https://www.sec.gov/Archives/edgar/data/101778/000010177800000006/"
    },
    {
        "date": "1999-12-31",
        "symbol": "MRO",
        "reportedCurrency": "USD",
        "cik": "0000101778",
        "fillingDate": "2000-03-13",
        "acceptedDate": "2000-03-13 00:00:00",
        "calendarYear": "1999",
        "period": "Q4",
        "revenue": 6411000000,
        "costOfRevenue": 5654000000,
        "grossProfit": 757000000,
        "grossProfitRatio": 0.1180783029,
        "researchAndDevelopmentExpenses": 0,
        "generalAndAdministrativeExpenses": 0,
        "sellingAndMarketingExpenses": 0,
        "sellingGeneralAndAdministrativeExpenses": 111000000,
        "otherExpenses": 340000000,
        "operatingExpenses": 451000000,
        "costAndExpenses": 6105000000,
        "interestIncome": 0,
        "interestExpense": 0,
        "depreciationAndAmortization": 272000000,
        "ebitda": 578000000,
        "ebitdaratio": 0.0901575417,
        "operatingIncome": 306000000,
        "operatingIncomeRatio": 0.0477304633,
        "totalOtherIncomeExpensesNet": -68000000,
        "incomeBeforeTax": 238000000,
        "incomeBeforeTaxRatio": 0.0371236937,
        "incomeTaxExpense": 67000000,
        "netIncome": 171000000,
        "netIncomeRatio": 0.0266729059,
        "eps": 0.27,
        "epsdiluted": 0.27,
        "weightedAverageShsOut": 623534362,
        "weightedAverageShsOutDil": 624256000,
        "link": "https://www.sec.gov/Archives/edgar/data/101778/000091205700011287/0000912057-00-011287-index.html",
        "finalLink": "https://www.sec.gov/Archives/edgar/data/101778/000091205700011287/"
    },
    {
        "date": "1999-09-30",
        "symbol": "MRO",
        "reportedCurrency": "USD",
        "cik": "0000101778",
        "fillingDate": "1999-11-10",
        "acceptedDate": "1999-11-10 00:00:00",
        "calendarYear": "1999",
        "period": "Q3",
        "revenue": 5457000000,
        "costOfRevenue": 4661000000,
        "grossProfit": 796000000,
        "grossProfitRatio": 0.1458676929,
        "researchAndDevelopmentExpenses": 0,
        "generalAndAdministrativeExpenses": 0,
        "sellingAndMarketingExpenses": 0,
        "sellingGeneralAndAdministrativeExpenses": 121000000,
        "otherExpenses": 276000000,
        "operatingExpenses": 397000000,
        "costAndExpenses": 5058000000,
        "interestIncome": 0,
        "interestExpense": 0,
        "depreciationAndAmortization": 219000000,
        "ebitda": 618000000,
        "ebitdaratio": 0.1132490379,
        "operatingIncome": 399000000,
        "operatingIncomeRatio": 0.0731170973,
        "totalOtherIncomeExpensesNet": -58000000,
        "incomeBeforeTax": 341000000,
        "incomeBeforeTaxRatio": 0.0624885468,
        "incomeTaxExpense": 111000000,
        "netIncome": 230000000,
        "netIncomeRatio": 0.0421477002,
        "eps": 0.37,
        "epsdiluted": 0.37,
        "weightedAverageShsOut": 618784000,
        "weightedAverageShsOutDil": 619620000,
        "link": "https://www.sec.gov/Archives/edgar/data/101778/000010177899000014/0000101778-99-000014-index.html",
        "finalLink": "https://www.sec.gov/Archives/edgar/data/101778/000010177899000014/"
    },
    {
        "date": "1999-06-30",
        "symbol": "MRO",
        "reportedCurrency": "USD",
        "cik": "0000101778",
        "fillingDate": "1999-08-13",
        "acceptedDate": "1999-08-13 00:00:00",
        "calendarYear": "1999",
        "period": "Q2",
        "revenue": 4444000000,
        "costOfRevenue": 3728000000,
        "grossProfit": 716000000,
        "grossProfitRatio": 0.1611161116,
        "researchAndDevelopmentExpenses": 0,
        "generalAndAdministrativeExpenses": 0,
        "sellingAndMarketingExpenses": 0,
        "sellingGeneralAndAdministrativeExpenses": 132000000,
        "otherExpenses": 285000000,
        "operatingExpenses": 417000000,
        "costAndExpenses": 4145000000,
        "interestIncome": 0,
        "interestExpense": 0,
        "depreciationAndAmortization": 222000000,
        "ebitda": 521000000,
        "ebitdaratio": 0.1172367237,
        "operatingIncome": 299000000,
        "operatingIncomeRatio": 0.0672817282,
        "totalOtherIncomeExpensesNet": -83000000,
        "incomeBeforeTax": 216000000,
        "incomeBeforeTaxRatio": 0.0486048605,
        "incomeTaxExpense": 82000000,
        "netIncome": 134000000,
        "netIncomeRatio": 0.0301530153,
        "eps": 0.22,
        "epsdiluted": 0.22,
        "weightedAverageShsOut": 618108000,
        "weightedAverageShsOutDil": 618924000,
        "link": "https://www.sec.gov/Archives/edgar/data/101778/000010177899000008/0000101778-99-000008-index.html",
        "finalLink": "https://www.sec.gov/Archives/edgar/data/101778/000010177899000008/"
    },
    {
        "date": "1999-03-31",
        "symbol": "MRO",
        "reportedCurrency": "USD",
        "cik": "0000101778",
        "fillingDate": "1999-05-12",
        "acceptedDate": "1999-05-12 00:00:00",
        "calendarYear": "1999",
        "period": "Q1",
        "revenue": 3927000000,
        "costOfRevenue": 3468000000,
        "grossProfit": 459000000,
        "grossProfitRatio": 0.1168831169,
        "researchAndDevelopmentExpenses": 0,
        "generalAndAdministrativeExpenses": 0,
        "sellingAndMarketingExpenses": 0,
        "sellingGeneralAndAdministrativeExpenses": 122000000,
        "otherExpenses": 294000000,
        "operatingExpenses": 416000000,
        "costAndExpenses": 3884000000,
        "interestIncome": 0,
        "interestExpense": 0,
        "depreciationAndAmortization": 237000000,
        "ebitda": 280000000,
        "ebitdaratio": 0.0713012478,
        "operatingIncome": 43000000,
        "operatingIncomeRatio": 0.0109498345,
        "totalOtherIncomeExpensesNet": 140000000,
        "incomeBeforeTax": 183000000,
        "incomeBeforeTaxRatio": 0.0466004584,
        "incomeTaxExpense": 64000000,
        "netIncome": 119000000,
        "netIncomeRatio": 0.0303030303,
        "eps": 0.19,
        "epsdiluted": 0.19,
        "weightedAverageShsOut": 618058000,
        "weightedAverageShsOutDil": 618392000,
        "link": "https://www.sec.gov/Archives/edgar/data/101778/000010177899000006/0000101778-99-000006-index.html",
        "finalLink": "https://www.sec.gov/Archives/edgar/data/101778/"
    },
    {
        "date": "1998-12-31",
        "symbol": "MRO",
        "reportedCurrency": "USD",
        "cik": "0000101778",
        "fillingDate": "1999-03-08",
        "acceptedDate": "1999-03-08 00:00:00",
        "calendarYear": "1998",
        "period": "Q4",
        "revenue": 4360000000,
        "costOfRevenue": 3860000000,
        "grossProfit": 500000000,
        "grossProfitRatio": 0.1146788991,
        "researchAndDevelopmentExpenses": 0,
        "generalAndAdministrativeExpenses": 0,
        "sellingAndMarketingExpenses": 0,
        "sellingGeneralAndAdministrativeExpenses": 122000000,
        "otherExpenses": 291000000,
        "operatingExpenses": 413000000,
        "costAndExpenses": 4273000000,
        "interestIncome": 0,
        "interestExpense": 0,
        "depreciationAndAmortization": 240000000,
        "ebitda": 327000000,
        "ebitdaratio": 0.075,
        "operatingIncome": 87000000,
        "operatingIncomeRatio": 0.0199541284,
        "totalOtherIncomeExpensesNet": -257000000,
        "incomeBeforeTax": -170000000,
        "incomeBeforeTaxRatio": -0.0389908257,
        "incomeTaxExpense": -84000000,
        "netIncome": -86000000,
        "netIncomeRatio": -0.0197247706,
        "eps": -0.14,
        "epsdiluted": -0.14,
        "weightedAverageShsOut": 616918000,
        "weightedAverageShsOutDil": 618058000,
        "link": "https://www.sec.gov/Archives/edgar/data/101778/000095013299000185/0000950132-99-000185-index.html",
        "finalLink": "https://www.sec.gov/Archives/edgar/data/101778/"
    },
    {
        "date": "1998-09-30",
        "symbol": "MRO",
        "reportedCurrency": "USD",
        "cik": "0000101778",
        "fillingDate": "1998-11-06",
        "acceptedDate": "1998-11-06 00:00:00",
        "calendarYear": "1998",
        "period": "Q3",
        "revenue": 4684000000,
        "costOfRevenue": 4034000000,
        "grossProfit": 650000000,
        "grossProfitRatio": 0.1387702818,
        "researchAndDevelopmentExpenses": 0,
        "generalAndAdministrativeExpenses": 0,
        "sellingAndMarketingExpenses": 0,
        "sellingGeneralAndAdministrativeExpenses": 132000000,
        "otherExpenses": 268000000,
        "operatingExpenses": 400000000,
        "costAndExpenses": 4434000000,
        "interestIncome": 0,
        "interestExpense": 0,
        "depreciationAndAmortization": 222000000,
        "ebitda": 472000000,
        "ebitdaratio": 0.1007685739,
        "operatingIncome": 249000000,
        "operatingIncomeRatio": 0.0531596926,
        "totalOtherIncomeExpensesNet": -167000000,
        "incomeBeforeTax": 82000000,
        "incomeBeforeTaxRatio": 0.0175064048,
        "incomeTaxExpense": 31000000,
        "netIncome": 51000000,
        "netIncomeRatio": 0.0108881298,
        "eps": 0.09,
        "epsdiluted": 0.085,
        "weightedAverageShsOut": 582640000,
        "weightedAverageShsOutDil": 583606000,
        "link": "https://www.sec.gov/Archives/edgar/data/101778/000010177898000013/0000101778-98-000013-index.html",
        "finalLink": "https://www.sec.gov/Archives/edgar/data/101778/"
    },
    {
        "date": "1998-06-30",
        "symbol": "MRO",
        "reportedCurrency": "USD",
        "cik": "0000101778",
        "fillingDate": "1998-08-13",
        "acceptedDate": "1998-08-13 00:00:00",
        "calendarYear": "1998",
        "period": "Q2",
        "revenue": 4641000000,
        "costOfRevenue": 3840000000,
        "grossProfit": 801000000,
        "grossProfitRatio": 0.1725921138,
        "researchAndDevelopmentExpenses": 0,
        "generalAndAdministrativeExpenses": 0,
        "sellingAndMarketingExpenses": 0,
        "sellingGeneralAndAdministrativeExpenses": 120000000,
        "otherExpenses": 265000000,
        "operatingExpenses": 385000000,
        "costAndExpenses": 4225000000,
        "interestIncome": 0,
        "interestExpense": 0,
        "depreciationAndAmortization": 209000000,
        "ebitda": 625000000,
        "ebitdaratio": 0.1346692523,
        "operatingIncome": 414000000,
        "operatingIncomeRatio": 0.0892049127,
        "totalOtherIncomeExpensesNet": -168000000,
        "incomeBeforeTax": 246000000,
        "incomeBeforeTaxRatio": 0.0530058177,
        "incomeTaxExpense": 84000000,
        "netIncome": 162000000,
        "netIncomeRatio": 0.0349062702,
        "eps": 0.28,
        "epsdiluted": 0.28,
        "weightedAverageShsOut": 579182000,
        "weightedAverageShsOutDil": 580526000,
        "link": "https://www.sec.gov/Archives/edgar/data/101778/000010177898000008/0000101778-98-000008-index.html",
        "finalLink": "https://www.sec.gov/Archives/edgar/data/101778/"
    },
    {
        "date": "1998-03-31",
        "symbol": "MRO",
        "reportedCurrency": "USD",
        "cik": "0000101778",
        "fillingDate": "1998-05-11",
        "acceptedDate": "1998-05-11 00:00:00",
        "calendarYear": "1998",
        "period": "Q1",
        "revenue": 4460000000,
        "costOfRevenue": 3904000000,
        "grossProfit": 556000000,
        "grossProfitRatio": 0.1246636771,
        "researchAndDevelopmentExpenses": 0,
        "generalAndAdministrativeExpenses": 0,
        "sellingAndMarketingExpenses": 0,
        "sellingGeneralAndAdministrativeExpenses": 131000000,
        "otherExpenses": 322000000,
        "operatingExpenses": 453000000,
        "costAndExpenses": 4357000000,
        "interestIncome": 0,
        "interestExpense": 0,
        "depreciationAndAmortization": 270000000,
        "ebitda": 373000000,
        "ebitdaratio": 0.083632287,
        "operatingIncome": 351000000,
        "operatingIncomeRatio": 0.0786995516,
        "totalOtherIncomeExpensesNet": -57000000,
        "incomeBeforeTax": 294000000,
        "incomeBeforeTaxRatio": 0.0659192825,
        "incomeTaxExpense": 111000000,
        "netIncome": 183000000,
        "netIncomeRatio": 0.0410313901,
        "eps": 0.32,
        "epsdiluted": 0.32,
        "weightedAverageShsOut": 577692000,
        "weightedAverageShsOutDil": 578980000,
        "link": "https://www.sec.gov/Archives/edgar/data/101778/000010177898000002/0000101778-98-000002-index.html",
        "finalLink": "https://www.sec.gov/Archives/edgar/data/101778/"
    },
    {
        "date": "1997-12-31",
        "symbol": "MRO",
        "reportedCurrency": "USD",
        "cik": "0000101778",
        "fillingDate": "1998-03-04",
        "acceptedDate": "1998-03-04 00:00:00",
        "calendarYear": "1997",
        "period": "Q4",
        "revenue": 3203000000,
        "costOfRevenue": 2692000000,
        "grossProfit": 511000000,
        "grossProfitRatio": 0.1595379332,
        "researchAndDevelopmentExpenses": 0,
        "generalAndAdministrativeExpenses": 0,
        "sellingAndMarketingExpenses": 0,
        "sellingGeneralAndAdministrativeExpenses": 92000000,
        "otherExpenses": 216000000,
        "operatingExpenses": 308000000,
        "costAndExpenses": 3000000000,
        "interestIncome": 0,
        "interestExpense": 0,
        "depreciationAndAmortization": 167000000,
        "ebitda": 370000000,
        "ebitdaratio": 0.1155167031,
        "operatingIncome": 203000000,
        "operatingIncomeRatio": 0.063378083,
        "totalOtherIncomeExpensesNet": -167000000,
        "incomeBeforeTax": 36000000,
        "incomeBeforeTaxRatio": 0.011239463,
        "incomeTaxExpense": -2000000,
        "netIncome": 38000000,
        "netIncomeRatio": 0.0118638776,
        "eps": 0.0658,
        "epsdiluted": 0.0658,
        "weightedAverageShsOut": 577572000,
        "weightedAverageShsOutDil": 577692000,
        "link": "https://www.sec.gov/Archives/edgar/data/101778/000095013298000178/0000950132-98-000178-index.html",
        "finalLink": "https://www.sec.gov/Archives/edgar/data/101778/"
    },
    {
        "date": "1997-09-30",
        "symbol": "MRO",
        "reportedCurrency": "USD",
        "cik": "0000101778",
        "fillingDate": "1997-11-12",
        "acceptedDate": "1997-11-12 00:00:00",
        "calendarYear": "1997",
        "period": "Q3",
        "revenue": 3191000000,
        "costOfRevenue": 2578000000,
        "grossProfit": 613000000,
        "grossProfitRatio": 0.1921027891,
        "researchAndDevelopmentExpenses": 0,
        "generalAndAdministrativeExpenses": 0,
        "sellingAndMarketingExpenses": 0,
        "sellingGeneralAndAdministrativeExpenses": 96000000,
        "otherExpenses": 213000000,
        "operatingExpenses": 309000000,
        "costAndExpenses": 2887000000,
        "interestIncome": 0,
        "interestExpense": 0,
        "depreciationAndAmortization": 163000000,
        "ebitda": 467000000,
        "ebitdaratio": 0.1463491069,
        "operatingIncome": 304000000,
        "operatingIncomeRatio": 0.0952679411,
        "totalOtherIncomeExpensesNet": -8000000,
        "incomeBeforeTax": 296000000,
        "incomeBeforeTaxRatio": 0.09276089,
        "incomeTaxExpense": 104000000,
        "netIncome": 192000000,
        "netIncomeRatio": 0.0601692259,
        "eps": 0.33,
        "epsdiluted": 0.33,
        "weightedAverageShsOut": 577406000,
        "weightedAverageShsOutDil": 583780000,
        "link": "https://www.sec.gov/Archives/edgar/data/101778/000010177897000016/0000101778-97-000016-index.html",
        "finalLink": "https://www.sec.gov/Archives/edgar/data/101778/"
    },
    {
        "date": "1997-06-30",
        "symbol": "MRO",
        "reportedCurrency": "USD",
        "cik": "0000101778",
        "fillingDate": "1997-08-12",
        "acceptedDate": "1997-08-12 00:00:00",
        "calendarYear": "1997",
        "period": "Q2",
        "revenue": 3111000000,
        "costOfRevenue": 2520000000,
        "grossProfit": 591000000,
        "grossProfitRatio": 0.1899710704,
        "researchAndDevelopmentExpenses": 0,
        "generalAndAdministrativeExpenses": 0,
        "sellingAndMarketingExpenses": 0,
        "sellingGeneralAndAdministrativeExpenses": 83000000,
        "otherExpenses": 213000000,
        "operatingExpenses": 296000000,
        "costAndExpenses": 2816000000,
        "interestIncome": 0,
        "interestExpense": 0,
        "depreciationAndAmortization": 163000000,
        "ebitda": 458000000,
        "ebitdaratio": 0.1472195436,
        "operatingIncome": 295000000,
        "operatingIncomeRatio": 0.0948248152,
        "totalOtherIncomeExpensesNet": -120000000,
        "incomeBeforeTax": 175000000,
        "incomeBeforeTaxRatio": 0.056252009,
        "incomeTaxExpense": 57000000,
        "netIncome": 118000000,
        "netIncomeRatio": 0.0379299261,
        "eps": 0.21,
        "epsdiluted": 0.21,
        "weightedAverageShsOut": 576580000,
        "weightedAverageShsOutDil": 576616000,
        "link": "https://www.sec.gov/Archives/edgar/data/101778/000010177897000012/0000101778-97-000012-index.html",
        "finalLink": "https://www.sec.gov/Archives/edgar/data/101778/"
    },
    {
        "date": "1997-03-31",
        "symbol": "MRO",
        "reportedCurrency": "USD",
        "cik": "0000101778",
        "fillingDate": "1997-05-12",
        "acceptedDate": "1997-05-12 00:00:00",
        "calendarYear": "1997",
        "period": "Q1",
        "revenue": 3427000000,
        "costOfRevenue": 2791000000,
        "grossProfit": 636000000,
        "grossProfitRatio": 0.1855850598,
        "researchAndDevelopmentExpenses": 0,
        "generalAndAdministrativeExpenses": 0,
        "sellingAndMarketingExpenses": 0,
        "sellingGeneralAndAdministrativeExpenses": 84000000,
        "otherExpenses": 224000000,
        "operatingExpenses": 308000000,
        "costAndExpenses": 3099000000,
        "interestIncome": 0,
        "interestExpense": 0,
        "depreciationAndAmortization": 171000000,
        "ebitda": 499000000,
        "ebitdaratio": 0.1456084039,
        "operatingIncome": 328000000,
        "operatingIncomeRatio": 0.095710534,
        "totalOtherIncomeExpensesNet": -163000000,
        "incomeBeforeTax": 165000000,
        "incomeBeforeTaxRatio": 0.0481470674,
        "incomeTaxExpense": 57000000,
        "netIncome": 108000000,
        "netIncomeRatio": 0.0315144441,
        "eps": 0.19,
        "epsdiluted": 0.19,
        "weightedAverageShsOut": 575974000,
        "weightedAverageShsOutDil": 589322000,
        "link": "https://www.sec.gov/Archives/edgar/data/101778/000010177897000002/0000101778-97-000002-index.html",
        "finalLink": "https://www.sec.gov/Archives/edgar/data/101778/"
    },
    {
        "date": "1996-12-31",
        "symbol": "MRO",
        "reportedCurrency": "USD",
        "cik": "0000101778",
        "fillingDate": "1997-03-07",
        "acceptedDate": "1997-03-07 00:00:00",
        "calendarYear": "1996",
        "period": "Q4",
        "revenue": 3761000000,
        "costOfRevenue": 3171000000,
        "grossProfit": 590000000,
        "grossProfitRatio": 0.156873172,
        "researchAndDevelopmentExpenses": 0,
        "generalAndAdministrativeExpenses": 0,
        "sellingAndMarketingExpenses": 0,
        "sellingGeneralAndAdministrativeExpenses": 82000000,
        "otherExpenses": 233000000,
        "operatingExpenses": 315000000,
        "costAndExpenses": 3486000000,
        "interestIncome": 0,
        "interestExpense": 0,
        "depreciationAndAmortization": 171000000,
        "ebitda": 446000000,
        "ebitdaratio": 0.1185854826,
        "operatingIncome": 275000000,
        "operatingIncomeRatio": 0.0731188514,
        "totalOtherIncomeExpensesNet": -20000000,
        "incomeBeforeTax": 255000000,
        "incomeBeforeTaxRatio": 0.0678011167,
        "incomeTaxExpense": 88000000,
        "netIncome": 160000000,
        "netIncomeRatio": 0.0425418772,
        "eps": 0.28,
        "epsdiluted": 0.28,
        "weightedAverageShsOut": 575974000,
        "weightedAverageShsOutDil": 575974000,
        "link": "https://www.sec.gov/Archives/edgar/data/101778/000095013297000130/0000950132-97-000130-index.html",
        "finalLink": "https://www.sec.gov/Archives/edgar/data/101778/"
    },
    {
        "date": "1996-09-30",
        "symbol": "MRO",
        "reportedCurrency": "USD",
        "cik": "0000101778",
        "fillingDate": "1996-11-12",
        "acceptedDate": "1996-11-12 00:00:00",
        "calendarYear": "1996",
        "period": "Q3",
        "revenue": 3438000000,
        "costOfRevenue": 2925000000,
        "grossProfit": 513000000,
        "grossProfitRatio": 0.1492146597,
        "researchAndDevelopmentExpenses": 0,
        "generalAndAdministrativeExpenses": 0,
        "sellingAndMarketingExpenses": 0,
        "sellingGeneralAndAdministrativeExpenses": 77000000,
        "otherExpenses": 214000000,
        "operatingExpenses": 291000000,
        "costAndExpenses": 3216000000,
        "interestIncome": 0,
        "interestExpense": 0,
        "depreciationAndAmortization": 167000000,
        "ebitda": 389000000,
        "ebitdaratio": 0.1131471786,
        "operatingIncome": 222000000,
        "operatingIncomeRatio": 0.0645724258,
        "totalOtherIncomeExpensesNet": 29000000,
        "incomeBeforeTax": 251000000,
        "incomeBeforeTaxRatio": 0.0730075625,
        "incomeTaxExpense": 87000000,
        "netIncome": 164000000,
        "netIncomeRatio": 0.0477021524,
        "eps": 0.28,
        "epsdiluted": 0.28,
        "weightedAverageShsOut": 575216000,
        "weightedAverageShsOutDil": 593280000,
        "link": "https://www.sec.gov/Archives/edgar/data/101778/000010177896000013/0000101778-96-000013-index.html",
        "finalLink": "https://www.sec.gov/Archives/edgar/data/101778/"
    },
    {
        "date": "1996-06-30",
        "symbol": "MRO",
        "reportedCurrency": "USD",
        "cik": "0000101778",
        "fillingDate": "1996-08-13",
        "acceptedDate": "1996-08-13 00:00:00",
        "calendarYear": "1996",
        "period": "Q2",
        "revenue": 3371000000,
        "costOfRevenue": 2765000000,
        "grossProfit": 606000000,
        "grossProfitRatio": 0.1797686147,
        "researchAndDevelopmentExpenses": 0,
        "generalAndAdministrativeExpenses": 0,
        "sellingAndMarketingExpenses": 0,
        "sellingGeneralAndAdministrativeExpenses": 82000000,
        "otherExpenses": 218000000,
        "operatingExpenses": 300000000,
        "costAndExpenses": 3065000000,
        "interestIncome": 0,
        "interestExpense": 0,
        "depreciationAndAmortization": 173000000,
        "ebitda": 479000000,
        "ebitdaratio": 0.142094334,
        "operatingIncome": 306000000,
        "operatingIncomeRatio": 0.090774251,
        "totalOtherIncomeExpensesNet": -141000000,
        "incomeBeforeTax": 165000000,
        "incomeBeforeTaxRatio": 0.0489469,
        "incomeTaxExpense": 41000000,
        "netIncome": 124000000,
        "netIncomeRatio": 0.036784337,
        "eps": 0.22,
        "epsdiluted": 0.22,
        "weightedAverageShsOut": 575208000,
        "weightedAverageShsOutDil": 587164000,
        "link": "https://www.sec.gov/Archives/edgar/data/101778/000010177896000006/0000101778-96-000006-index.html",
        "finalLink": "https://www.sec.gov/Archives/edgar/data/101778/"
    },
    {
        "date": "1996-03-31",
        "symbol": "MRO",
        "reportedCurrency": "USD",
        "cik": "0000101778",
        "fillingDate": "1996-05-14",
        "acceptedDate": "1996-05-14 00:00:00",
        "calendarYear": "1996",
        "period": "Q1",
        "revenue": 2994000000,
        "costOfRevenue": 2463000000,
        "grossProfit": 531000000,
        "grossProfitRatio": 0.1773547094,
        "researchAndDevelopmentExpenses": 0,
        "generalAndAdministrativeExpenses": 0,
        "sellingAndMarketingExpenses": 0,
        "sellingGeneralAndAdministrativeExpenses": 78000000,
        "otherExpenses": 231000000,
        "operatingExpenses": 309000000,
        "costAndExpenses": 2772000000,
        "interestIncome": 0,
        "interestExpense": 0,
        "depreciationAndAmortization": 182000000,
        "ebitda": 404000000,
        "ebitdaratio": 0.1349365397,
        "operatingIncome": 222000000,
        "operatingIncomeRatio": 0.0741482966,
        "totalOtherIncomeExpensesNet": 98000000,
        "incomeBeforeTax": 320000000,
        "incomeBeforeTaxRatio": 0.1068804275,
        "incomeTaxExpense": 104000000,
        "netIncome": 216000000,
        "netIncomeRatio": 0.0721442886,
        "eps": 0.38,
        "epsdiluted": 0.37,
        "weightedAverageShsOut": 574920000,
        "weightedAverageShsOutDil": 594502000,
        "link": "https://www.sec.gov/Archives/edgar/data/101778/000010177896000004/0000101778-96-000004-index.html",
        "finalLink": "https://www.sec.gov/Archives/edgar/data/101778/"
    },
    {
        "date": "1995-12-31",
        "symbol": "MRO",
        "reportedCurrency": "USD",
        "cik": "0000101778",
        "fillingDate": "1996-03-06",
        "acceptedDate": "1996-03-06 00:00:00",
        "calendarYear": "1995",
        "period": "Q4",
        "revenue": 2852000000,
        "costOfRevenue": 2444000000,
        "grossProfit": 408000000,
        "grossProfitRatio": 0.1430575035,
        "researchAndDevelopmentExpenses": 0,
        "generalAndAdministrativeExpenses": 0,
        "sellingAndMarketingExpenses": 0,
        "sellingGeneralAndAdministrativeExpenses": 71000000,
        "otherExpenses": 239000000,
        "operatingExpenses": 310000000,
        "costAndExpenses": 2754000000,
        "interestIncome": 0,
        "interestExpense": 0,
        "depreciationAndAmortization": 194000000,
        "ebitda": 292000000,
        "ebitdaratio": 0.1023842917,
        "operatingIncome": -561000000,
        "operatingIncomeRatio": -0.1967040673,
        "totalOtherIncomeExpensesNet": -42000000,
        "incomeBeforeTax": -603000000,
        "incomeBeforeTaxRatio": -0.211430575,
        "incomeTaxExpense": -238000000,
        "netIncome": -366000000,
        "netIncomeRatio": -0.1283309958,
        "eps": -0.64,
        "epsdiluted": -0.64,
        "weightedAverageShsOut": 574920000,
        "weightedAverageShsOutDil": 574920000,
        "link": "https://www.sec.gov/Archives/edgar/data/101778/000095012896000203/0000950128-96-000203-index.html",
        "finalLink": "https://www.sec.gov/Archives/edgar/data/101778/"
    },
    {
        "date": "1995-09-30",
        "symbol": "MRO",
        "reportedCurrency": "USD",
        "cik": "0000101778",
        "fillingDate": "1995-11-09",
        "acceptedDate": "1995-11-09 00:00:00",
        "calendarYear": "1995",
        "period": "Q3",
        "revenue": 2774000000,
        "costOfRevenue": 2224000000,
        "grossProfit": 550000000,
        "grossProfitRatio": 0.1982696467,
        "researchAndDevelopmentExpenses": 0,
        "generalAndAdministrativeExpenses": 0,
        "sellingAndMarketingExpenses": 0,
        "sellingGeneralAndAdministrativeExpenses": 74000000,
        "otherExpenses": 254000000,
        "operatingExpenses": 328000000,
        "costAndExpenses": 2552000000,
        "interestIncome": 0,
        "interestExpense": 0,
        "depreciationAndAmortization": 207000000,
        "ebitda": 429000000,
        "ebitdaratio": 0.1546503244,
        "operatingIncome": 222000000,
        "operatingIncomeRatio": 0.0800288392,
        "totalOtherIncomeExpensesNet": -110000000,
        "incomeBeforeTax": 112000000,
        "incomeBeforeTaxRatio": 0.0403749099,
        "incomeTaxExpense": 15000000,
        "netIncome": 92000000,
        "netIncomeRatio": 0.0331651045,
        "eps": 0.16,
        "epsdiluted": 0.16,
        "weightedAverageShsOut": 574816000,
        "weightedAverageShsOutDil": 574846000,
        "link": "https://www.sec.gov/Archives/edgar/data/101778/000010177895000022/0000101778-95-000022-index.html",
        "finalLink": "https://www.sec.gov/Archives/edgar/data/101778/"
    },
    {
        "date": "1995-06-30",
        "symbol": "MRO",
        "reportedCurrency": "USD",
        "cik": "0000101778",
        "fillingDate": "1995-08-10",
        "acceptedDate": "1995-08-10 00:00:00",
        "calendarYear": "1995",
        "period": "Q2",
        "revenue": 2847000000,
        "costOfRevenue": 2257000000,
        "grossProfit": 590000000,
        "grossProfitRatio": 0.2072356867,
        "researchAndDevelopmentExpenses": 0,
        "generalAndAdministrativeExpenses": 0,
        "sellingAndMarketingExpenses": 0,
        "sellingGeneralAndAdministrativeExpenses": 79000000,
        "otherExpenses": 260000000,
        "operatingExpenses": 339000000,
        "costAndExpenses": 2596000000,
        "interestIncome": 0,
        "interestExpense": 0,
        "depreciationAndAmortization": 209000000,
        "ebitda": 460000000,
        "ebitdaratio": 0.1615735862,
        "operatingIncome": 251000000,
        "operatingIncomeRatio": 0.0881629786,
        "totalOtherIncomeExpensesNet": -78000000,
        "incomeBeforeTax": 173000000,
        "incomeBeforeTaxRatio": 0.0607657183,
        "incomeTaxExpense": 65000000,
        "netIncome": 107000000,
        "netIncomeRatio": 0.0375834211,
        "eps": 0.19,
        "epsdiluted": 0.19,
        "weightedAverageShsOut": 574492000,
        "weightedAverageShsOutDil": 587008000,
        "link": "https://www.sec.gov/Archives/edgar/data/101778/000010177895000017/0000101778-95-000017-index.html",
        "finalLink": "https://www.sec.gov/Archives/edgar/data/101778/"
    },
    {
        "date": "1995-03-31",
        "symbol": "MRO",
        "reportedCurrency": "USD",
        "cik": "0000101778",
        "fillingDate": "1995-05-09",
        "acceptedDate": "1995-05-09 00:00:00",
        "calendarYear": "1995",
        "period": "Q1",
        "revenue": 2690000000,
        "costOfRevenue": 2235000000,
        "grossProfit": 455000000,
        "grossProfitRatio": 0.1691449814,
        "researchAndDevelopmentExpenses": 0,
        "generalAndAdministrativeExpenses": 0,
        "sellingAndMarketingExpenses": 0,
        "sellingGeneralAndAdministrativeExpenses": 73000000,
        "otherExpenses": 259000000,
        "operatingExpenses": 332000000,
        "costAndExpenses": 2567000000,
        "interestIncome": 0,
        "interestExpense": 0,
        "depreciationAndAmortization": 207000000,
        "ebitda": 330000000,
        "ebitdaratio": 0.1226765799,
        "operatingIncome": 123000000,
        "operatingIncomeRatio": 0.0457249071,
        "totalOtherIncomeExpensesNet": 5000000,
        "incomeBeforeTax": 128000000,
        "incomeBeforeTaxRatio": 0.0475836431,
        "incomeTaxExpense": 51000000,
        "netIncome": 75000000,
        "netIncomeRatio": 0.0278810409,
        "eps": 0.13,
        "epsdiluted": 0.13,
        "weightedAverageShsOut": 574374000,
        "weightedAverageShsOutDil": 574378000,
        "link": "https://www.sec.gov/Archives/edgar/data/101778/000010177895000011/0000101778-95-000011-index.html",
        "finalLink": "https://www.sec.gov/Archives/edgar/data/101778/"
    },
    {
        "date": "1994-12-31",
        "symbol": "MRO",
        "reportedCurrency": "USD",
        "cik": "0000101778",
        "fillingDate": "1995-03-20",
        "acceptedDate": "1995-03-20 00:00:00",
        "calendarYear": "1994",
        "period": "Q4",
        "revenue": 2744000000,
        "costOfRevenue": 2339000000,
        "grossProfit": 405000000,
        "grossProfitRatio": 0.1475947522,
        "researchAndDevelopmentExpenses": 0,
        "generalAndAdministrativeExpenses": 0,
        "sellingAndMarketingExpenses": 0,
        "sellingGeneralAndAdministrativeExpenses": 76000000,
        "otherExpenses": 246000000,
        "operatingExpenses": 322000000,
        "costAndExpenses": 2661000000,
        "interestIncome": 0,
        "interestExpense": 0,
        "depreciationAndAmortization": 196000000,
        "ebitda": 279000000,
        "ebitdaratio": 0.1016763848,
        "operatingIncome": 83000000,
        "operatingIncomeRatio": 0.0302478134,
        "totalOtherIncomeExpensesNet": -72000000,
        "incomeBeforeTax": 11000000,
        "incomeBeforeTaxRatio": 0.0040087464,
        "incomeTaxExpense": -26000000,
        "netIncome": 35000000,
        "netIncomeRatio": 0.012755102,
        "eps": 0.0644,
        "epsdiluted": 0.0644,
        "weightedAverageShsOut": 574372000,
        "weightedAverageShsOutDil": 574374000,
        "link": "https://www.sec.gov/Archives/edgar/data/101778/000095012895000059/0000950128-95-000059-index.html",
        "finalLink": "https://www.sec.gov/Archives/edgar/data/101778/"
    },
    {
        "date": "1994-09-30",
        "symbol": "MRO",
        "reportedCurrency": "USD",
        "cik": "0000101778",
        "fillingDate": "1994-11-10",
        "acceptedDate": "1994-11-10 00:00:00",
        "calendarYear": "1994",
        "period": "Q3",
        "revenue": 2764000000,
        "costOfRevenue": 2288000000,
        "grossProfit": 476000000,
        "grossProfitRatio": 0.1722141823,
        "researchAndDevelopmentExpenses": 0,
        "generalAndAdministrativeExpenses": 0,
        "sellingAndMarketingExpenses": 0,
        "sellingGeneralAndAdministrativeExpenses": 73000000,
        "otherExpenses": 223000000,
        "operatingExpenses": 296000000,
        "costAndExpenses": 2584000000,
        "interestIncome": 0,
        "interestExpense": 0,
        "depreciationAndAmortization": 172000000,
        "ebitda": 352000000,
        "ebitdaratio": 0.1273516643,
        "operatingIncome": 180000000,
        "operatingIncomeRatio": 0.0651230101,
        "totalOtherIncomeExpensesNet": -2000000,
        "incomeBeforeTax": 178000000,
        "incomeBeforeTaxRatio": 0.0643994211,
        "incomeTaxExpense": 76000000,
        "netIncome": 101000000,
        "netIncomeRatio": 0.0365412446,
        "eps": 0.18,
        "epsdiluted": 0.18,
        "weightedAverageShsOut": 573136000,
        "weightedAverageShsOutDil": 585630000,
        "link": "https://www.sec.gov/Archives/edgar/data/101778/000010177894000019/0000101778-94-000019-index.html",
        "finalLink": "https://www.sec.gov/Archives/edgar/data/101778/"
    },
    {
        "date": "1994-06-30",
        "symbol": "MRO",
        "reportedCurrency": "USD",
        "cik": "0000101778",
        "fillingDate": "1994-08-11",
        "acceptedDate": "1994-08-11 00:00:00",
        "calendarYear": "1994",
        "period": "Q2",
        "revenue": 2561000000,
        "costOfRevenue": 2190000000,
        "grossProfit": 371000000,
        "grossProfitRatio": 0.144865287,
        "researchAndDevelopmentExpenses": 0,
        "generalAndAdministrativeExpenses": 0,
        "sellingAndMarketingExpenses": 0,
        "sellingGeneralAndAdministrativeExpenses": 86000000,
        "otherExpenses": 222000000,
        "operatingExpenses": 308000000,
        "costAndExpenses": 2498000000,
        "interestIncome": 0,
        "interestExpense": 0,
        "depreciationAndAmortization": 182000000,
        "ebitda": 245000000,
        "ebitdaratio": 0.0956657556,
        "operatingIncome": 63000000,
        "operatingIncomeRatio": 0.0245997657,
        "totalOtherIncomeExpensesNet": 46000000,
        "incomeBeforeTax": 109000000,
        "incomeBeforeTaxRatio": 0.0425614994,
        "incomeTaxExpense": 37000000,
        "netIncome": 70000000,
        "netIncomeRatio": 0.027333073,
        "eps": 0.13,
        "epsdiluted": 0.13,
        "weightedAverageShsOut": 573156000,
        "weightedAverageShsOutDil": 573156000,
        "link": "https://www.sec.gov/Archives/edgar/data/101778/000010177894000010/0000101778-94-000010-index.html",
        "finalLink": "https://www.sec.gov/Archives/edgar/data/101778/"
    },
    {
        "date": "1994-03-31",
        "symbol": "MRO",
        "reportedCurrency": "USD",
        "cik": "0000101778",
        "fillingDate": "1994-05-12",
        "acceptedDate": "1994-05-12 00:00:00",
        "calendarYear": "1994",
        "period": "Q1",
        "revenue": 2204000000,
        "costOfRevenue": 1803000000,
        "grossProfit": 401000000,
        "grossProfitRatio": 0.1819419238,
        "researchAndDevelopmentExpenses": 0,
        "generalAndAdministrativeExpenses": 0,
        "sellingAndMarketingExpenses": 0,
        "sellingGeneralAndAdministrativeExpenses": 78000000,
        "otherExpenses": 225000000,
        "operatingExpenses": 303000000,
        "costAndExpenses": 2106000000,
        "interestIncome": 0,
        "interestExpense": 0,
        "depreciationAndAmortization": 171000000,
        "ebitda": 269000000,
        "ebitdaratio": 0.1220508167,
        "operatingIncome": 98000000,
        "operatingIncomeRatio": 0.0444646098,
        "totalOtherIncomeExpensesNet": 80000000,
        "incomeBeforeTax": 178000000,
        "incomeBeforeTaxRatio": 0.0807622505,
        "incomeTaxExpense": 68000000,
        "netIncome": 109000000,
        "netIncomeRatio": 0.0494555354,
        "eps": 0.19,
        "epsdiluted": 0.19,
        "weightedAverageShsOut": 573164000,
        "weightedAverageShsOutDil": 585658000,
        "link": "https://www.sec.gov/Archives/edgar/data/101778/000010177894000008/0000101778-94-000008-index.html",
        "finalLink": "https://www.sec.gov/Archives/edgar/data/101778/"
    },
    {
        "date": "1993-12-31",
        "symbol": "MRO",
        "reportedCurrency": "USD",
        "cik": "0000101778",
        "fillingDate": "1994-03-15",
        "acceptedDate": "1994-03-15 00:00:00",
        "calendarYear": "1993",
        "period": "Q4",
        "revenue": 2922000000,
        "costOfRevenue": 2017000000,
        "grossProfit": 905000000,
        "grossProfitRatio": 0.3097193703,
        "researchAndDevelopmentExpenses": 0,
        "generalAndAdministrativeExpenses": 0,
        "sellingAndMarketingExpenses": 0,
        "sellingGeneralAndAdministrativeExpenses": 83000000,
        "otherExpenses": 750000000,
        "operatingExpenses": 833000000,
        "costAndExpenses": 2850000000,
        "interestIncome": 0,
        "interestExpense": 0,
        "depreciationAndAmortization": 179000000,
        "ebitda": 251000000,
        "ebitdaratio": 0.0859000684,
        "operatingIncome": 72000000,
        "operatingIncomeRatio": 0.0246406571,
        "totalOtherIncomeExpensesNet": -233000000,
        "incomeBeforeTax": -161000000,
        "incomeBeforeTaxRatio": -0.0550992471,
        "incomeTaxExpense": -73000000,
        "netIncome": -111000000,
        "netIncomeRatio": -0.0379876797,
        "eps": -0.19,
        "epsdiluted": -0.19,
        "weightedAverageShsOut": 580000000,
        "weightedAverageShsOutDil": 580000000,
        "link": "https://www.sec.gov/Archives/edgar/data/101778/000095012894000051/0000950128-94-000051-index.html",
        "finalLink": "https://www.sec.gov/Archives/edgar/data/101778/"
    },
    {
        "date": "1993-09-30",
        "symbol": "MRO",
        "reportedCurrency": "USD",
        "cik": "0000101778",
        "fillingDate": "1993-09-30",
        "acceptedDate": "1993-09-30 00:00:00",
        "calendarYear": "1993",
        "period": "Q3",
        "revenue": 2983000000,
        "costOfRevenue": 2025000000,
        "grossProfit": 958000000,
        "grossProfitRatio": 0.3211532015,
        "researchAndDevelopmentExpenses": 0,
        "generalAndAdministrativeExpenses": 0,
        "sellingAndMarketingExpenses": 0,
        "sellingGeneralAndAdministrativeExpenses": 82000000,
        "otherExpenses": 762000000,
        "operatingExpenses": 844000000,
        "costAndExpenses": 2869000000,
        "interestIncome": 0,
        "interestExpense": 0,
        "depreciationAndAmortization": 198000000,
        "ebitda": 312000000,
        "ebitdaratio": 0.1045926919,
        "operatingIncome": 114000000,
        "operatingIncomeRatio": 0.0382165605,
        "totalOtherIncomeExpensesNet": -90000000,
        "incomeBeforeTax": 24000000,
        "incomeBeforeTaxRatio": 0.0080455917,
        "incomeTaxExpense": -6000000,
        "netIncome": 29000000,
        "netIncomeRatio": 0.0097217566,
        "eps": 0.05,
        "epsdiluted": 0.05,
        "weightedAverageShsOut": 580000000,
        "weightedAverageShsOutDil": 580000000,
        "link": null,
        "finalLink": null
    },
    {
        "date": "1993-06-30",
        "symbol": "MRO",
        "reportedCurrency": "USD",
        "cik": "0000101778",
        "fillingDate": "1993-06-30",
        "acceptedDate": "1993-06-30 00:00:00",
        "calendarYear": "1993",
        "period": "Q2",
        "revenue": 3103000000,
        "costOfRevenue": 2157000000,
        "grossProfit": 946000000,
        "grossProfitRatio": 0.3048662585,
        "researchAndDevelopmentExpenses": 0,
        "generalAndAdministrativeExpenses": 0,
        "sellingAndMarketingExpenses": 0,
        "sellingGeneralAndAdministrativeExpenses": 162000000,
        "otherExpenses": 690000000,
        "operatingExpenses": 852000000,
        "costAndExpenses": 3009000000,
        "interestIncome": 0,
        "interestExpense": 0,
        "depreciationAndAmortization": 175000000,
        "ebitda": 269000000,
        "ebitdaratio": 0.0866902997,
        "operatingIncome": 94000000,
        "operatingIncomeRatio": 0.0302932646,
        "totalOtherIncomeExpensesNet": -62000000,
        "incomeBeforeTax": 32000000,
        "incomeBeforeTaxRatio": 0.0103126007,
        "incomeTaxExpense": 11000000,
        "netIncome": 20000000,
        "netIncomeRatio": 0.0064453754,
        "eps": 0.035,
        "epsdiluted": 0.035,
        "weightedAverageShsOut": 571428571,
        "weightedAverageShsOutDil": 571428571,
        "link": null,
        "finalLink": null
    },
    {
        "date": "1993-03-31",
        "symbol": "MRO",
        "reportedCurrency": "USD",
        "cik": "0000101778",
        "fillingDate": "1993-03-31",
        "acceptedDate": "1993-03-31 00:00:00",
        "calendarYear": "1993",
        "period": "Q1",
        "revenue": 2954000000,
        "costOfRevenue": 2067000000,
        "grossProfit": 887000000,
        "grossProfitRatio": 0.3002708192,
        "researchAndDevelopmentExpenses": 0,
        "generalAndAdministrativeExpenses": 0,
        "sellingAndMarketingExpenses": 0,
        "sellingGeneralAndAdministrativeExpenses": 110000000,
        "otherExpenses": 671000000,
        "operatingExpenses": 781000000,
        "costAndExpenses": 2848000000,
        "interestIncome": 0,
        "interestExpense": 0,
        "depreciationAndAmortization": 175000000,
        "ebitda": 281000000,
        "ebitdaratio": 0.0951252539,
        "operatingIncome": 106000000,
        "operatingIncomeRatio": 0.0358835477,
        "totalOtherIncomeExpensesNet": -56000000,
        "incomeBeforeTax": 50000000,
        "incomeBeforeTaxRatio": 0.0169262018,
        "incomeTaxExpense": 19000000,
        "netIncome": 29000000,
        "netIncomeRatio": 0.009817197,
        "eps": 0.05,
        "epsdiluted": 0.05,
        "weightedAverageShsOut": 580000000,
        "weightedAverageShsOutDil": 580000000,
        "link": null,
        "finalLink": null
    },
    {
        "date": "1992-12-31",
        "symbol": "MRO",
        "reportedCurrency": "USD",
        "cik": "0000101778",
        "fillingDate": "1992-12-31",
        "acceptedDate": "1992-12-31 00:00:00",
        "calendarYear": "1992",
        "period": "Q4",
        "revenue": 3238000000,
        "costOfRevenue": 2491000000,
        "grossProfit": 747000000,
        "grossProfitRatio": 0.2306979617,
        "researchAndDevelopmentExpenses": 0,
        "generalAndAdministrativeExpenses": 0,
        "sellingAndMarketingExpenses": 0,
        "sellingGeneralAndAdministrativeExpenses": 104000000,
        "otherExpenses": 675000000,
        "operatingExpenses": 779000000,
        "costAndExpenses": 3270000000,
        "interestIncome": 0,
        "interestExpense": 0,
        "depreciationAndAmortization": 204000000,
        "ebitda": 172000000,
        "ebitdaratio": 0.0531192094,
        "operatingIncome": -32000000,
        "operatingIncomeRatio": -0.0098826436,
        "totalOtherIncomeExpensesNet": -160000000,
        "incomeBeforeTax": -192000000,
        "incomeBeforeTaxRatio": -0.0592958616,
        "incomeTaxExpense": -23000000,
        "netIncome": -500000000,
        "netIncomeRatio": -0.1544163064,
        "eps": -0.85,
        "epsdiluted": -0.83,
        "weightedAverageShsOut": 591340206,
        "weightedAverageShsOutDil": 600000000,
        "link": null,
        "finalLink": null
    },
    {
        "date": "1992-09-30",
        "symbol": "MRO",
        "reportedCurrency": "USD",
        "cik": "0000101778",
        "fillingDate": "1992-09-30",
        "acceptedDate": "1992-09-30 00:00:00",
        "calendarYear": "1992",
        "period": "Q3",
        "revenue": 3382000000,
        "costOfRevenue": 2563000000,
        "grossProfit": 819000000,
        "grossProfitRatio": 0.2421643998,
        "researchAndDevelopmentExpenses": 0,
        "generalAndAdministrativeExpenses": 0,
        "sellingAndMarketingExpenses": 0,
        "sellingGeneralAndAdministrativeExpenses": 80000000,
        "otherExpenses": 677000000,
        "operatingExpenses": 757000000,
        "costAndExpenses": 3320000000,
        "interestIncome": 0,
        "interestExpense": 0,
        "depreciationAndAmortization": 187000000,
        "ebitda": 249000000,
        "ebitdaratio": 0.0736250739,
        "operatingIncome": 62000000,
        "operatingIncomeRatio": 0.0183323477,
        "totalOtherIncomeExpensesNet": -18000000,
        "incomeBeforeTax": 44000000,
        "incomeBeforeTaxRatio": 0.0130100532,
        "incomeTaxExpense": 27000000,
        "netIncome": 15000000,
        "netIncomeRatio": 0.0044352454,
        "eps": 0.025,
        "epsdiluted": 0.025,
        "weightedAverageShsOut": 600000000,
        "weightedAverageShsOutDil": 600000000,
        "link": null,
        "finalLink": null
    },
    {
        "date": "1992-06-30",
        "symbol": "MRO",
        "reportedCurrency": "USD",
        "cik": "0000101778",
        "fillingDate": "1992-06-30",
        "acceptedDate": "1992-06-30 00:00:00",
        "calendarYear": "1992",
        "period": "Q2",
        "revenue": 3221000000,
        "costOfRevenue": 2386000000,
        "grossProfit": 835000000,
        "grossProfitRatio": 0.259236262,
        "researchAndDevelopmentExpenses": 0,
        "generalAndAdministrativeExpenses": 0,
        "sellingAndMarketingExpenses": 0,
        "sellingGeneralAndAdministrativeExpenses": 80000000,
        "otherExpenses": 547000000,
        "operatingExpenses": 627000000,
        "costAndExpenses": 3013000000,
        "interestIncome": 0,
        "interestExpense": 0,
        "depreciationAndAmortization": 197000000,
        "ebitda": 405000000,
        "ebitdaratio": 0.1257373486,
        "operatingIncome": 208000000,
        "operatingIncomeRatio": 0.0645762186,
        "totalOtherIncomeExpensesNet": 101000000,
        "incomeBeforeTax": 309000000,
        "incomeBeforeTaxRatio": 0.0959329401,
        "incomeTaxExpense": 83000000,
        "netIncome": 225000000,
        "netIncomeRatio": 0.0698540826,
        "eps": 0.4,
        "epsdiluted": 0.39,
        "weightedAverageShsOut": 569620253,
        "weightedAverageShsOutDil": 584415584,
        "link": null,
        "finalLink": null
    },
    {
        "date": "1992-03-31",
        "symbol": "MRO",
        "reportedCurrency": "USD",
        "cik": "0000101778",
        "fillingDate": "1992-03-31",
        "acceptedDate": "1992-03-31 00:00:00",
        "calendarYear": "1992",
        "period": "Q1",
        "revenue": 2941000000,
        "costOfRevenue": 2088000000,
        "grossProfit": 853000000,
        "grossProfitRatio": 0.2900374022,
        "researchAndDevelopmentExpenses": 0,
        "generalAndAdministrativeExpenses": 0,
        "sellingAndMarketingExpenses": 0,
        "sellingGeneralAndAdministrativeExpenses": 79000000,
        "otherExpenses": 670000000,
        "operatingExpenses": 749000000,
        "costAndExpenses": 2837000000,
        "interestIncome": 0,
        "interestExpense": 0,
        "depreciationAndAmortization": 205000000,
        "ebitda": 309000000,
        "ebitdaratio": 0.105066304,
        "operatingIncome": 104000000,
        "operatingIncomeRatio": 0.0353621217,
        "totalOtherIncomeExpensesNet": -64000000,
        "incomeBeforeTax": 40000000,
        "incomeBeforeTaxRatio": 0.013600816,
        "incomeTaxExpense": 5000000,
        "netIncome": 33000000,
        "netIncomeRatio": 0.0112206732,
        "eps": 0.06,
        "epsdiluted": 0.06,
        "weightedAverageShsOut": 550000000,
        "weightedAverageShsOutDil": 550000000,
        "link": null,
        "finalLink": null
    },
    {
        "date": "1991-12-31",
        "symbol": "MRO",
        "reportedCurrency": "USD",
        "cik": "0000101778",
        "fillingDate": "1991-12-31",
        "acceptedDate": "1991-12-31 00:00:00",
        "calendarYear": "1991",
        "period": "Q4",
        "revenue": 3571000000,
        "costOfRevenue": 2711000000,
        "grossProfit": 860000000,
        "grossProfitRatio": 0.2408288995,
        "researchAndDevelopmentExpenses": 0,
        "generalAndAdministrativeExpenses": 0,
        "sellingAndMarketingExpenses": 0,
        "sellingGeneralAndAdministrativeExpenses": 315000000,
        "otherExpenses": 693000000,
        "operatingExpenses": 1008000000,
        "costAndExpenses": 3719000000,
        "interestIncome": 0,
        "interestExpense": 0,
        "depreciationAndAmortization": 234000000,
        "ebitda": 86000000,
        "ebitdaratio": 0.0240828899,
        "operatingIncome": -148000000,
        "operatingIncomeRatio": -0.0414449734,
        "totalOtherIncomeExpensesNet": -87000000,
        "incomeBeforeTax": -235000000,
        "incomeBeforeTaxRatio": -0.0658078969,
        "incomeTaxExpense": -6000000,
        "netIncome": -229000000,
        "netIncomeRatio": -0.0641276953,
        "eps": -0.42,
        "epsdiluted": -0.42,
        "weightedAverageShsOut": 550000000,
        "weightedAverageShsOutDil": 550000000,
        "link": null,
        "finalLink": null
    },
    {
        "date": "1991-09-30",
        "symbol": "MRO",
        "reportedCurrency": "USD",
        "cik": "0000101778",
        "fillingDate": "1991-09-30",
        "acceptedDate": "1991-09-30 00:00:00",
        "calendarYear": "1991",
        "period": "Q3",
        "revenue": 3488000000,
        "costOfRevenue": 2566000000,
        "grossProfit": 922000000,
        "grossProfitRatio": 0.2643348624,
        "researchAndDevelopmentExpenses": 0,
        "generalAndAdministrativeExpenses": 0,
        "sellingAndMarketingExpenses": 0,
        "sellingGeneralAndAdministrativeExpenses": 111000000,
        "otherExpenses": 700000000,
        "operatingExpenses": 811000000,
        "costAndExpenses": 3377000000,
        "interestIncome": 0,
        "interestExpense": 0,
        "depreciationAndAmortization": 216000000,
        "ebitda": 327000000,
        "ebitdaratio": 0.09375,
        "operatingIncome": 111000000,
        "operatingIncomeRatio": 0.0318233945,
        "totalOtherIncomeExpensesNet": -51000000,
        "incomeBeforeTax": 60000000,
        "incomeBeforeTaxRatio": 0.0172018349,
        "incomeTaxExpense": 37000000,
        "netIncome": 22000000,
        "netIncomeRatio": 0.0063073394,
        "eps": 0.04,
        "epsdiluted": 0.04,
        "weightedAverageShsOut": 550000000,
        "weightedAverageShsOutDil": 550000000,
        "link": null,
        "finalLink": null
    },
    {
        "date": "1991-06-30",
        "symbol": "MRO",
        "reportedCurrency": "USD",
        "cik": "0000101778",
        "fillingDate": "1991-06-30",
        "acceptedDate": "1991-06-30 00:00:00",
        "calendarYear": "1991",
        "period": "Q2",
        "revenue": 3503000000,
        "costOfRevenue": 2487000000,
        "grossProfit": 1016000000,
        "grossProfitRatio": 0.290037111,
        "researchAndDevelopmentExpenses": 0,
        "generalAndAdministrativeExpenses": 0,
        "sellingAndMarketingExpenses": 0,
        "sellingGeneralAndAdministrativeExpenses": 103000000,
        "otherExpenses": 732000000,
        "operatingExpenses": 835000000,
        "costAndExpenses": 3322000000,
        "interestIncome": 0,
        "interestExpense": 0,
        "depreciationAndAmortization": 215000000,
        "ebitda": 396000000,
        "ebitdaratio": 0.1130459606,
        "operatingIncome": 181000000,
        "operatingIncomeRatio": 0.0516699971,
        "totalOtherIncomeExpensesNet": -72000000,
        "incomeBeforeTax": 109000000,
        "incomeBeforeTaxRatio": 0.0311161861,
        "incomeTaxExpense": 45000000,
        "netIncome": 62000000,
        "netIncomeRatio": 0.017699115,
        "eps": 0.13,
        "epsdiluted": 0.13,
        "weightedAverageShsOut": 496000000,
        "weightedAverageShsOutDil": 496000000,
        "link": null,
        "finalLink": null
    },
    {
        "date": "1991-03-31",
        "symbol": "MRO",
        "reportedCurrency": "USD",
        "cik": "0000101778",
        "fillingDate": "1991-03-31",
        "acceptedDate": "1991-03-31 00:00:00",
        "calendarYear": "1991",
        "period": "Q1",
        "revenue": 3413000000,
        "costOfRevenue": 2446000000,
        "grossProfit": 967000000,
        "grossProfitRatio": 0.28332845,
        "researchAndDevelopmentExpenses": 0,
        "generalAndAdministrativeExpenses": 0,
        "sellingAndMarketingExpenses": 0,
        "sellingGeneralAndAdministrativeExpenses": 94000000,
        "otherExpenses": 635000000,
        "operatingExpenses": 729000000,
        "costAndExpenses": 3175000000,
        "interestIncome": 0,
        "interestExpense": 0,
        "depreciationAndAmortization": 210000000,
        "ebitda": 448000000,
        "ebitdaratio": 0.1312628186,
        "operatingIncome": 238000000,
        "operatingIncomeRatio": 0.0697333724,
        "totalOtherIncomeExpensesNet": -107000000,
        "incomeBeforeTax": 131000000,
        "incomeBeforeTaxRatio": 0.0383826546,
        "incomeTaxExpense": 60000000,
        "netIncome": 69000000,
        "netIncomeRatio": 0.020216818,
        "eps": 0.14,
        "epsdiluted": 0.14,
        "weightedAverageShsOut": 511111111,
        "weightedAverageShsOutDil": 511111111,
        "link": null,
        "finalLink": null
    },
    {
        "date": "1990-12-31",
        "symbol": "MRO",
        "reportedCurrency": "USD",
        "cik": "0000101778",
        "fillingDate": "1990-12-31",
        "acceptedDate": "1990-12-30 19:00:00",
        "calendarYear": "1990",
        "period": "Q4",
        "revenue": 3654000000,
        "costOfRevenue": 0,
        "grossProfit": 3654000000,
        "grossProfitRatio": 1,
        "researchAndDevelopmentExpenses": 0,
        "generalAndAdministrativeExpenses": 0,
        "sellingAndMarketingExpenses": 0,
        "sellingGeneralAndAdministrativeExpenses": 0,
        "otherExpenses": -13535000000,
        "operatingExpenses": -13535000000,
        "costAndExpenses": -13535000000,
        "interestIncome": 0,
        "interestExpense": 0,
        "depreciationAndAmortization": 0,
        "ebitda": -9881000000,
        "ebitdaratio": -2.7041598248,
        "operatingIncome": -9881000000,
        "operatingIncomeRatio": -2.7041598248,
        "totalOtherIncomeExpensesNet": 9881000000,
        "incomeBeforeTax": 0,
        "incomeBeforeTaxRatio": 0,
        "incomeTaxExpense": -127000000,
        "netIncome": 127000000,
        "netIncomeRatio": 0.0347564313,
        "eps": 0.24,
        "epsdiluted": 0.24,
        "weightedAverageShsOut": 518367347,
        "weightedAverageShsOutDil": 518367347,
        "link": "",
        "finalLink": ""
    },
    {
        "date": "1990-09-30",
        "symbol": "MRO",
        "reportedCurrency": "USD",
        "cik": "0000101778",
        "fillingDate": "1990-09-30",
        "acceptedDate": "1990-09-29 20:00:00",
        "calendarYear": "1990",
        "period": "Q3",
        "revenue": 3654000000,
        "costOfRevenue": 0,
        "grossProfit": 3654000000,
        "grossProfitRatio": 1,
        "researchAndDevelopmentExpenses": 0,
        "generalAndAdministrativeExpenses": 0,
        "sellingAndMarketingExpenses": 0,
        "sellingGeneralAndAdministrativeExpenses": 0,
        "otherExpenses": 0,
        "operatingExpenses": 0,
        "costAndExpenses": 0,
        "interestIncome": 0,
        "interestExpense": 0,
        "depreciationAndAmortization": 0,
        "ebitda": 3654000000,
        "ebitdaratio": 1,
        "operatingIncome": 3654000000,
        "operatingIncomeRatio": 1,
        "totalOtherIncomeExpensesNet": -3654000000,
        "incomeBeforeTax": 0,
        "incomeBeforeTaxRatio": 0,
        "incomeTaxExpense": -127000000,
        "netIncome": 127000000,
        "netIncomeRatio": 0.0347564313,
        "eps": 0.25,
        "epsdiluted": 0.25,
        "weightedAverageShsOut": 518367347,
        "weightedAverageShsOutDil": 518367347,
        "link": "",
        "finalLink": ""
    },
    {
        "date": "1990-06-30",
        "symbol": "MRO",
        "reportedCurrency": "USD",
        "cik": "0000101778",
        "fillingDate": "1990-06-30",
        "acceptedDate": "1990-06-29 20:00:00",
        "calendarYear": "1990",
        "period": "Q2",
        "revenue": 3654000000,
        "costOfRevenue": 0,
        "grossProfit": 3654000000,
        "grossProfitRatio": 1,
        "researchAndDevelopmentExpenses": 0,
        "generalAndAdministrativeExpenses": 0,
        "sellingAndMarketingExpenses": 0,
        "sellingGeneralAndAdministrativeExpenses": 0,
        "otherExpenses": 0,
        "operatingExpenses": 0,
        "costAndExpenses": 0,
        "interestIncome": 0,
        "interestExpense": 0,
        "depreciationAndAmortization": 0,
        "ebitda": 3654000000,
        "ebitdaratio": 1,
        "operatingIncome": 3654000000,
        "operatingIncomeRatio": 1,
        "totalOtherIncomeExpensesNet": -3654000000,
        "incomeBeforeTax": 0,
        "incomeBeforeTaxRatio": 0,
        "incomeTaxExpense": -127000000,
        "netIncome": 127000000,
        "netIncomeRatio": 0.0347564313,
        "eps": 0.24,
        "epsdiluted": 0.24,
        "weightedAverageShsOut": 529166667,
        "weightedAverageShsOutDil": 529166667,
        "link": "",
        "finalLink": ""
    },
    {
        "date": "1990-03-31",
        "symbol": "MRO",
        "reportedCurrency": "USD",
        "cik": "0000101778",
        "fillingDate": "1990-03-31",
        "acceptedDate": "1990-03-30 19:00:00",
        "calendarYear": "1990",
        "period": "Q1",
        "revenue": 3654000000,
        "costOfRevenue": 0,
        "grossProfit": 3654000000,
        "grossProfitRatio": 1,
        "researchAndDevelopmentExpenses": 0,
        "generalAndAdministrativeExpenses": 0,
        "sellingAndMarketingExpenses": 0,
        "sellingGeneralAndAdministrativeExpenses": 0,
        "otherExpenses": 0,
        "operatingExpenses": 0,
        "costAndExpenses": 0,
        "interestIncome": 0,
        "interestExpense": 0,
        "depreciationAndAmortization": 0,
        "ebitda": 3654000000,
        "ebitdaratio": 1,
        "operatingIncome": 3654000000,
        "operatingIncomeRatio": 1,
        "totalOtherIncomeExpensesNet": -3654000000,
        "incomeBeforeTax": 0,
        "incomeBeforeTaxRatio": 0,
        "incomeTaxExpense": -127000000,
        "netIncome": 127000000,
        "netIncomeRatio": 0.0347564313,
        "eps": 0.24,
        "epsdiluted": 0.24,
        "weightedAverageShsOut": 529166667,
        "weightedAverageShsOutDil": 529166667,
        "link": "",
        "finalLink": ""
    }
]