[
    {
        "date": "2025-09-30",
        "symbol": "MTG",
        "reportedCurrency": "USD",
        "cik": "0000876437",
        "fillingDate": "2025-10-29",
        "acceptedDate": "2025-10-29 16:05:44",
        "calendarYear": "2025",
        "period": "Q3",
        "revenue": 304505000,
        "costOfRevenue": 0,
        "grossProfit": 0,
        "grossProfitRatio": 0,
        "researchAndDevelopmentExpenses": 0,
        "generalAndAdministrativeExpenses": 0,
        "sellingAndMarketingExpenses": 0,
        "sellingGeneralAndAdministrativeExpenses": 0,
        "otherExpenses": 0,
        "operatingExpenses": 0,
        "costAndExpenses": 0,
        "interestIncome": 0,
        "interestExpense": 8906000,
        "depreciationAndAmortization": 0,
        "ebitda": 0,
        "ebitdaratio": 0,
        "operatingIncome": 0,
        "operatingIncomeRatio": 0,
        "totalOtherIncomeExpensesNet": 0,
        "incomeBeforeTax": 235061000,
        "incomeBeforeTaxRatio": 0.7719446315,
        "incomeTaxExpense": 43966000,
        "netIncome": 191095000,
        "netIncomeRatio": 0.6275594818,
        "eps": 0.83,
        "epsdiluted": 0.83,
        "weightedAverageShsOut": 229308000,
        "weightedAverageShsOutDil": 231376000,
        "link": "https://www.sec.gov/Archives/edgar/data/876437/000087643725000127/0000876437-25-000127-index.htm",
        "finalLink": "https://www.sec.gov/Archives/edgar/data/876437/000087643725000127/mtg-20250930.htm"
    },
    {
        "date": "2025-06-30",
        "symbol": "MTG",
        "reportedCurrency": "USD",
        "cik": "0000876437",
        "fillingDate": "2025-07-30",
        "acceptedDate": "2025-07-30 16:07:37",
        "calendarYear": "2025",
        "period": "Q2",
        "revenue": 304245000,
        "costOfRevenue": -1097000,
        "grossProfit": 305342000,
        "grossProfitRatio": 1.0036056468,
        "researchAndDevelopmentExpenses": 0,
        "generalAndAdministrativeExpenses": 0,
        "sellingAndMarketingExpenses": 0,
        "sellingGeneralAndAdministrativeExpenses": 0,
        "otherExpenses": 59253000,
        "operatingExpenses": 59253000,
        "costAndExpenses": 58156000,
        "interestIncome": 0,
        "interestExpense": 8899000,
        "depreciationAndAmortization": 2534000,
        "ebitda": 257522000,
        "ebitdaratio": 0.8464296866,
        "operatingIncome": 254988000,
        "operatingIncomeRatio": 0.8381008727,
        "totalOtherIncomeExpensesNet": -8899000,
        "incomeBeforeTax": 246089000,
        "incomeBeforeTaxRatio": 0.8088514191,
        "incomeTaxExpense": 53607000,
        "netIncome": 192482000,
        "netIncomeRatio": 0.632654604,
        "eps": 0.81,
        "epsdiluted": 0.81,
        "weightedAverageShsOut": 236333000,
        "weightedAverageShsOutDil": 237971000,
        "link": "https://www.sec.gov/Archives/edgar/data/876437/000087643725000115/0000876437-25-000115-index.htm",
        "finalLink": "https://www.sec.gov/Archives/edgar/data/876437/000087643725000115/mtg-20250630.htm"
    },
    {
        "date": "2025-03-31",
        "symbol": "MTG",
        "reportedCurrency": "USD",
        "cik": "0000876437",
        "fillingDate": "2025-04-30",
        "acceptedDate": "2025-04-30 16:06:56",
        "calendarYear": "2025",
        "period": "Q1",
        "revenue": 306234000,
        "costOfRevenue": 11248000,
        "grossProfit": 294986000,
        "grossProfitRatio": 0.9632699178,
        "researchAndDevelopmentExpenses": 0,
        "generalAndAdministrativeExpenses": 0,
        "sellingAndMarketingExpenses": 0,
        "sellingGeneralAndAdministrativeExpenses": 0,
        "otherExpenses": 60305000,
        "operatingExpenses": 60305000,
        "costAndExpenses": 71553000,
        "interestIncome": 0,
        "interestExpense": 8899000,
        "depreciationAndAmortization": 0,
        "ebitda": 0,
        "ebitdaratio": 0,
        "operatingIncome": 243580000,
        "operatingIncomeRatio": 0.7954048211,
        "totalOtherIncomeExpensesNet": -8899000,
        "incomeBeforeTax": 234681000,
        "incomeBeforeTaxRatio": 0.7663453438,
        "incomeTaxExpense": 49221000,
        "netIncome": 185460000,
        "netIncomeRatio": 0.6056153138,
        "eps": 0.76,
        "epsdiluted": 0.75,
        "weightedAverageShsOut": 244147000,
        "weightedAverageShsOutDil": 246490000,
        "link": "https://www.sec.gov/Archives/edgar/data/876437/000087643725000074/0000876437-25-000074-index.htm",
        "finalLink": "https://www.sec.gov/Archives/edgar/data/876437/000087643725000074/mtg-20250331.htm"
    },
    {
        "date": "2024-12-31",
        "symbol": "MTG",
        "reportedCurrency": "USD",
        "cik": "0000876437",
        "fillingDate": "2025-02-26",
        "acceptedDate": "2025-02-26 16:49:37",
        "calendarYear": "2024",
        "period": "Q4",
        "revenue": 301444000,
        "costOfRevenue": 11173000,
        "grossProfit": 290271000,
        "grossProfitRatio": 0.9629350725,
        "researchAndDevelopmentExpenses": 0,
        "generalAndAdministrativeExpenses": 0,
        "sellingAndMarketingExpenses": 0,
        "sellingGeneralAndAdministrativeExpenses": 0,
        "otherExpenses": 66736000,
        "operatingExpenses": 66736000,
        "costAndExpenses": 66736000,
        "interestIncome": 0,
        "interestExpense": 8899000,
        "depreciationAndAmortization": 4033000,
        "ebitda": 247640000,
        "ebitdaratio": 0.8215124534,
        "operatingIncome": 243607000,
        "operatingIncomeRatio": 0.8081335173,
        "totalOtherIncomeExpensesNet": -8899000,
        "incomeBeforeTax": 234708000,
        "incomeBeforeTaxRatio": 0.7786122796,
        "incomeTaxExpense": 50008000,
        "netIncome": 184700000,
        "netIncomeRatio": 0.6127174533,
        "eps": 0.73,
        "epsdiluted": 0.71,
        "weightedAverageShsOut": 252644000,
        "weightedAverageShsOutDil": 255302000,
        "link": "https://www.sec.gov/Archives/edgar/data/876437/000087643725000036/0000876437-25-000036-index.htm",
        "finalLink": "https://www.sec.gov/Archives/edgar/data/876437/000087643725000036/mtg-20241231.htm"
    },
    {
        "date": "2024-09-30",
        "symbol": "MTG",
        "reportedCurrency": "USD",
        "cik": "0000876437",
        "fillingDate": "2024-11-04",
        "acceptedDate": "2024-11-04 16:07:51",
        "calendarYear": "2024",
        "period": "Q3",
        "revenue": 306649000,
        "costOfRevenue": 50967000,
        "grossProfit": 255682000,
        "grossProfitRatio": 0.8337936859,
        "researchAndDevelopmentExpenses": 0,
        "generalAndAdministrativeExpenses": 0,
        "sellingAndMarketingExpenses": 0,
        "sellingGeneralAndAdministrativeExpenses": 0,
        "otherExpenses": 59872000,
        "operatingExpenses": 0,
        "costAndExpenses": 50967000,
        "interestIncome": 0,
        "interestExpense": 8905000,
        "depreciationAndAmortization": 3434000,
        "ebitda": 266635000,
        "ebitdaratio": 0.869512048,
        "operatingIncome": 0,
        "operatingIncomeRatio": 0,
        "totalOtherIncomeExpensesNet": 254296000,
        "incomeBeforeTax": 254296000,
        "incomeBeforeTaxRatio": 0.8292738603,
        "incomeTaxExpense": 54327000,
        "netIncome": 199969000,
        "netIncomeRatio": 0.6521103933,
        "eps": 0.77,
        "epsdiluted": 0.77,
        "weightedAverageShsOut": 258596000,
        "weightedAverageShsOutDil": 260833000,
        "link": "https://www.sec.gov/Archives/edgar/data/876437/000087643724000111/0000876437-24-000111-index.htm",
        "finalLink": "https://www.sec.gov/Archives/edgar/data/876437/000087643724000111/mtg-20240930.htm"
    },
    {
        "date": "2024-06-30",
        "symbol": "MTG",
        "reportedCurrency": "USD",
        "cik": "0000876437",
        "fillingDate": "2024-07-31",
        "acceptedDate": "2024-07-31 16:10:16",
        "calendarYear": "2024",
        "period": "Q2",
        "revenue": 305277000,
        "costOfRevenue": 52675000,
        "grossProfit": 252602000,
        "grossProfitRatio": 0.8274517897,
        "researchAndDevelopmentExpenses": 0,
        "generalAndAdministrativeExpenses": 0,
        "sellingAndMarketingExpenses": 0,
        "sellingGeneralAndAdministrativeExpenses": 7181000,
        "otherExpenses": -54825000,
        "operatingExpenses": 54825000,
        "costAndExpenses": -36553000,
        "interestIncome": 0,
        "interestExpense": 8899000,
        "depreciationAndAmortization": 4484000,
        "ebitda": 220533000,
        "ebitdaratio": 0.7224029324,
        "operatingIncome": 268724000,
        "operatingIncomeRatio": 0.8802628433,
        "totalOtherIncomeExpensesNet": 14404000,
        "incomeBeforeTax": 259825000,
        "incomeBeforeTaxRatio": 0.8511122685,
        "incomeTaxExpense": 55597000,
        "netIncome": 204228000,
        "netIncomeRatio": 0.6689924233,
        "eps": 0.77,
        "epsdiluted": 0.77,
        "weightedAverageShsOut": 265315000,
        "weightedAverageShsOutDil": 266872000,
        "link": "https://www.sec.gov/Archives/edgar/data/876437/000087643724000081/0000876437-24-000081-index.htm",
        "finalLink": "https://www.sec.gov/Archives/edgar/data/876437/000087643724000081/mtg-20240630.htm"
    },
    {
        "date": "2024-03-31",
        "symbol": "MTG",
        "reportedCurrency": "USD",
        "cik": "0000876437",
        "fillingDate": "2024-05-01",
        "acceptedDate": "2024-05-01 16:07:07",
        "calendarYear": "2024",
        "period": "Q1",
        "revenue": 294361000,
        "costOfRevenue": 59018000,
        "grossProfit": 235343000,
        "grossProfitRatio": 0.7995046898,
        "researchAndDevelopmentExpenses": 0,
        "generalAndAdministrativeExpenses": 0,
        "sellingAndMarketingExpenses": 0,
        "sellingGeneralAndAdministrativeExpenses": 11105000,
        "otherExpenses": -61027000,
        "operatingExpenses": 65582000,
        "costAndExpenses": 74481000,
        "interestIncome": 0,
        "interestExpense": 8899000,
        "depreciationAndAmortization": 6485000,
        "ebitda": 344218000,
        "ebitdaratio": 1.1693736602,
        "operatingIncome": 228779000,
        "operatingIncomeRatio": 0.7772055401,
        "totalOtherIncomeExpensesNet": -63376000,
        "incomeBeforeTax": 219880000,
        "incomeBeforeTaxRatio": 0.7469739538,
        "incomeTaxExpense": 45783000,
        "netIncome": 174097000,
        "netIncomeRatio": 0.5914404422,
        "eps": 0.64,
        "epsdiluted": 0.64,
        "weightedAverageShsOut": 270314000,
        "weightedAverageShsOutDil": 273108000,
        "link": "https://www.sec.gov/Archives/edgar/data/876437/000087643724000064/0000876437-24-000064-index.htm",
        "finalLink": "https://www.sec.gov/Archives/edgar/data/876437/000087643724000064/mtg-20240331.htm"
    },
    {
        "date": "2023-12-31",
        "symbol": "MTG",
        "reportedCurrency": "USD",
        "cik": "0000876437",
        "fillingDate": "2024-02-21",
        "acceptedDate": "2024-02-21 16:04:07",
        "calendarYear": "2023",
        "period": "Q4",
        "revenue": 283957000,
        "costOfRevenue": 51813000,
        "grossProfit": 232144000,
        "grossProfitRatio": 0.817532232,
        "researchAndDevelopmentExpenses": 0,
        "generalAndAdministrativeExpenses": 0,
        "sellingAndMarketingExpenses": 0,
        "sellingGeneralAndAdministrativeExpenses": 8518000,
        "otherExpenses": -54110000,
        "operatingExpenses": -54110000,
        "costAndExpenses": -54110000,
        "interestIncome": 0,
        "interestExpense": 8900000,
        "depreciationAndAmortization": 35230000,
        "ebitda": 209743000,
        "ebitdaratio": 0.738643527,
        "operatingIncome": 229847000,
        "operatingIncomeRatio": 0.809442979,
        "totalOtherIncomeExpensesNet": 901411000,
        "incomeBeforeTax": 229847000,
        "incomeBeforeTaxRatio": 0.809442979,
        "incomeTaxExpense": 45343000,
        "netIncome": 184504000,
        "netIncomeRatio": 0.649760351,
        "eps": 0.67,
        "epsdiluted": 0.66,
        "weightedAverageShsOut": 275955000,
        "weightedAverageShsOutDil": 278946000,
        "link": "https://www.sec.gov/Archives/edgar/data/876437/000087643724000024/0000876437-24-000024-index.htm",
        "finalLink": "https://www.sec.gov/Archives/edgar/data/876437/000087643724000024/mtg-20231231.htm"
    },
    {
        "date": "2023-09-30",
        "symbol": "MTG",
        "reportedCurrency": "USD",
        "cik": "0000876437",
        "fillingDate": "2023-10-31",
        "acceptedDate": "2023-10-31 16:05:52",
        "calendarYear": "2023",
        "period": "Q3",
        "revenue": 296505000,
        "costOfRevenue": 50130000,
        "grossProfit": 246375000,
        "grossProfitRatio": 0.8309303384,
        "researchAndDevelopmentExpenses": 0,
        "generalAndAdministrativeExpenses": 0,
        "sellingAndMarketingExpenses": 0,
        "sellingGeneralAndAdministrativeExpenses": 5575000,
        "otherExpenses": -11979000,
        "operatingExpenses": -11979000,
        "costAndExpenses": 62109000,
        "interestIncome": 0,
        "interestExpense": 9254000,
        "depreciationAndAmortization": 9632000,
        "ebitda": 253282000,
        "ebitdaratio": 0.8542250552,
        "operatingIncome": 234396000,
        "operatingIncomeRatio": 0.7905296707,
        "totalOtherIncomeExpensesNet": -23958000,
        "incomeBeforeTax": 234396000,
        "incomeBeforeTaxRatio": 0.7905296707,
        "incomeTaxExpense": 51552000,
        "netIncome": 182844000,
        "netIncomeRatio": 0.6166641372,
        "eps": 0.65,
        "epsdiluted": 0.64,
        "weightedAverageShsOut": 281757000,
        "weightedAverageShsOutDil": 285600000,
        "link": "https://www.sec.gov/Archives/edgar/data/876437/000087643723000073/0000876437-23-000073-index.htm",
        "finalLink": "https://www.sec.gov/Archives/edgar/data/876437/000087643723000073/mtg-20230930.htm"
    },
    {
        "date": "2023-06-30",
        "symbol": "MTG",
        "reportedCurrency": "USD",
        "cik": "0000876437",
        "fillingDate": "2023-08-02",
        "acceptedDate": "2023-08-02 16:03:31",
        "calendarYear": "2023",
        "period": "Q2",
        "revenue": 290675000,
        "costOfRevenue": 53998000,
        "grossProfit": 236677000,
        "grossProfitRatio": 0.8142323901,
        "researchAndDevelopmentExpenses": 0,
        "generalAndAdministrativeExpenses": 0,
        "sellingAndMarketingExpenses": 0,
        "sellingGeneralAndAdministrativeExpenses": 7835000,
        "otherExpenses": 5705000,
        "operatingExpenses": 5705000,
        "costAndExpenses": 48293000,
        "interestIncome": 0,
        "interestExpense": 9377000,
        "depreciationAndAmortization": 9180000,
        "ebitda": 260939000,
        "ebitdaratio": 0.8977001806,
        "operatingIncome": 242382000,
        "operatingIncomeRatio": 0.833859121,
        "totalOtherIncomeExpensesNet": 11410000,
        "incomeBeforeTax": 242382000,
        "incomeBeforeTaxRatio": 0.833859121,
        "incomeTaxExpense": 51328000,
        "netIncome": 191054000,
        "netIncomeRatio": 0.6572770276,
        "eps": 0.67,
        "epsdiluted": 0.66,
        "weightedAverageShsOut": 285906000,
        "weightedAverageShsOutDil": 289566000,
        "link": "https://www.sec.gov/Archives/edgar/data/876437/000087643723000050/0000876437-23-000050-index.htm",
        "finalLink": "https://www.sec.gov/Archives/edgar/data/876437/000087643723000050/mtg-20230630.htm"
    },
    {
        "date": "2023-03-31",
        "symbol": "MTG",
        "reportedCurrency": "USD",
        "cik": "0000876437",
        "fillingDate": "2023-05-03",
        "acceptedDate": "2023-05-03 16:10:40",
        "calendarYear": "2023",
        "period": "Q1",
        "revenue": 283965000,
        "costOfRevenue": 70063000,
        "grossProfit": 213902000,
        "grossProfitRatio": 0.7532688888,
        "researchAndDevelopmentExpenses": 0,
        "generalAndAdministrativeExpenses": 0,
        "sellingAndMarketingExpenses": 0,
        "sellingGeneralAndAdministrativeExpenses": 9679000,
        "otherExpenses": -19116000,
        "operatingExpenses": -19116000,
        "costAndExpenses": 88361000,
        "interestIncome": 0,
        "interestExpense": 9374000,
        "depreciationAndAmortization": 10192000,
        "ebitda": 215170000,
        "ebitdaratio": 0.7577342278,
        "operatingIncome": 194786000,
        "operatingIncomeRatio": 0.6859507334,
        "totalOtherIncomeExpensesNet": -78682000,
        "incomeBeforeTax": 195604000,
        "incomeBeforeTaxRatio": 0.6888313701,
        "incomeTaxExpense": 41057000,
        "netIncome": 154547000,
        "netIncomeRatio": 0.5442466501,
        "eps": 0.53,
        "epsdiluted": 0.52,
        "weightedAverageShsOut": 290989000,
        "weightedAverageShsOutDil": 294712000,
        "link": "https://www.sec.gov/Archives/edgar/data/876437/000087643723000025/0000876437-23-000025-index.htm",
        "finalLink": "https://www.sec.gov/Archives/edgar/data/876437/000087643723000025/mtg-20230331.htm"
    },
    {
        "date": "2022-12-31",
        "symbol": "MTG",
        "reportedCurrency": "USD",
        "cik": "0000876437",
        "fillingDate": "2023-02-22",
        "acceptedDate": "2023-02-22 16:04:11",
        "calendarYear": "2022",
        "period": "Q4",
        "revenue": 292254000,
        "costOfRevenue": -350718000,
        "grossProfit": 642972000,
        "grossProfitRatio": 2.2000451662,
        "researchAndDevelopmentExpenses": 0,
        "generalAndAdministrativeExpenses": 0,
        "sellingAndMarketingExpenses": 0,
        "sellingGeneralAndAdministrativeExpenses": 24700000,
        "otherExpenses": -53449000,
        "operatingExpenses": -53449000,
        "costAndExpenses": 51817000,
        "interestIncome": 0,
        "interestExpense": 9381000,
        "depreciationAndAmortization": 11426000,
        "ebitda": 261244000,
        "ebitdaratio": 0.8938936678,
        "operatingIncome": 249818000,
        "operatingIncomeRatio": 0.8547975391,
        "totalOtherIncomeExpensesNet": -44720000,
        "incomeBeforeTax": 240437000,
        "incomeBeforeTaxRatio": 0.8226987483,
        "incomeTaxExpense": 48994000,
        "netIncome": 191443000,
        "netIncomeRatio": 0.6550569026,
        "eps": 0.65,
        "epsdiluted": 0.64,
        "weightedAverageShsOut": 296206000,
        "weightedAverageShsOutDil": 299954000,
        "link": "https://www.sec.gov/Archives/edgar/data/876437/000087643723000013/0000876437-23-000013-index.htm",
        "finalLink": "https://www.sec.gov/Archives/edgar/data/876437/000087643723000013/mtg-20221231.htm"
    },
    {
        "date": "2022-09-30",
        "symbol": "MTG",
        "reportedCurrency": "USD",
        "cik": "0000876437",
        "fillingDate": "2022-11-02",
        "acceptedDate": "2022-11-02 16:18:41",
        "calendarYear": "2022",
        "period": "Q3",
        "revenue": 292799000,
        "costOfRevenue": 58475000,
        "grossProfit": 234324000,
        "grossProfitRatio": 0.8002896185,
        "researchAndDevelopmentExpenses": 0,
        "generalAndAdministrativeExpenses": 0,
        "sellingAndMarketingExpenses": 0,
        "sellingGeneralAndAdministrativeExpenses": 3333000,
        "otherExpenses": 90243000,
        "operatingExpenses": 90243000,
        "costAndExpenses": -21468000,
        "interestIncome": 0,
        "interestExpense": 10300000,
        "depreciationAndAmortization": 13303000,
        "ebitda": 337870000,
        "ebitdaratio": 1.1539315367,
        "operatingIncome": 324567000,
        "operatingIncomeRatio": 1.1084976383,
        "totalOtherIncomeExpensesNet": -21932000,
        "incomeBeforeTax": 314267000,
        "incomeBeforeTaxRatio": 1.0733199225,
        "incomeTaxExpense": 64642000,
        "netIncome": 249625000,
        "netIncomeRatio": 0.8525473106,
        "eps": 0.82,
        "epsdiluted": 0.81,
        "weightedAverageShsOut": 302622000,
        "weightedAverageShsOutDil": 307194000,
        "link": "https://www.sec.gov/Archives/edgar/data/876437/000087643722000039/0000876437-22-000039-index.htm",
        "finalLink": "https://www.sec.gov/Archives/edgar/data/876437/000087643722000039/mtg-20220930.htm"
    },
    {
        "date": "2022-06-30",
        "symbol": "MTG",
        "reportedCurrency": "USD",
        "cik": "0000876437",
        "fillingDate": "2022-08-03",
        "acceptedDate": "2022-08-03 16:16:02",
        "calendarYear": "2022",
        "period": "Q2",
        "revenue": 293116000,
        "costOfRevenue": 53449000,
        "grossProfit": 239667000,
        "grossProfitRatio": 0.817652397,
        "researchAndDevelopmentExpenses": 0,
        "generalAndAdministrativeExpenses": 0,
        "sellingAndMarketingExpenses": 0,
        "sellingGeneralAndAdministrativeExpenses": 7769000,
        "otherExpenses": 53449000,
        "operatingExpenses": 53449000,
        "costAndExpenses": -22775000,
        "interestIncome": 0,
        "interestExpense": 13461000,
        "depreciationAndAmortization": 14128000,
        "ebitda": 343480000,
        "ebitdaratio": 1.1718227596,
        "operatingIncome": 329352000,
        "operatingIncomeRatio": 1.1236234119,
        "totalOtherIncomeExpensesNet": -19852000,
        "incomeBeforeTax": 315891000,
        "incomeBeforeTaxRatio": 1.0776996138,
        "incomeTaxExpense": 66623000,
        "netIncome": 249268000,
        "netIncomeRatio": 0.8504073473,
        "eps": 0.81,
        "epsdiluted": 0.79,
        "weightedAverageShsOut": 308840000,
        "weightedAverageShsOutDil": 313545000,
        "link": "https://www.sec.gov/Archives/edgar/data/876437/000087643722000035/0000876437-22-000035-index.htm",
        "finalLink": "https://www.sec.gov/Archives/edgar/data/876437/000087643722000035/mtg-20220630.htm"
    },
    {
        "date": "2022-03-31",
        "symbol": "MTG",
        "reportedCurrency": "USD",
        "cik": "0000876437",
        "fillingDate": "2022-05-04",
        "acceptedDate": "2022-05-04 16:36:58",
        "calendarYear": "2022",
        "period": "Q1",
        "revenue": 294616000,
        "costOfRevenue": 54732000,
        "grossProfit": 239884000,
        "grossProfitRatio": 0.8142259755,
        "researchAndDevelopmentExpenses": 0,
        "generalAndAdministrativeExpenses": 0,
        "sellingAndMarketingExpenses": 0,
        "sellingGeneralAndAdministrativeExpenses": 6572000,
        "otherExpenses": -60265000,
        "operatingExpenses": -60265000,
        "costAndExpenses": 75177000,
        "interestIncome": 0,
        "interestExpense": 14912000,
        "depreciationAndAmortization": 15395000,
        "ebitda": 249746000,
        "ebitdaratio": 0.847700057,
        "operatingIncome": 234351000,
        "operatingIncomeRatio": 0.795445597,
        "totalOtherIncomeExpensesNet": -37019000,
        "incomeBeforeTax": 219439000,
        "incomeBeforeTaxRatio": 0.7448305591,
        "incomeTaxExpense": 44426000,
        "netIncome": 175013000,
        "netIncomeRatio": 0.5940376626,
        "eps": 0.55,
        "epsdiluted": 0.54,
        "weightedAverageShsOut": 315975000,
        "weightedAverageShsOutDil": 324538000,
        "link": "https://www.sec.gov/Archives/edgar/data/876437/000087643722000027/0000876437-22-000027-index.htm",
        "finalLink": "https://www.sec.gov/Archives/edgar/data/876437/000087643722000027/mtg-20220331.htm"
    },
    {
        "date": "2021-12-31",
        "symbol": "MTG",
        "reportedCurrency": "USD",
        "cik": "0000876437",
        "fillingDate": "2022-02-23",
        "acceptedDate": "2022-02-23 16:10:44",
        "calendarYear": "2021",
        "period": "Q4",
        "revenue": 294120000,
        "costOfRevenue": -693110000,
        "grossProfit": 987230000,
        "grossProfitRatio": 3.3565551476,
        "researchAndDevelopmentExpenses": 0,
        "generalAndAdministrativeExpenses": 0,
        "sellingAndMarketingExpenses": 0,
        "sellingGeneralAndAdministrativeExpenses": 17100000,
        "otherExpenses": 384772000,
        "operatingExpenses": 384772000,
        "costAndExpenses": 75560000,
        "interestIncome": 0,
        "interestExpense": 17367000,
        "depreciationAndAmortization": 16194000,
        "ebitda": 186107000,
        "ebitdaratio": 0.6327587379,
        "operatingIncome": 235927000,
        "operatingIncomeRatio": 0.8021453828,
        "totalOtherIncomeExpensesNet": -58460000,
        "incomeBeforeTax": 218560000,
        "incomeBeforeTaxRatio": 0.7430980552,
        "incomeTaxExpense": 44626000,
        "netIncome": 173934000,
        "netIncomeRatio": 0.591370869,
        "eps": 0.52,
        "epsdiluted": 0.52,
        "weightedAverageShsOut": 323306000,
        "weightedAverageShsOutDil": 338927000,
        "link": "https://www.sec.gov/Archives/edgar/data/876437/000087643722000013/0000876437-22-000013-index.htm",
        "finalLink": "https://www.sec.gov/Archives/edgar/data/876437/000087643722000013/mtg-20211231.htm"
    },
    {
        "date": "2021-09-30",
        "symbol": "MTG",
        "reportedCurrency": "USD",
        "cik": "0000876437",
        "fillingDate": "2021-11-03",
        "acceptedDate": "2021-11-03 16:21:04",
        "calendarYear": "2021",
        "period": "Q3",
        "revenue": 295746000,
        "costOfRevenue": 53942000,
        "grossProfit": 241804000,
        "grossProfitRatio": 0.8176070006,
        "researchAndDevelopmentExpenses": 0,
        "generalAndAdministrativeExpenses": 0,
        "sellingAndMarketingExpenses": 0,
        "sellingGeneralAndAdministrativeExpenses": 0,
        "otherExpenses": -24061000,
        "operatingExpenses": -24061000,
        "costAndExpenses": 96014000,
        "interestIncome": 0,
        "interestExpense": 18011000,
        "depreciationAndAmortization": 17348000,
        "ebitda": 391097000,
        "ebitdaratio": 1.322408418,
        "operatingIncome": 217743000,
        "operatingIncomeRatio": 0.7362500254,
        "totalOtherIncomeExpensesNet": -96014000,
        "incomeBeforeTax": 199732000,
        "incomeBeforeTaxRatio": 0.6753497934,
        "incomeTaxExpense": 41755000,
        "netIncome": 157977000,
        "netIncomeRatio": 0.5341644519,
        "eps": 0.47,
        "epsdiluted": 0.46,
        "weightedAverageShsOut": 335938000,
        "weightedAverageShsOutDil": 353557000,
        "link": "https://www.sec.gov/Archives/edgar/data/876437/000087643721000031/0000876437-21-000031-index.htm",
        "finalLink": "https://www.sec.gov/Archives/edgar/data/876437/000087643721000031/mtg-20210930.htm"
    },
    {
        "date": "2021-06-30",
        "symbol": "MTG",
        "reportedCurrency": "USD",
        "cik": "0000876437",
        "fillingDate": "2021-08-04",
        "acceptedDate": "2021-08-04 16:36:20",
        "calendarYear": "2021",
        "period": "Q2",
        "revenue": 297852000,
        "costOfRevenue": 53798000,
        "grossProfit": 244054000,
        "grossProfitRatio": 0.8193800948,
        "researchAndDevelopmentExpenses": 0,
        "generalAndAdministrativeExpenses": 0,
        "sellingAndMarketingExpenses": 0,
        "sellingGeneralAndAdministrativeExpenses": 0,
        "otherExpenses": -32189000,
        "operatingExpenses": -32189000,
        "costAndExpenses": 103984000,
        "interestIncome": 0,
        "interestExpense": 17997000,
        "depreciationAndAmortization": 15050000,
        "ebitda": 398889000,
        "ebitdaratio": 1.3392188067,
        "operatingIncome": 211865000,
        "operatingIncomeRatio": 0.7113096437,
        "totalOtherIncomeExpensesNet": -103984000,
        "incomeBeforeTax": 193868000,
        "incomeBeforeTaxRatio": 0.6508870177,
        "incomeTaxExpense": 40817000,
        "netIncome": 153051000,
        "netIncomeRatio": 0.51384916,
        "eps": 0.45,
        "epsdiluted": 0.44,
        "weightedAverageShsOut": 339326000,
        "weightedAverageShsOutDil": 356536000,
        "link": "https://www.sec.gov/Archives/edgar/data/876437/000087643721000024/0000876437-21-000024-index.htm",
        "finalLink": "https://www.sec.gov/Archives/edgar/data/876437/000087643721000024/mtg-20210630.htm"
    },
    {
        "date": "2021-03-31",
        "symbol": "MTG",
        "reportedCurrency": "USD",
        "cik": "0000876437",
        "fillingDate": "2021-05-05",
        "acceptedDate": "2021-05-05 16:14:20",
        "calendarYear": "2021",
        "period": "Q1",
        "revenue": 297957000,
        "costOfRevenue": 48023000,
        "grossProfit": 249934000,
        "grossProfitRatio": 0.8388257366,
        "researchAndDevelopmentExpenses": 0,
        "generalAndAdministrativeExpenses": 0,
        "sellingAndMarketingExpenses": 0,
        "sellingGeneralAndAdministrativeExpenses": 0,
        "otherExpenses": -42332000,
        "operatingExpenses": -42332000,
        "costAndExpenses": 108340000,
        "interestIncome": 0,
        "interestExpense": 17985000,
        "depreciationAndAmortization": 17422000,
        "ebitda": 405734000,
        "ebitdaratio": 1.3617199797,
        "operatingIncome": 207602000,
        "operatingIncomeRatio": 0.6967515447,
        "totalOtherIncomeExpensesNet": -108340000,
        "incomeBeforeTax": 189617000,
        "incomeBeforeTaxRatio": 0.6363904859,
        "incomeTaxExpense": 39596000,
        "netIncome": 150021000,
        "netIncomeRatio": 0.503498827,
        "eps": 0.44,
        "epsdiluted": 0.43,
        "weightedAverageShsOut": 338904000,
        "weightedAverageShsOutDil": 356383000,
        "link": "https://www.sec.gov/Archives/edgar/data/876437/000087643721000019/0000876437-21-000019-index.htm",
        "finalLink": "https://www.sec.gov/Archives/edgar/data/876437/000087643721000019/mtg-20210331.htm"
    },
    {
        "date": "2020-12-31",
        "symbol": "MTG",
        "reportedCurrency": "USD",
        "cik": "0000876437",
        "fillingDate": "2021-02-23",
        "acceptedDate": "2021-02-23 16:22:42",
        "calendarYear": "2020",
        "period": "Q4",
        "revenue": 302281000,
        "costOfRevenue": -720467000,
        "grossProfit": 1022748000,
        "grossProfitRatio": 3.3834346188,
        "researchAndDevelopmentExpenses": 0,
        "generalAndAdministrativeExpenses": 0,
        "sellingAndMarketingExpenses": 0,
        "sellingGeneralAndAdministrativeExpenses": 13800000,
        "otherExpenses": -106000000,
        "operatingExpenses": -106000000,
        "costAndExpenses": 112069000,
        "interestIncome": 0,
        "interestExpense": 18015000,
        "depreciationAndAmortization": 17152000,
        "ebitda": 225379000,
        "ebitdaratio": 0.7455943311,
        "operatingIncome": 1128748000,
        "operatingIncomeRatio": 3.7341017133,
        "totalOtherIncomeExpensesNet": -938536000,
        "incomeBeforeTax": 190212000,
        "incomeBeforeTaxRatio": 0.6292555602,
        "incomeTaxExpense": 38782000,
        "netIncome": 151430000,
        "netIncomeRatio": 0.5009577181,
        "eps": 0.45,
        "epsdiluted": 0.44,
        "weightedAverageShsOut": 338599000,
        "weightedAverageShsOutDil": 356029000,
        "link": "https://www.sec.gov/Archives/edgar/data/876437/000087643721000012/0000876437-21-000012-index.htm",
        "finalLink": "https://www.sec.gov/Archives/edgar/data/876437/000087643721000012/mtg-20201231.htm"
    },
    {
        "date": "2020-09-30",
        "symbol": "MTG",
        "reportedCurrency": "USD",
        "cik": "0000876437",
        "fillingDate": "2020-11-04",
        "acceptedDate": "2020-11-04 16:20:08",
        "calendarYear": "2020",
        "period": "Q3",
        "revenue": 296004000,
        "costOfRevenue": 45250000,
        "grossProfit": 250754000,
        "grossProfitRatio": 0.8471304442,
        "researchAndDevelopmentExpenses": 0,
        "generalAndAdministrativeExpenses": 0,
        "sellingAndMarketingExpenses": 0,
        "sellingGeneralAndAdministrativeExpenses": 0,
        "otherExpenses": -70700000,
        "operatingExpenses": -70700000,
        "costAndExpenses": 131675000,
        "interestIncome": 0,
        "interestExpense": 15725000,
        "depreciationAndAmortization": 15203000,
        "ebitda": 195257000,
        "ebitdaratio": 0.6596431129,
        "operatingIncome": 180054000,
        "operatingIncomeRatio": 0.6082823205,
        "totalOtherIncomeExpensesNet": -42461000,
        "incomeBeforeTax": 164329000,
        "incomeBeforeTaxRatio": 0.5551580384,
        "incomeTaxExpense": 33518000,
        "netIncome": 130811000,
        "netIncomeRatio": 0.4419230821,
        "eps": 0.39,
        "epsdiluted": 0.38,
        "weightedAverageShsOut": 338598000,
        "weightedAverageShsOutDil": 357195000,
        "link": "https://www.sec.gov/Archives/edgar/data/876437/000087643720000040/0000876437-20-000040-index.htm",
        "finalLink": "https://www.sec.gov/Archives/edgar/data/876437/000087643720000040/mtg-20200930.htm"
    },
    {
        "date": "2020-06-30",
        "symbol": "MTG",
        "reportedCurrency": "USD",
        "cik": "0000876437",
        "fillingDate": "2020-08-04",
        "acceptedDate": "2020-08-04 17:16:10",
        "calendarYear": "2020",
        "period": "Q2",
        "revenue": 293968000,
        "costOfRevenue": 44273000,
        "grossProfit": 249695000,
        "grossProfitRatio": 0.8493951723,
        "researchAndDevelopmentExpenses": 0,
        "generalAndAdministrativeExpenses": 0,
        "sellingAndMarketingExpenses": 0,
        "sellingGeneralAndAdministrativeExpenses": 0,
        "otherExpenses": -220283000,
        "operatingExpenses": -220283000,
        "costAndExpenses": 277485000,
        "interestIncome": 0,
        "interestExpense": 12929000,
        "depreciationAndAmortization": 12405000,
        "ebitda": 276961000,
        "ebitdaratio": 0.9421467643,
        "operatingIncome": 29412000,
        "operatingIncomeRatio": 0.1000517063,
        "totalOtherIncomeExpensesNet": -277485000,
        "incomeBeforeTax": 16483000,
        "incomeBeforeTaxRatio": 0.0560707288,
        "incomeTaxExpense": 2436000,
        "netIncome": 14047000,
        "netIncomeRatio": 0.0477841126,
        "eps": 0.04,
        "epsdiluted": 0.04,
        "weightedAverageShsOut": 338593000,
        "weightedAverageShsOutDil": 339661000,
        "link": "https://www.sec.gov/Archives/edgar/data/876437/000087643720000031/0000876437-20-000031-index.htm",
        "finalLink": "https://www.sec.gov/Archives/edgar/data/876437/000087643720000031/mtg-063020x10q.htm"
    },
    {
        "date": "2020-03-31",
        "symbol": "MTG",
        "reportedCurrency": "USD",
        "cik": "0000876437",
        "fillingDate": "2020-05-07",
        "acceptedDate": "2020-05-07 16:56:01",
        "calendarYear": "2020",
        "period": "Q1",
        "revenue": 306893000,
        "costOfRevenue": 42262000,
        "grossProfit": 264631000,
        "grossProfitRatio": 0.8622907658,
        "researchAndDevelopmentExpenses": 0,
        "generalAndAdministrativeExpenses": 0,
        "sellingAndMarketingExpenses": 0,
        "sellingGeneralAndAdministrativeExpenses": 0,
        "otherExpenses": 106000000,
        "operatingExpenses": 106000000,
        "costAndExpenses": 118654000,
        "interestIncome": 0,
        "interestExpense": 12926000,
        "depreciationAndAmortization": 13052000,
        "ebitda": 425673000,
        "ebitdaratio": 1.3870404343,
        "operatingIncome": 201165000,
        "operatingIncomeRatio": 0.6554890467,
        "totalOtherIncomeExpensesNet": -118654000,
        "incomeBeforeTax": 188239000,
        "incomeBeforeTaxRatio": 0.6133701323,
        "incomeTaxExpense": 38434000,
        "netIncome": 149805000,
        "netIncomeRatio": 0.4881343009,
        "eps": 0.44,
        "epsdiluted": 0.42,
        "weightedAverageShsOut": 344053000,
        "weightedAverageShsOutDil": 365216000,
        "link": "https://www.sec.gov/Archives/edgar/data/876437/000087643720000021/0000876437-20-000021-index.htm",
        "finalLink": "https://www.sec.gov/Archives/edgar/data/876437/000087643720000021/mtg-033120x10q.htm"
    },
    {
        "date": "2019-12-31",
        "symbol": "MTG",
        "reportedCurrency": "USD",
        "cik": "0000876437",
        "fillingDate": "2020-02-24",
        "acceptedDate": "2020-02-21 18:20:43",
        "calendarYear": "2019",
        "period": "Q4",
        "revenue": 311626000,
        "costOfRevenue": -719582000,
        "grossProfit": 1031208000,
        "grossProfitRatio": 3.3091205483,
        "researchAndDevelopmentExpenses": 0,
        "generalAndAdministrativeExpenses": 0,
        "sellingAndMarketingExpenses": 0,
        "sellingGeneralAndAdministrativeExpenses": 18900000,
        "otherExpenses": 76000000,
        "operatingExpenses": 76000000,
        "costAndExpenses": 88917000,
        "interestIncome": 0,
        "interestExpense": 12934000,
        "depreciationAndAmortization": 13006000,
        "ebitda": 248650000,
        "ebitdaratio": 0.7979115992,
        "operatingIncome": 1268209000,
        "operatingIncomeRatio": 4.0696507994,
        "totalOtherIncomeExpensesNet": -1045499000,
        "incomeBeforeTax": 222709000,
        "incomeBeforeTaxRatio": 0.7146675823,
        "incomeTaxExpense": 45599000,
        "netIncome": 177110000,
        "netIncomeRatio": 0.5683415376,
        "eps": 0.51,
        "epsdiluted": 0.49,
        "weightedAverageShsOut": 348538000,
        "weightedAverageShsOutDil": 369943000,
        "link": "https://www.sec.gov/Archives/edgar/data/876437/000087643720000007/0000876437-20-000007-index.htm",
        "finalLink": "https://www.sec.gov/Archives/edgar/data/876437/000087643720000007/mtg-123119x10k.htm"
    },
    {
        "date": "2019-09-30",
        "symbol": "MTG",
        "reportedCurrency": "USD",
        "cik": "0000876437",
        "fillingDate": "2019-11-06",
        "acceptedDate": "2019-11-06 17:07:22",
        "calendarYear": "2019",
        "period": "Q3",
        "revenue": 318383000,
        "costOfRevenue": 45197000,
        "grossProfit": 273186000,
        "grossProfitRatio": 0.8580420437,
        "researchAndDevelopmentExpenses": 0,
        "generalAndAdministrativeExpenses": 0,
        "sellingAndMarketingExpenses": 0,
        "sellingGeneralAndAdministrativeExpenses": 0,
        "otherExpenses": 82000000,
        "operatingExpenses": 82000000,
        "costAndExpenses": 95263000,
        "interestIncome": 0,
        "interestExpense": 12939000,
        "depreciationAndAmortization": 12314000,
        "ebitda": 413021000,
        "ebitdaratio": 1.29724577,
        "operatingIncome": 236059000,
        "operatingIncomeRatio": 0.7414309181,
        "totalOtherIncomeExpensesNet": -95263000,
        "incomeBeforeTax": 223120000,
        "incomeBeforeTaxRatio": 0.7007911855,
        "incomeTaxExpense": 46186000,
        "netIncome": 176934000,
        "netIncomeRatio": 0.5557269075,
        "eps": 0.5,
        "epsdiluted": 0.49,
        "weightedAverageShsOut": 351475000,
        "weightedAverageShsOutDil": 372575000,
        "link": "https://www.sec.gov/Archives/edgar/data/876437/000087643719000047/0000876437-19-000047-index.htm",
        "finalLink": "https://www.sec.gov/Archives/edgar/data/876437/000087643719000047/mtg-093019x10q.htm"
    },
    {
        "date": "2019-06-30",
        "symbol": "MTG",
        "reportedCurrency": "USD",
        "cik": "0000876437",
        "fillingDate": "2019-08-05",
        "acceptedDate": "2019-08-05 17:21:30",
        "calendarYear": "2019",
        "period": "Q2",
        "revenue": 292317000,
        "costOfRevenue": 42960000,
        "grossProfit": 249357000,
        "grossProfitRatio": 0.8530362586,
        "researchAndDevelopmentExpenses": 0,
        "generalAndAdministrativeExpenses": 0,
        "sellingAndMarketingExpenses": 0,
        "sellingGeneralAndAdministrativeExpenses": 0,
        "otherExpenses": 68000000,
        "operatingExpenses": 68000000,
        "costAndExpenses": 81106000,
        "interestIncome": 0,
        "interestExpense": 13550000,
        "depreciationAndAmortization": 11556000,
        "ebitda": 371429000,
        "ebitdaratio": 1.2706376981,
        "operatingIncome": 224761000,
        "operatingIncomeRatio": 0.7688947273,
        "totalOtherIncomeExpensesNet": -81106000,
        "incomeBeforeTax": 211211000,
        "incomeBeforeTaxRatio": 0.7225409401,
        "incomeTaxExpense": 43433000,
        "netIncome": 167778000,
        "netIncomeRatio": 0.5739590924,
        "eps": 0.47,
        "epsdiluted": 0.46,
        "weightedAverageShsOut": 355734000,
        "weightedAverageShsOutDil": 376603000,
        "link": "https://www.sec.gov/Archives/edgar/data/876437/000087643719000036/0000876437-19-000036-index.htm",
        "finalLink": "https://www.sec.gov/Archives/edgar/data/876437/000087643719000036/mtg-063019x10q.htm"
    },
    {
        "date": "2019-03-31",
        "symbol": "MTG",
        "reportedCurrency": "USD",
        "cik": "0000876437",
        "fillingDate": "2019-05-07",
        "acceptedDate": "2019-05-07 16:16:43",
        "calendarYear": "2019",
        "period": "Q1",
        "revenue": 291650000,
        "costOfRevenue": 45940000,
        "grossProfit": 245710000,
        "grossProfitRatio": 0.8424824276,
        "researchAndDevelopmentExpenses": 0,
        "generalAndAdministrativeExpenses": 0,
        "sellingAndMarketingExpenses": 0,
        "sellingGeneralAndAdministrativeExpenses": 0,
        "otherExpenses": 87000000,
        "operatingExpenses": 87000000,
        "costAndExpenses": 100714000,
        "interestIncome": 0,
        "interestExpense": 13233000,
        "depreciationAndAmortization": 11908000,
        "ebitda": 391039000,
        "ebitdaratio": 1.340781759,
        "operatingIncome": 204169000,
        "operatingIncomeRatio": 0.7000480027,
        "totalOtherIncomeExpensesNet": -100714000,
        "incomeBeforeTax": 190936000,
        "incomeBeforeTaxRatio": 0.6546751243,
        "incomeTaxExpense": 38995000,
        "netIncome": 151941000,
        "netIncomeRatio": 0.5209703412,
        "eps": 0.43,
        "epsdiluted": 0.42,
        "weightedAverageShsOut": 355653000,
        "weightedAverageShsOutDil": 376667000,
        "link": "https://www.sec.gov/Archives/edgar/data/876437/000087643719000018/0000876437-19-000018-index.htm",
        "finalLink": "https://www.sec.gov/Archives/edgar/data/876437/000087643719000018/mtg-033119x10q.htm"
    },
    {
        "date": "2018-12-31",
        "symbol": "MTG",
        "reportedCurrency": "USD",
        "cik": "0000876437",
        "fillingDate": "2019-02-22",
        "acceptedDate": "2019-02-22 16:45:05",
        "calendarYear": "2018",
        "period": "Q4",
        "revenue": 285633000,
        "costOfRevenue": -660004000,
        "grossProfit": 945637000,
        "grossProfitRatio": 3.310671386,
        "researchAndDevelopmentExpenses": 0,
        "generalAndAdministrativeExpenses": 0,
        "sellingAndMarketingExpenses": 0,
        "sellingGeneralAndAdministrativeExpenses": 20900000,
        "otherExpenses": 78000000,
        "operatingExpenses": 78000000,
        "costAndExpenses": 90924000,
        "interestIncome": 0,
        "interestExpense": 13256000,
        "depreciationAndAmortization": 12948000,
        "ebitda": 220913000,
        "ebitdaratio": 0.7734155367,
        "operatingIncome": 1094637000,
        "operatingIncomeRatio": 3.832319795,
        "totalOtherIncomeExpensesNet": -899928000,
        "incomeBeforeTax": 194709000,
        "incomeBeforeTaxRatio": 0.6816754367,
        "incomeTaxExpense": 36963000,
        "netIncome": 157746000,
        "netIncomeRatio": 0.5522681203,
        "eps": 0.44,
        "epsdiluted": 0.43,
        "weightedAverageShsOut": 360111000,
        "weightedAverageShsOutDil": 381076000,
        "link": "https://www.sec.gov/Archives/edgar/data/876437/000087643719000006/0000876437-19-000006-index.htm",
        "finalLink": "https://www.sec.gov/Archives/edgar/data/876437/000087643719000006/mtg-123118x10k.htm"
    },
    {
        "date": "2018-09-30",
        "symbol": "MTG",
        "reportedCurrency": "USD",
        "cik": "0000876437",
        "fillingDate": "2018-11-07",
        "acceptedDate": "2018-11-07 16:12:47",
        "calendarYear": "2018",
        "period": "Q3",
        "revenue": 290445000,
        "costOfRevenue": 43655000,
        "grossProfit": 246790000,
        "grossProfitRatio": 0.8496961559,
        "researchAndDevelopmentExpenses": 0,
        "generalAndAdministrativeExpenses": 0,
        "sellingAndMarketingExpenses": 0,
        "sellingGeneralAndAdministrativeExpenses": 0,
        "otherExpenses": 45000000,
        "operatingExpenses": 45000000,
        "costAndExpenses": 58551000,
        "interestIncome": 0,
        "interestExpense": 13258000,
        "depreciationAndAmortization": 13872000,
        "ebitda": 349610000,
        "ebitdaratio": 1.2037046601,
        "operatingIncome": 245152000,
        "operatingIncomeRatio": 0.8440565339,
        "totalOtherIncomeExpensesNet": -58551000,
        "incomeBeforeTax": 231894000,
        "incomeBeforeTaxRatio": 0.7984093374,
        "incomeTaxExpense": 49994000,
        "netIncome": 181900000,
        "netIncomeRatio": 0.6262803629,
        "eps": 0.5,
        "epsdiluted": 0.49,
        "weightedAverageShsOut": 362180000,
        "weightedAverageShsOutDil": 382905000,
        "link": "https://www.sec.gov/Archives/edgar/data/876437/000087643718000057/0000876437-18-000057-index.htm",
        "finalLink": "https://www.sec.gov/Archives/edgar/data/876437/000087643718000057/mtg-093018x10q.htm"
    },
    {
        "date": "2018-06-30",
        "symbol": "MTG",
        "reportedCurrency": "USD",
        "cik": "0000876437",
        "fillingDate": "2018-08-03",
        "acceptedDate": "2018-08-03 17:01:09",
        "calendarYear": "2018",
        "period": "Q2",
        "revenue": 282000000,
        "costOfRevenue": 41842000,
        "grossProfit": 240158000,
        "grossProfitRatio": 0.8516241135,
        "researchAndDevelopmentExpenses": 0,
        "generalAndAdministrativeExpenses": 0,
        "sellingAndMarketingExpenses": 0,
        "sellingGeneralAndAdministrativeExpenses": 0,
        "otherExpenses": 31000000,
        "operatingExpenses": 31000000,
        "costAndExpenses": 44478000,
        "interestIncome": 0,
        "interestExpense": 13246000,
        "depreciationAndAmortization": 15562000,
        "ebitda": 328794000,
        "ebitdaratio": 1.1659361702,
        "operatingIncome": 250768000,
        "operatingIncomeRatio": 0.889248227,
        "totalOtherIncomeExpensesNet": -44478000,
        "incomeBeforeTax": 237522000,
        "incomeBeforeTaxRatio": 0.8422765957,
        "incomeTaxExpense": 50708000,
        "netIncome": 186814000,
        "netIncomeRatio": 0.6624609929,
        "eps": 0.51,
        "epsdiluted": 0.49,
        "weightedAverageShsOut": 368578000,
        "weightedAverageShsOutDil": 388881000,
        "link": "https://www.sec.gov/Archives/edgar/data/876437/000087643718000043/0000876437-18-000043-index.htm",
        "finalLink": "https://www.sec.gov/Archives/edgar/data/876437/000087643718000043/mtg-063018x10q.htm"
    },
    {
        "date": "2018-03-31",
        "symbol": "MTG",
        "reportedCurrency": "USD",
        "cik": "0000876437",
        "fillingDate": "2018-05-08",
        "acceptedDate": "2018-05-08 17:19:58",
        "calendarYear": "2018",
        "period": "Q1",
        "revenue": 265770000,
        "costOfRevenue": 46090000,
        "grossProfit": 219680000,
        "grossProfitRatio": 0.8265793731,
        "researchAndDevelopmentExpenses": 0,
        "generalAndAdministrativeExpenses": 0,
        "sellingAndMarketingExpenses": 0,
        "sellingGeneralAndAdministrativeExpenses": 0,
        "otherExpenses": 73000000,
        "operatingExpenses": 73000000,
        "costAndExpenses": 85745000,
        "interestIncome": 0,
        "interestExpense": 13233000,
        "depreciationAndAmortization": 15833000,
        "ebitda": 354114998,
        "ebitdaratio": 1.3324114761,
        "operatingIncome": 193258000,
        "operatingIncomeRatio": 0.7271625842,
        "totalOtherIncomeExpensesNet": -85745000,
        "incomeBeforeTax": 180025000,
        "incomeBeforeTaxRatio": 0.6773714114,
        "incomeTaxExpense": 36388000,
        "netIncome": 143637000,
        "netIncomeRatio": 0.5404560334,
        "eps": 0.39,
        "epsdiluted": 0.38,
        "weightedAverageShsOut": 370908000,
        "weightedAverageShsOutDil": 391562000,
        "link": "https://www.sec.gov/Archives/edgar/data/876437/000087643718000026/0000876437-18-000026-index.htm",
        "finalLink": "https://www.sec.gov/Archives/edgar/data/876437/000087643718000026/mtg-033118x10q.htm"
    },
    {
        "date": "2017-12-31",
        "symbol": "MTG",
        "reportedCurrency": "USD",
        "cik": "0000876437",
        "fillingDate": "2018-02-23",
        "acceptedDate": "2018-02-23 17:06:59",
        "calendarYear": "2017",
        "period": "Q4",
        "revenue": 271502000,
        "costOfRevenue": -634914000,
        "grossProfit": 906416000,
        "grossProfitRatio": 3.3385242098,
        "researchAndDevelopmentExpenses": 0,
        "generalAndAdministrativeExpenses": 0,
        "sellingAndMarketingExpenses": 0,
        "sellingGeneralAndAdministrativeExpenses": 14900000,
        "otherExpenses": 13000000,
        "operatingExpenses": 13000000,
        "costAndExpenses": 26046000,
        "interestIncome": 0,
        "interestExpense": 13256000,
        "depreciationAndAmortization": 15548000,
        "ebitda": 274260000,
        "ebitdaratio": 1.0101583045,
        "operatingIncome": 1118416000,
        "operatingIncomeRatio": 4.1193656032,
        "totalOtherIncomeExpensesNet": -872960000,
        "incomeBeforeTax": 245456000,
        "incomeBeforeTaxRatio": 0.904067005,
        "incomeTaxExpense": 218142000,
        "netIncome": 27314000,
        "netIncomeRatio": 0.1006033105,
        "eps": 0.0737,
        "epsdiluted": 0.07,
        "weightedAverageShsOut": 370591000,
        "weightedAverageShsOutDil": 372462000,
        "link": "https://www.sec.gov/Archives/edgar/data/876437/000087643718000009/0000876437-18-000009-index.htm",
        "finalLink": "https://www.sec.gov/Archives/edgar/data/876437/000087643718000009/mtg-123117x10k.htm"
    },
    {
        "date": "2017-09-30",
        "symbol": "MTG",
        "reportedCurrency": "USD",
        "cik": "0000876437",
        "fillingDate": "2017-11-07",
        "acceptedDate": "2017-11-06 17:35:07",
        "calendarYear": "2017",
        "period": "Q3",
        "revenue": 270360000,
        "costOfRevenue": 39888000,
        "grossProfit": 230472000,
        "grossProfitRatio": 0.8524633822,
        "researchAndDevelopmentExpenses": 0,
        "generalAndAdministrativeExpenses": 0,
        "sellingAndMarketingExpenses": 0,
        "sellingGeneralAndAdministrativeExpenses": 0,
        "otherExpenses": 73000000,
        "operatingExpenses": 73000000,
        "costAndExpenses": 85893000,
        "interestIncome": 0,
        "interestExpense": 13273000,
        "depreciationAndAmortization": 15691000,
        "ebitda": 358671000,
        "ebitdaratio": 1.3266422548,
        "operatingIncome": 197740000,
        "operatingIncomeRatio": 0.7313951768,
        "totalOtherIncomeExpensesNet": -85893000,
        "incomeBeforeTax": 184467000,
        "incomeBeforeTaxRatio": 0.6823013759,
        "incomeTaxExpense": 64440000,
        "netIncome": 120027000,
        "netIncomeRatio": 0.4439525078,
        "eps": 0.32,
        "epsdiluted": 0.32,
        "weightedAverageShsOut": 370586000,
        "weightedAverageShsOutDil": 391087000,
        "link": "https://www.sec.gov/Archives/edgar/data/876437/000087643717000056/0000876437-17-000056-index.htm",
        "finalLink": "https://www.sec.gov/Archives/edgar/data/876437/000087643717000056/mtg-093017x10q.htm"
    },
    {
        "date": "2017-06-30",
        "symbol": "MTG",
        "reportedCurrency": "USD",
        "cik": "0000876437",
        "fillingDate": "2017-08-04",
        "acceptedDate": "2017-08-04 17:07:01",
        "calendarYear": "2017",
        "period": "Q2",
        "revenue": 263312000,
        "costOfRevenue": 38511000,
        "grossProfit": 224801000,
        "grossProfitRatio": 0.8537438476,
        "researchAndDevelopmentExpenses": 0,
        "generalAndAdministrativeExpenses": 0,
        "sellingAndMarketingExpenses": 0,
        "sellingGeneralAndAdministrativeExpenses": 0,
        "otherExpenses": 68000000,
        "operatingExpenses": 68000000,
        "costAndExpenses": 82696000,
        "interestIncome": 0,
        "interestExpense": 14197000,
        "depreciationAndAmortization": 16112000,
        "ebitda": 210925000,
        "ebitdaratio": 0.8010459075,
        "operatingIncome": 194813000,
        "operatingIncomeRatio": 0.7398561402,
        "totalOtherIncomeExpensesNet": -14262000,
        "incomeBeforeTax": 180616000,
        "incomeBeforeTaxRatio": 0.6859391141,
        "incomeTaxExpense": 61994000,
        "netIncome": 118622000,
        "netIncomeRatio": 0.4504997873,
        "eps": 0.32,
        "epsdiluted": 0.31,
        "weightedAverageShsOut": 366918000,
        "weightedAverageShsOutDil": 394470000,
        "link": "https://www.sec.gov/Archives/edgar/data/876437/000087643717000048/0000876437-17-000048-index.htm",
        "finalLink": "https://www.sec.gov/Archives/edgar/data/876437/000087643717000048/mtg-063017x10q.htm"
    },
    {
        "date": "2017-03-31",
        "symbol": "MTG",
        "reportedCurrency": "USD",
        "cik": "0000876437",
        "fillingDate": "2017-05-05",
        "acceptedDate": "2017-05-05 17:17:24",
        "calendarYear": "2017",
        "period": "Q1",
        "revenue": 260880000,
        "costOfRevenue": 40765000,
        "grossProfit": 220115000,
        "grossProfitRatio": 0.843740417,
        "researchAndDevelopmentExpenses": 0,
        "generalAndAdministrativeExpenses": 0,
        "sellingAndMarketingExpenses": 0,
        "sellingGeneralAndAdministrativeExpenses": 0,
        "otherExpenses": 71000000,
        "operatingExpenses": 71000000,
        "costAndExpenses": 86923000,
        "interestIncome": 0,
        "interestExpense": 16309000,
        "depreciationAndAmortization": 17079000,
        "ebitda": 348573000,
        "ebitdaratio": 1.3361430543,
        "operatingIncome": 190266000,
        "operatingIncomeRatio": 0.729323827,
        "totalOtherIncomeExpensesNet": -86923000,
        "incomeBeforeTax": 173957000,
        "incomeBeforeTaxRatio": 0.6668084943,
        "incomeTaxExpense": 84159000,
        "netIncome": 89798000,
        "netIncomeRatio": 0.3442118982,
        "eps": 0.26,
        "epsdiluted": 0.24,
        "weightedAverageShsOut": 341009000,
        "weightedAverageShsOutDil": 402175000,
        "link": "https://www.sec.gov/Archives/edgar/data/876437/000087643717000028/0000876437-17-000028-index.htm",
        "finalLink": "https://www.sec.gov/Archives/edgar/data/876437/000087643717000028/mtg-033117x10q.htm"
    },
    {
        "date": "2016-12-31",
        "symbol": "MTG",
        "reportedCurrency": "USD",
        "cik": "0000876437",
        "fillingDate": "2017-02-21",
        "acceptedDate": "2017-02-21 17:07:59",
        "calendarYear": "2016",
        "period": "Q4",
        "revenue": 266520000,
        "costOfRevenue": -645200000,
        "grossProfit": 911720000,
        "grossProfitRatio": 3.4208314573,
        "researchAndDevelopmentExpenses": 0,
        "generalAndAdministrativeExpenses": 0,
        "sellingAndMarketingExpenses": 0,
        "sellingGeneralAndAdministrativeExpenses": 0,
        "otherExpenses": 88000000,
        "operatingExpenses": 88000000,
        "costAndExpenses": 104482000,
        "interestIncome": 0,
        "interestExpense": 16191000,
        "depreciationAndAmortization": 17018000,
        "ebitda": 195247000,
        "ebitdaratio": 0.7325791685,
        "operatingIncome": 1223720000,
        "operatingIncomeRatio": 4.5914753114,
        "totalOtherIncomeExpensesNet": -1061682000,
        "incomeBeforeTax": 162038000,
        "incomeBeforeTaxRatio": 0.6079768873,
        "incomeTaxExpense": 54551000,
        "netIncome": 107487000,
        "netIncomeRatio": 0.4032980639,
        "eps": 0.31,
        "epsdiluted": 0.28,
        "weightedAverageShsOut": 341361000,
        "weightedAverageShsOutDil": 402635000,
        "link": "https://www.sec.gov/Archives/edgar/data/876437/000087643717000015/0000876437-17-000015-index.htm",
        "finalLink": "https://www.sec.gov/Archives/edgar/data/876437/000087643717000015/mtg-123116x10k.htm"
    },
    {
        "date": "2016-09-30",
        "symbol": "MTG",
        "reportedCurrency": "USD",
        "cik": "0000876437",
        "fillingDate": "2016-11-07",
        "acceptedDate": "2016-11-07 16:19:33",
        "calendarYear": "2016",
        "period": "Q3",
        "revenue": 273850000,
        "costOfRevenue": 37870000,
        "grossProfit": 235980000,
        "grossProfitRatio": 0.8617126164,
        "researchAndDevelopmentExpenses": 0,
        "generalAndAdministrativeExpenses": 0,
        "sellingAndMarketingExpenses": 0,
        "sellingGeneralAndAdministrativeExpenses": 0,
        "otherExpenses": 101000000,
        "operatingExpenses": 101000000,
        "costAndExpenses": 190101000,
        "interestIncome": 0,
        "interestExpense": 13536000,
        "depreciationAndAmortization": 15847000,
        "ebitda": 113132000,
        "ebitdaratio": 0.4131166697,
        "operatingIncome": 97285000,
        "operatingIncomeRatio": 0.355249224,
        "totalOtherIncomeExpensesNet": -88759000,
        "incomeBeforeTax": 83749000,
        "incomeBeforeTaxRatio": 0.3058207048,
        "incomeTaxExpense": 27131000,
        "netIncome": 56618000,
        "netIncomeRatio": 0.2067482198,
        "eps": 0.16,
        "epsdiluted": 0.14,
        "weightedAverageShsOut": 349376000,
        "weightedAverageShsOutDil": 406050000,
        "link": "https://www.sec.gov/Archives/edgar/data/876437/000087643716000197/0000876437-16-000197-index.htm",
        "finalLink": "https://www.sec.gov/Archives/edgar/data/876437/000087643716000197/mtg-093016x10q.htm"
    },
    {
        "date": "2016-06-30",
        "symbol": "MTG",
        "reportedCurrency": "USD",
        "cik": "0000876437",
        "fillingDate": "2016-08-01",
        "acceptedDate": "2016-08-01 06:06:33",
        "calendarYear": "2016",
        "period": "Q2",
        "revenue": 263534000,
        "costOfRevenue": 35348000,
        "grossProfit": 228186000,
        "grossProfitRatio": 0.8658692996,
        "researchAndDevelopmentExpenses": 0,
        "generalAndAdministrativeExpenses": 0,
        "sellingAndMarketingExpenses": 0,
        "sellingGeneralAndAdministrativeExpenses": 0,
        "otherExpenses": 84000000,
        "operatingExpenses": 84000000,
        "costAndExpenses": 98295000,
        "interestIncome": 0,
        "interestExpense": 12244000,
        "depreciationAndAmortization": 14368000,
        "ebitda": 100419000,
        "ebitdaratio": 0.3810476068,
        "operatingIncome": 177483000,
        "operatingIncomeRatio": 0.6734728726,
        "totalOtherIncomeExpensesNet": -98295000,
        "incomeBeforeTax": 165239000,
        "incomeBeforeTaxRatio": 0.6270120743,
        "incomeTaxExpense": 56018000,
        "netIncome": 109221000,
        "netIncomeRatio": 0.4144474717,
        "eps": 0.32,
        "epsdiluted": 0.26,
        "weightedAverageShsOut": 340678000,
        "weightedAverageShsOutDil": 446139000,
        "link": "https://www.sec.gov/Archives/edgar/data/876437/000087643716000179/0000876437-16-000179-index.htm",
        "finalLink": "https://www.sec.gov/Archives/edgar/data/876437/000087643716000179/mtg-063016x10q.htm"
    },
    {
        "date": "2016-03-31",
        "symbol": "MTG",
        "reportedCurrency": "USD",
        "cik": "0000876437",
        "fillingDate": "2016-05-06",
        "acceptedDate": "2016-05-06 16:18:20",
        "calendarYear": "2016",
        "period": "Q1",
        "revenue": 258579000,
        "costOfRevenue": 39777000,
        "grossProfit": 218802000,
        "grossProfitRatio": 0.8461708027,
        "researchAndDevelopmentExpenses": 0,
        "generalAndAdministrativeExpenses": 0,
        "sellingAndMarketingExpenses": 0,
        "sellingGeneralAndAdministrativeExpenses": 0,
        "otherExpenses": 127000000,
        "operatingExpenses": 127000000,
        "costAndExpenses": 154891000,
        "interestIncome": 0,
        "interestExpense": 14701000,
        "depreciationAndAmortization": 14109000,
        "ebitda": 150299000,
        "ebitdaratio": 0.5812498308,
        "operatingIncome": 118389000,
        "operatingIncomeRatio": 0.4578446046,
        "totalOtherIncomeExpensesNet": -150891000,
        "incomeBeforeTax": 103688000,
        "incomeBeforeTaxRatio": 0.4009915732,
        "incomeTaxExpense": 34497000,
        "netIncome": 69191000,
        "netIncomeRatio": 0.2675816675,
        "eps": 0.2,
        "epsdiluted": 0.17,
        "weightedAverageShsOut": 340144000,
        "weightedAverageShsOutDil": 431365000,
        "link": "https://www.sec.gov/Archives/edgar/data/876437/000087643716000168/0000876437-16-000168-index.htm",
        "finalLink": "https://www.sec.gov/Archives/edgar/data/876437/000087643716000168/mtg-033116x10q.htm"
    },
    {
        "date": "2015-12-31",
        "symbol": "MTG",
        "reportedCurrency": "USD",
        "cik": "0000876437",
        "fillingDate": "2016-02-26",
        "acceptedDate": "2016-02-26 17:00:02",
        "calendarYear": "2015",
        "period": "Q4",
        "revenue": 257926000,
        "costOfRevenue": -627278000,
        "grossProfit": 885204000,
        "grossProfitRatio": 3.4320076301,
        "researchAndDevelopmentExpenses": 0,
        "generalAndAdministrativeExpenses": 0,
        "sellingAndMarketingExpenses": 0,
        "sellingGeneralAndAdministrativeExpenses": 0,
        "otherExpenses": 132000000,
        "operatingExpenses": 132000000,
        "costAndExpenses": 148924000,
        "interestIncome": 0,
        "interestExpense": 16835000,
        "depreciationAndAmortization": 14198000,
        "ebitda": 87476000,
        "ebitdaratio": 0.3391515396,
        "operatingIncome": 1237204000,
        "operatingIncomeRatio": 4.7967401503,
        "totalOtherIncomeExpensesNet": -149431000,
        "incomeBeforeTax": 109002000,
        "incomeBeforeTaxRatio": 0.4226095857,
        "incomeTaxExpense": 6584000,
        "netIncome": 102418000,
        "netIncomeRatio": 0.3970828842,
        "eps": 0.3,
        "epsdiluted": 0.24,
        "weightedAverageShsOut": 339697000,
        "weightedAverageShsOutDil": 467949000,
        "link": "https://www.sec.gov/Archives/edgar/data/876437/000087643716000142/0000876437-16-000142-index.htm",
        "finalLink": "https://www.sec.gov/Archives/edgar/data/876437/000087643716000142/mtg-123115x10k.htm"
    },
    {
        "date": "2015-09-30",
        "symbol": "MTG",
        "reportedCurrency": "USD",
        "cik": "0000876437",
        "fillingDate": "2015-11-06",
        "acceptedDate": "2015-11-06 16:53:03",
        "calendarYear": "2015",
        "period": "Q3",
        "revenue": 269511000,
        "costOfRevenue": 46075000,
        "grossProfit": 223436000,
        "grossProfitRatio": 0.8290422283,
        "researchAndDevelopmentExpenses": 0,
        "generalAndAdministrativeExpenses": 0,
        "sellingAndMarketingExpenses": 0,
        "sellingGeneralAndAdministrativeExpenses": 0,
        "otherExpenses": 125000000,
        "operatingExpenses": 125000000,
        "costAndExpenses": 142263000,
        "interestIncome": 0,
        "interestExpense": 17362000,
        "depreciationAndAmortization": 14423000,
        "ebitda": 139324000,
        "ebitdaratio": 0.5169510706,
        "operatingIncome": 144610000,
        "operatingIncomeRatio": 0.5365643703,
        "totalOtherIncomeExpensesNet": -142263000,
        "incomeBeforeTax": 127248000,
        "incomeBeforeTaxRatio": 0.4721439941,
        "incomeTaxExpense": -695604000,
        "netIncome": 822852000,
        "netIncomeRatio": 3.0531295569,
        "eps": 2.42,
        "epsdiluted": 1.78,
        "weightedAverageShsOut": 339701000,
        "weightedAverageShsOutDil": 468149000,
        "link": "https://www.sec.gov/Archives/edgar/data/876437/000087643715000081/0000876437-15-000081-index.htm",
        "finalLink": "https://www.sec.gov/Archives/edgar/data/876437/000087643715000081/mtg-093015x10q.htm"
    },
    {
        "date": "2015-06-30",
        "symbol": "MTG",
        "reportedCurrency": "USD",
        "cik": "0000876437",
        "fillingDate": "2015-08-10",
        "acceptedDate": "2015-08-10 17:03:52",
        "calendarYear": "2015",
        "period": "Q2",
        "revenue": 243129000,
        "costOfRevenue": 35829000,
        "grossProfit": 207300000,
        "grossProfitRatio": 0.852633787,
        "researchAndDevelopmentExpenses": 0,
        "generalAndAdministrativeExpenses": 0,
        "sellingAndMarketingExpenses": 0,
        "sellingGeneralAndAdministrativeExpenses": 0,
        "otherExpenses": 111000000,
        "operatingExpenses": 111000000,
        "costAndExpenses": 128153000,
        "interestIncome": 0,
        "interestExpense": 17373000,
        "depreciationAndAmortization": 12627000,
        "ebitda": 140740000,
        "ebitdaratio": 0.5788696536,
        "operatingIncome": 132349000,
        "operatingIncomeRatio": 0.5443571108,
        "totalOtherIncomeExpensesNet": -145486000,
        "incomeBeforeTax": 114976000,
        "incomeBeforeTaxRatio": 0.472901217,
        "incomeTaxExpense": 1322000,
        "netIncome": 113654000,
        "netIncomeRatio": 0.4674637744,
        "eps": 0.33,
        "epsdiluted": 0.28,
        "weightedAverageShsOut": 339705000,
        "weightedAverageShsOutDil": 439148000,
        "link": "https://www.sec.gov/Archives/edgar/data/876437/000114036115030770/0001140361-15-030770-index.htm",
        "finalLink": "https://www.sec.gov/Archives/edgar/data/876437/000114036115030770/form10q.htm"
    },
    {
        "date": "2015-03-31",
        "symbol": "MTG",
        "reportedCurrency": "USD",
        "cik": "0000876437",
        "fillingDate": "2015-05-07",
        "acceptedDate": "2015-05-07 16:55:21",
        "calendarYear": "2015",
        "period": "Q1",
        "revenue": 270215000,
        "costOfRevenue": 39268000,
        "grossProfit": 230947000,
        "grossProfitRatio": 0.8546786818,
        "researchAndDevelopmentExpenses": 0,
        "generalAndAdministrativeExpenses": 0,
        "sellingAndMarketingExpenses": 0,
        "sellingGeneralAndAdministrativeExpenses": 0,
        "otherExpenses": 116000000,
        "operatingExpenses": 116000000,
        "costAndExpenses": 133754000,
        "interestIncome": 0,
        "interestExpense": 17362000,
        "depreciationAndAmortization": 11311000,
        "ebitda": 134121000,
        "ebitdaratio": 0.4963492034,
        "operatingIncome": 153823000,
        "operatingIncomeRatio": 0.569261514,
        "totalOtherIncomeExpensesNet": -140172000,
        "incomeBeforeTax": 136461000,
        "incomeBeforeTaxRatio": 0.5050089743,
        "incomeTaxExpense": 3385000,
        "netIncome": 133076000,
        "netIncomeRatio": 0.4924819126,
        "eps": 0.39,
        "epsdiluted": 0.32,
        "weightedAverageShsOut": 339107000,
        "weightedAverageShsOutDil": 468141000,
        "link": "https://www.sec.gov/Archives/edgar/data/876437/000114036115018243/0001140361-15-018243-index.htm",
        "finalLink": "https://www.sec.gov/Archives/edgar/data/876437/000114036115018243/form10q.htm"
    },
    {
        "date": "2014-12-31",
        "symbol": "MTG",
        "reportedCurrency": "USD",
        "cik": "0000876437",
        "fillingDate": "2015-02-27",
        "acceptedDate": "2015-02-27 17:21:59",
        "calendarYear": "2014",
        "period": "Q4",
        "revenue": 240364000,
        "costOfRevenue": 0,
        "grossProfit": 240364000,
        "grossProfitRatio": 1,
        "researchAndDevelopmentExpenses": 0,
        "generalAndAdministrativeExpenses": 0,
        "sellingAndMarketingExpenses": 0,
        "sellingGeneralAndAdministrativeExpenses": 0,
        "otherExpenses": 148000000,
        "operatingExpenses": 148000000,
        "costAndExpenses": 165255000,
        "interestIncome": 0,
        "interestExpense": 17374000,
        "depreciationAndAmortization": 10506000,
        "ebitda": 102989000,
        "ebitdaratio": 0.4284709857,
        "operatingIncome": -232433000,
        "operatingIncomeRatio": -0.9670042103,
        "totalOtherIncomeExpensesNet": -171052000,
        "incomeBeforeTax": 75109000,
        "incomeBeforeTaxRatio": 0.3124802383,
        "incomeTaxExpense": 681000,
        "netIncome": 74428000,
        "netIncomeRatio": 0.3096470353,
        "eps": 0.22,
        "epsdiluted": 0.19,
        "weightedAverageShsOut": 338560000,
        "weightedAverageShsOutDil": 439363000,
        "link": "https://www.sec.gov/Archives/edgar/data/876437/000114036115009430/0001140361-15-009430-index.htm",
        "finalLink": "https://www.sec.gov/Archives/edgar/data/876437/000114036115009430/form10k.htm"
    },
    {
        "date": "2014-09-30",
        "symbol": "MTG",
        "reportedCurrency": "USD",
        "cik": "0000876437",
        "fillingDate": "2014-11-07",
        "acceptedDate": "2014-11-07 16:31:32",
        "calendarYear": "2014",
        "period": "Q3",
        "revenue": 235115000,
        "costOfRevenue": 34882000,
        "grossProfit": 200233000,
        "grossProfitRatio": 0.8516385599,
        "researchAndDevelopmentExpenses": 0,
        "generalAndAdministrativeExpenses": 0,
        "sellingAndMarketingExpenses": 0,
        "sellingGeneralAndAdministrativeExpenses": 0,
        "otherExpenses": 145000000,
        "operatingExpenses": 145000000,
        "costAndExpenses": 162849000,
        "interestIncome": 0,
        "interestExpense": 17361000,
        "depreciationAndAmortization": 11237000,
        "ebitda": 163469000,
        "ebitdaratio": 0.6952725262,
        "operatingIncome": 89627000,
        "operatingIncomeRatio": 0.3812049423,
        "totalOtherIncomeExpensesNet": -169593000,
        "incomeBeforeTax": 72266000,
        "incomeBeforeTaxRatio": 0.3073644812,
        "incomeTaxExpense": 249000,
        "netIncome": 72017000,
        "netIncomeRatio": 0.306305425,
        "eps": 0.21,
        "epsdiluted": 0.18,
        "weightedAverageShsOut": 338560000,
        "weightedAverageShsOutDil": 413576000,
        "link": "https://www.sec.gov/Archives/edgar/data/876437/000114036114040738/0001140361-14-040738-index.htm",
        "finalLink": "https://www.sec.gov/Archives/edgar/data/876437/000114036114040738/form10q.htm"
    },
    {
        "date": "2014-06-30",
        "symbol": "MTG",
        "reportedCurrency": "USD",
        "cik": "0000876437",
        "fillingDate": "2014-08-08",
        "acceptedDate": "2014-08-08 16:13:13",
        "calendarYear": "2014",
        "period": "Q2",
        "revenue": 231236000,
        "costOfRevenue": 32238000,
        "grossProfit": 198998000,
        "grossProfitRatio": 0.8605839921,
        "researchAndDevelopmentExpenses": 0,
        "generalAndAdministrativeExpenses": 0,
        "sellingAndMarketingExpenses": 0,
        "sellingGeneralAndAdministrativeExpenses": 0,
        "otherExpenses": 167000000,
        "operatingExpenses": 167000000,
        "costAndExpenses": 184596000,
        "interestIncome": 0,
        "interestExpense": 17374000,
        "depreciationAndAmortization": 11857000,
        "ebitda": 186912000,
        "ebitdaratio": 0.8083170441,
        "operatingIncome": 64014000,
        "operatingIncomeRatio": 0.276834057,
        "totalOtherIncomeExpensesNet": -192429000,
        "incomeBeforeTax": 46640000,
        "incomeBeforeTaxRatio": 0.2016986974,
        "incomeTaxExpense": 1118000,
        "netIncome": 45522000,
        "netIncomeRatio": 0.1968638101,
        "eps": 0.13,
        "epsdiluted": 0.12,
        "weightedAverageShsOut": 338560000,
        "weightedAverageShsOutDil": 413481000,
        "link": "https://www.sec.gov/Archives/edgar/data/876437/000114036114031504/0001140361-14-031504-index.htm",
        "finalLink": "https://www.sec.gov/Archives/edgar/data/876437/000114036114031504/form10q.htm"
    },
    {
        "date": "2014-03-31",
        "symbol": "MTG",
        "reportedCurrency": "USD",
        "cik": "0000876437",
        "fillingDate": "2014-05-09",
        "acceptedDate": "2014-05-09 16:29:09",
        "calendarYear": "2014",
        "period": "Q1",
        "revenue": 235082000,
        "costOfRevenue": 37981000,
        "grossProfit": 197101000,
        "grossProfitRatio": 0.8384350992,
        "researchAndDevelopmentExpenses": 0,
        "generalAndAdministrativeExpenses": 0,
        "sellingAndMarketingExpenses": 0,
        "sellingGeneralAndAdministrativeExpenses": 0,
        "otherExpenses": 157000000,
        "operatingExpenses": 157000000,
        "costAndExpenses": 174374000,
        "interestIncome": 0,
        "interestExpense": 17539000,
        "depreciationAndAmortization": 14765000,
        "ebitda": 176773000,
        "ebitdaratio": 0.7519631448,
        "operatingIncome": 78247000,
        "operatingIncomeRatio": 0.3328498141,
        "totalOtherIncomeExpensesNet": -179547000,
        "incomeBeforeTax": 60708000,
        "incomeBeforeTaxRatio": 0.258241805,
        "incomeTaxExpense": 726000,
        "netIncome": 59982000,
        "netIncomeRatio": 0.2551535209,
        "eps": 0.18,
        "epsdiluted": 0.15,
        "weightedAverageShsOut": 338516000,
        "weightedAverageShsOutDil": 413180000,
        "link": "https://www.sec.gov/Archives/edgar/data/876437/000114036114019917/0001140361-14-019917-index.htm",
        "finalLink": "https://www.sec.gov/Archives/edgar/data/876437/000114036114019917/form10q.htm"
    },
    {
        "date": "2013-12-31",
        "symbol": "MTG",
        "reportedCurrency": "USD",
        "cik": "0000876437",
        "fillingDate": "2014-02-28",
        "acceptedDate": "2014-02-28 17:13:40",
        "calendarYear": "2013",
        "period": "Q4",
        "revenue": 251941000,
        "costOfRevenue": 0,
        "grossProfit": 251941000,
        "grossProfitRatio": 1,
        "researchAndDevelopmentExpenses": 0,
        "generalAndAdministrativeExpenses": 0,
        "sellingAndMarketingExpenses": 0,
        "sellingGeneralAndAdministrativeExpenses": 0,
        "otherExpenses": 234000000,
        "operatingExpenses": 234000000,
        "costAndExpenses": 252117000,
        "interestIncome": 0,
        "interestExpense": 17662000,
        "depreciationAndAmortization": 15117000,
        "ebitda": 32603000,
        "ebitdaratio": 0.1294072819,
        "operatingIncome": -15494000,
        "operatingIncomeRatio": -0.0614985254,
        "totalOtherIncomeExpensesNet": -260691000,
        "incomeBeforeTax": -176000,
        "incomeBeforeTaxRatio": -0.0006985763,
        "incomeTaxExpense": 1231000,
        "netIncome": -1407000,
        "netIncomeRatio": -0.0055846408,
        "eps": -0.0042,
        "epsdiluted": -0.0042,
        "weightedAverageShsOut": 337758000,
        "weightedAverageShsOutDil": 337758000,
        "link": "https://www.sec.gov/Archives/edgar/data/876437/000114036114010329/0001140361-14-010329-index.htm",
        "finalLink": "https://www.sec.gov/Archives/edgar/data/876437/000114036114010329/form10k.htm"
    },
    {
        "date": "2013-09-30",
        "symbol": "MTG",
        "reportedCurrency": "USD",
        "cik": "0000876437",
        "fillingDate": "2013-11-08",
        "acceptedDate": "2013-11-08 16:24:05",
        "calendarYear": "2013",
        "period": "Q3",
        "revenue": 254449000,
        "costOfRevenue": 45761000,
        "grossProfit": 208688000,
        "grossProfitRatio": 0.820156495,
        "researchAndDevelopmentExpenses": 0,
        "generalAndAdministrativeExpenses": 0,
        "sellingAndMarketingExpenses": 0,
        "sellingGeneralAndAdministrativeExpenses": 0,
        "otherExpenses": 224000000,
        "operatingExpenses": 224000000,
        "costAndExpenses": 241999000,
        "interestIncome": 0,
        "interestExpense": 17653000,
        "depreciationAndAmortization": 16082000,
        "ebitda": 244241000,
        "ebitdaratio": 0.959881941,
        "operatingIncome": 30103000,
        "operatingIncomeRatio": 0.1183066155,
        "totalOtherIncomeExpensesNet": -245812000,
        "incomeBeforeTax": 12450000,
        "incomeBeforeTaxRatio": 0.048929255,
        "incomeTaxExpense": 336000,
        "netIncome": 12114000,
        "netIncomeRatio": 0.0476087546,
        "eps": 0.0359,
        "epsdiluted": 0.0359,
        "weightedAverageShsOut": 337758000,
        "weightedAverageShsOutDil": 339426000,
        "link": "https://www.sec.gov/Archives/edgar/data/876437/000114036113041420/0001140361-13-041420-index.htm",
        "finalLink": "https://www.sec.gov/Archives/edgar/data/876437/000114036113041420/form10q.htm"
    },
    {
        "date": "2013-06-30",
        "symbol": "MTG",
        "reportedCurrency": "USD",
        "cik": "0000876437",
        "fillingDate": "2013-08-08",
        "acceptedDate": "2013-08-08 17:13:49",
        "calendarYear": "2013",
        "period": "Q2",
        "revenue": 263860000,
        "costOfRevenue": 45607000,
        "grossProfit": 218253000,
        "grossProfitRatio": 0.8271545517,
        "researchAndDevelopmentExpenses": 0,
        "generalAndAdministrativeExpenses": 0,
        "sellingAndMarketingExpenses": 0,
        "sellingGeneralAndAdministrativeExpenses": 0,
        "otherExpenses": 233000000,
        "operatingExpenses": 233000000,
        "costAndExpenses": 250495000,
        "interestIncome": 0,
        "interestExpense": 17942000,
        "depreciationAndAmortization": 14659000,
        "ebitda": 45966000,
        "ebitdaratio": 0.1742060183,
        "operatingIncome": 31307000,
        "operatingIncomeRatio": 0.1186500417,
        "totalOtherIncomeExpensesNet": -17942000,
        "incomeBeforeTax": 13365000,
        "incomeBeforeTaxRatio": 0.0506518608,
        "incomeTaxExpense": 990000,
        "netIncome": 12375000,
        "netIncomeRatio": 0.0468998711,
        "eps": 0.0366,
        "epsdiluted": 0.0366,
        "weightedAverageShsOut": 337758000,
        "weightedAverageShsOutDil": 339341000,
        "link": "https://www.sec.gov/Archives/edgar/data/876437/000114036113031180/0001140361-13-031180-index.htm",
        "finalLink": "https://www.sec.gov/Archives/edgar/data/876437/000114036113031180/form10q.htm"
    },
    {
        "date": "2013-03-31",
        "symbol": "MTG",
        "reportedCurrency": "USD",
        "cik": "0000876437",
        "fillingDate": "2013-05-10",
        "acceptedDate": "2013-05-10 16:11:19",
        "calendarYear": "2013",
        "period": "Q1",
        "revenue": 269185000,
        "costOfRevenue": 48315000,
        "grossProfit": 220870000,
        "grossProfitRatio": 0.8205137731,
        "researchAndDevelopmentExpenses": 0,
        "generalAndAdministrativeExpenses": 0,
        "sellingAndMarketingExpenses": 0,
        "sellingGeneralAndAdministrativeExpenses": 0,
        "otherExpenses": 315000000,
        "operatingExpenses": 315000000,
        "costAndExpenses": 340976000,
        "interestIncome": 0,
        "interestExpense": 26406000,
        "depreciationAndAmortization": 22858000,
        "ebitda": -26406000,
        "ebitdaratio": -0.0980961049,
        "operatingIncome": -45385000,
        "operatingIncomeRatio": -0.1686015194,
        "totalOtherIncomeExpensesNet": -26406000,
        "incomeBeforeTax": -71791000,
        "incomeBeforeTaxRatio": -0.2666976243,
        "incomeTaxExpense": 1139000,
        "netIncome": -72930000,
        "netIncomeRatio": -0.2709289151,
        "eps": -0.22,
        "epsdiluted": -0.22,
        "weightedAverageShsOut": 337758000,
        "weightedAverageShsOutDil": 337758000,
        "link": "https://www.sec.gov/Archives/edgar/data/876437/000114036113020064/0001140361-13-020064-index.htm",
        "finalLink": "https://www.sec.gov/Archives/edgar/data/876437/000114036113020064/form10q.htm"
    },
    {
        "date": "2012-12-31",
        "symbol": "MTG",
        "reportedCurrency": "USD",
        "cik": "0000876437",
        "fillingDate": "2013-03-01",
        "acceptedDate": "2013-03-01 17:15:27",
        "calendarYear": "2012",
        "period": "Q4",
        "revenue": 371372000,
        "costOfRevenue": 0,
        "grossProfit": 371372000,
        "grossProfitRatio": 1,
        "researchAndDevelopmentExpenses": 0,
        "generalAndAdministrativeExpenses": 0,
        "sellingAndMarketingExpenses": 0,
        "sellingGeneralAndAdministrativeExpenses": 0,
        "otherExpenses": 730000000,
        "operatingExpenses": 730000000,
        "costAndExpenses": 755128000,
        "interestIncome": 0,
        "interestExpense": 25327000,
        "depreciationAndAmortization": 22909000,
        "ebitda": -335520000,
        "ebitdaratio": -0.9034606809,
        "operatingIncome": 471008000,
        "operatingIncomeRatio": 1.2682916321,
        "totalOtherIncomeExpensesNet": -25327000,
        "incomeBeforeTax": -383756000,
        "incomeBeforeTaxRatio": -1.0333466174,
        "incomeTaxExpense": 2935000,
        "netIncome": -386691000,
        "netIncomeRatio": -1.0412497442,
        "eps": -1.91,
        "epsdiluted": -1.91,
        "weightedAverageShsOut": 202014022,
        "weightedAverageShsOutDil": 202032000,
        "link": "https://www.sec.gov/Archives/edgar/data/876437/000114036113010113/0001140361-13-010113-index.htm",
        "finalLink": "https://www.sec.gov/Archives/edgar/data/876437/000114036113010113/form10k.htm"
    },
    {
        "date": "2012-09-30",
        "symbol": "MTG",
        "reportedCurrency": "USD",
        "cik": "0000876437",
        "fillingDate": "2012-11-09",
        "acceptedDate": "2012-11-09 07:07:02",
        "calendarYear": "2012",
        "period": "Q3",
        "revenue": 306219000,
        "costOfRevenue": 48739000,
        "grossProfit": 257480000,
        "grossProfitRatio": 0.8408361336,
        "researchAndDevelopmentExpenses": 0,
        "generalAndAdministrativeExpenses": 0,
        "sellingAndMarketingExpenses": 0,
        "sellingGeneralAndAdministrativeExpenses": 0,
        "otherExpenses": 532000000,
        "operatingExpenses": 532000000,
        "costAndExpenses": 556133000,
        "interestIncome": 0,
        "interestExpense": 24478000,
        "depreciationAndAmortization": 25721000,
        "ebitda": -268448000,
        "ebitdaratio": -0.8766536368,
        "operatingIncome": -225436000,
        "operatingIncomeRatio": -0.7361920717,
        "totalOtherIncomeExpensesNet": -249914000,
        "incomeBeforeTax": -249914000,
        "incomeBeforeTaxRatio": -0.8161283265,
        "incomeTaxExpense": -2972000,
        "netIncome": -246942000,
        "netIncomeRatio": -0.8064228542,
        "eps": -1.22,
        "epsdiluted": -1.22,
        "weightedAverageShsOut": 202014070,
        "weightedAverageShsOutDil": 202032000,
        "link": "https://www.sec.gov/Archives/edgar/data/876437/000114036112046341/0001140361-12-046341-index.htm",
        "finalLink": "https://www.sec.gov/Archives/edgar/data/876437/000114036112046341/form10q.htm"
    },
    {
        "date": "2012-06-30",
        "symbol": "MTG",
        "reportedCurrency": "USD",
        "cik": "0000876437",
        "fillingDate": "2012-08-09",
        "acceptedDate": "2012-08-09 17:18:58",
        "calendarYear": "2012",
        "period": "Q2",
        "revenue": 321090000,
        "costOfRevenue": 46975000,
        "grossProfit": 274115000,
        "grossProfitRatio": 0.8537014544,
        "researchAndDevelopmentExpenses": 0,
        "generalAndAdministrativeExpenses": 0,
        "sellingAndMarketingExpenses": 0,
        "sellingGeneralAndAdministrativeExpenses": 0,
        "otherExpenses": 573000000,
        "operatingExpenses": 573000000,
        "costAndExpenses": 597872000,
        "interestIncome": 0,
        "interestExpense": 24912000,
        "depreciationAndAmortization": 26809000,
        "ebitda": -225061000,
        "ebitdaratio": -0.7009280887,
        "operatingIncome": -251870000,
        "operatingIncomeRatio": -0.7844218132,
        "totalOtherIncomeExpensesNet": -24912000,
        "incomeBeforeTax": -276782000,
        "incomeBeforeTaxRatio": -0.8620075368,
        "incomeTaxExpense": -2891000,
        "netIncome": -273891000,
        "netIncomeRatio": -0.8530038307,
        "eps": -1.36,
        "epsdiluted": -1.36,
        "weightedAverageShsOut": 202032000,
        "weightedAverageShsOutDil": 202032000,
        "link": "https://www.sec.gov/Archives/edgar/data/876437/000114036112036106/0001140361-12-036106-index.htm",
        "finalLink": "https://www.sec.gov/Archives/edgar/data/876437/000114036112036106/form10q.htm"
    },
    {
        "date": "2012-03-31",
        "symbol": "MTG",
        "reportedCurrency": "USD",
        "cik": "0000876437",
        "fillingDate": "2012-05-10",
        "acceptedDate": "2012-05-10 16:28:28",
        "calendarYear": "2012",
        "period": "Q1",
        "revenue": 379683000,
        "costOfRevenue": 48673000,
        "grossProfit": 331010000,
        "grossProfitRatio": 0.8718062173,
        "researchAndDevelopmentExpenses": 0,
        "generalAndAdministrativeExpenses": 0,
        "sellingAndMarketingExpenses": 0,
        "sellingGeneralAndAdministrativeExpenses": 0,
        "otherExpenses": 373000000,
        "operatingExpenses": 373000000,
        "costAndExpenses": 397875000,
        "interestIncome": 0,
        "interestExpense": 24627000,
        "depreciationAndAmortization": 24696000,
        "ebitda": 31131000,
        "ebitdaratio": 0.0819920829,
        "operatingIncome": 6435000,
        "operatingIncomeRatio": 0.016948349,
        "totalOtherIncomeExpensesNet": -18192000,
        "incomeBeforeTax": -18192000,
        "incomeBeforeTaxRatio": -0.0479136543,
        "incomeTaxExpense": 1363000,
        "netIncome": -19555000,
        "netIncomeRatio": -0.0515034911,
        "eps": -0.0968,
        "epsdiluted": -0.0968,
        "weightedAverageShsOut": 202030000,
        "weightedAverageShsOutDil": 202030000,
        "link": "https://www.sec.gov/Archives/edgar/data/876437/000114036112024388/0001140361-12-024388-index.htm",
        "finalLink": "https://www.sec.gov/Archives/edgar/data/876437/000114036112024388/form10q.htm"
    },
    {
        "date": "2011-12-31",
        "symbol": "MTG",
        "reportedCurrency": "USD",
        "cik": "0000876437",
        "fillingDate": "2012-02-29",
        "acceptedDate": "2012-02-29 16:31:39",
        "calendarYear": "2011",
        "period": "Q4",
        "revenue": 446990000,
        "costOfRevenue": 0,
        "grossProfit": 446990000,
        "grossProfitRatio": 1,
        "researchAndDevelopmentExpenses": 0,
        "generalAndAdministrativeExpenses": 0,
        "sellingAndMarketingExpenses": 0,
        "sellingGeneralAndAdministrativeExpenses": 0,
        "otherExpenses": 521000000,
        "operatingExpenses": 521000000,
        "costAndExpenses": 546183000,
        "interestIncome": 0,
        "interestExpense": 25142000,
        "depreciationAndAmortization": 24662000,
        "ebitda": -134217000,
        "ebitdaratio": -0.3002684624,
        "operatingIncome": 307711000,
        "operatingIncomeRatio": 0.6884068995,
        "totalOtherIncomeExpensesNet": -406904000,
        "incomeBeforeTax": -99193000,
        "incomeBeforeTaxRatio": -0.2219132419,
        "incomeTaxExpense": 36101000,
        "netIncome": -135294000,
        "netIncomeRatio": -0.3026779123,
        "eps": -0.67,
        "epsdiluted": -0.67,
        "weightedAverageShsOut": 201127000,
        "weightedAverageShsOutDil": 202030000,
        "link": "https://www.sec.gov/Archives/edgar/data/876437/000114036112011856/0001140361-12-011856-index.htm",
        "finalLink": "https://www.sec.gov/Archives/edgar/data/876437/000114036112011856/form10k.htm"
    },
    {
        "date": "2011-09-30",
        "symbol": "MTG",
        "reportedCurrency": "USD",
        "cik": "0000876437",
        "fillingDate": "2011-11-09",
        "acceptedDate": "2011-11-09 16:30:24",
        "calendarYear": "2011",
        "period": "Q3",
        "revenue": 337169000,
        "costOfRevenue": 50715000,
        "grossProfit": 286454000,
        "grossProfitRatio": 0.849585816,
        "researchAndDevelopmentExpenses": 0,
        "generalAndAdministrativeExpenses": 0,
        "sellingAndMarketingExpenses": 0,
        "sellingGeneralAndAdministrativeExpenses": 0,
        "otherExpenses": 503000000,
        "operatingExpenses": 503000000,
        "costAndExpenses": 528504000,
        "interestIncome": 0,
        "interestExpense": 25761000,
        "depreciationAndAmortization": 20897000,
        "ebitda": -144677000,
        "ebitdaratio": -0.429093422,
        "operatingIncome": -165574000,
        "operatingIncomeRatio": -0.4910712432,
        "totalOtherIncomeExpensesNet": -25761000,
        "incomeBeforeTax": -191335000,
        "incomeBeforeTaxRatio": -0.5674750644,
        "incomeTaxExpense": -26130000,
        "netIncome": -165205000,
        "netIncomeRatio": -0.4899768365,
        "eps": -0.82,
        "epsdiluted": -0.82,
        "weightedAverageShsOut": 201171528,
        "weightedAverageShsOutDil": 201171528,
        "link": "https://www.sec.gov/Archives/edgar/data/876437/000114036111052674/0001140361-11-052674-index.htm",
        "finalLink": "https://www.sec.gov/Archives/edgar/data/876437/000114036111052674/form10q.htm"
    },
    {
        "date": "2011-06-30",
        "symbol": "MTG",
        "reportedCurrency": "USD",
        "cik": "0000876437",
        "fillingDate": "2011-08-09",
        "acceptedDate": "2011-08-09 16:12:29",
        "calendarYear": "2011",
        "period": "Q2",
        "revenue": 367007000,
        "costOfRevenue": 52320000,
        "grossProfit": 314687000,
        "grossProfitRatio": 0.8574414112,
        "researchAndDevelopmentExpenses": 0,
        "generalAndAdministrativeExpenses": 0,
        "sellingAndMarketingExpenses": 0,
        "sellingGeneralAndAdministrativeExpenses": 0,
        "otherExpenses": 503000000,
        "operatingExpenses": 503000000,
        "costAndExpenses": 528886000,
        "interestIncome": 0,
        "interestExpense": 26326000,
        "depreciationAndAmortization": 19709000,
        "ebitda": -115844000,
        "ebitdaratio": -0.3156452057,
        "operatingIncome": -135553000,
        "operatingIncomeRatio": -0.3693471787,
        "totalOtherIncomeExpensesNet": -26326000,
        "incomeBeforeTax": -161879000,
        "incomeBeforeTaxRatio": -0.4410787805,
        "incomeTaxExpense": -10147000,
        "netIncome": -151732000,
        "netIncomeRatio": -0.4134308065,
        "eps": -0.75,
        "epsdiluted": -0.75,
        "weightedAverageShsOut": 201146648,
        "weightedAverageShsOutDil": 201146648,
        "link": "https://www.sec.gov/Archives/edgar/data/876437/000114036111040602/0001140361-11-040602-index.htm",
        "finalLink": "https://www.sec.gov/Archives/edgar/data/876437/000114036111040602/form10q.htm"
    },
    {
        "date": "2011-03-31",
        "symbol": "MTG",
        "reportedCurrency": "USD",
        "cik": "0000876437",
        "fillingDate": "2011-05-10",
        "acceptedDate": "2011-05-10 16:55:21",
        "calendarYear": "2011",
        "period": "Q1",
        "revenue": 353113000,
        "costOfRevenue": 55825000,
        "grossProfit": 297288000,
        "grossProfitRatio": 0.841906132,
        "researchAndDevelopmentExpenses": 0,
        "generalAndAdministrativeExpenses": 0,
        "sellingAndMarketingExpenses": 0,
        "sellingGeneralAndAdministrativeExpenses": 0,
        "otherExpenses": 359000000,
        "operatingExpenses": 359000000,
        "costAndExpenses": 385005000,
        "interestIncome": 0,
        "interestExpense": 26042000,
        "depreciationAndAmortization": 19560000,
        "ebitda": 13710000,
        "ebitdaratio": 0.0388260982,
        "operatingIncome": -5850000,
        "operatingIncomeRatio": -0.0165669347,
        "totalOtherIncomeExpensesNet": -26042000,
        "incomeBeforeTax": -31892000,
        "incomeBeforeTaxRatio": -0.0903166975,
        "incomeTaxExpense": 1769000,
        "netIncome": -33661000,
        "netIncomeRatio": -0.0953264253,
        "eps": -0.17,
        "epsdiluted": -0.17,
        "weightedAverageShsOut": 201142536,
        "weightedAverageShsOutDil": 201142536,
        "link": "https://www.sec.gov/Archives/edgar/data/876437/000114036111026426/0001140361-11-026426-index.htm",
        "finalLink": "https://www.sec.gov/Archives/edgar/data/876437/000114036111026426/form10q.htm"
    },
    {
        "date": "2010-12-31",
        "symbol": "MTG",
        "reportedCurrency": "USD",
        "cik": "0000876437",
        "fillingDate": "2011-03-01",
        "acceptedDate": "2011-03-01 17:02:23",
        "calendarYear": "2010",
        "period": "Q4",
        "revenue": 361075000,
        "costOfRevenue": 0,
        "grossProfit": 361075000,
        "grossProfitRatio": 1,
        "researchAndDevelopmentExpenses": 0,
        "generalAndAdministrativeExpenses": 0,
        "sellingAndMarketingExpenses": 0,
        "sellingGeneralAndAdministrativeExpenses": 0,
        "otherExpenses": 484000000,
        "operatingExpenses": 484000000,
        "costAndExpenses": 509411000,
        "interestIncome": 0,
        "interestExpense": 25770000,
        "depreciationAndAmortization": 17313000,
        "ebitda": -166135000,
        "ebitdaratio": -0.4601121651,
        "operatingIncome": 138550000,
        "operatingIncomeRatio": 0.3837152946,
        "totalOtherIncomeExpensesNet": -286886000,
        "incomeBeforeTax": -148336000,
        "incomeBeforeTaxRatio": -0.4108176972,
        "incomeTaxExpense": 38331000,
        "netIncome": -186667000,
        "netIncomeRatio": -0.5169756976,
        "eps": -0.93,
        "epsdiluted": -0.93,
        "weightedAverageShsOut": 200337000,
        "weightedAverageShsOutDil": 201142536,
        "link": "https://www.sec.gov/Archives/edgar/data/876437/000114036111013074/0001140361-11-013074-index.htm",
        "finalLink": "https://www.sec.gov/Archives/edgar/data/876437/000114036111013074/form10k.htm"
    },
    {
        "date": "2010-09-30",
        "symbol": "MTG",
        "reportedCurrency": "USD",
        "cik": "0000876437",
        "fillingDate": "2010-11-01",
        "acceptedDate": "2010-11-01 16:33:02",
        "calendarYear": "2010",
        "period": "Q3",
        "revenue": 382325000,
        "costOfRevenue": 55856000,
        "grossProfit": 326469000,
        "grossProfitRatio": 0.8539044007,
        "researchAndDevelopmentExpenses": 0,
        "generalAndAdministrativeExpenses": 0,
        "sellingAndMarketingExpenses": 0,
        "sellingGeneralAndAdministrativeExpenses": 0,
        "otherExpenses": 433000000,
        "operatingExpenses": 433000000,
        "costAndExpenses": 459999000,
        "interestIncome": 0,
        "interestExpense": 26702000,
        "depreciationAndAmortization": 15744000,
        "ebitda": -35228000,
        "ebitdaratio": -0.0921415026,
        "operatingIncome": -50972000,
        "operatingIncomeRatio": -0.1333211273,
        "totalOtherIncomeExpensesNet": -26702000,
        "incomeBeforeTax": -77674000,
        "incomeBeforeTaxRatio": -0.2031622311,
        "incomeTaxExpense": -26146000,
        "netIncome": -51528000,
        "netIncomeRatio": -0.1347753874,
        "eps": -0.26,
        "epsdiluted": -0.26,
        "weightedAverageShsOut": 200449588,
        "weightedAverageShsOutDil": 200449588,
        "link": "https://www.sec.gov/Archives/edgar/data/876437/000114036110042937/0001140361-10-042937-index.htm",
        "finalLink": "https://www.sec.gov/Archives/edgar/data/876437/000114036110042937/form10q.htm"
    },
    {
        "date": "2010-06-30",
        "symbol": "MTG",
        "reportedCurrency": "USD",
        "cik": "0000876437",
        "fillingDate": "2010-08-09",
        "acceptedDate": "2010-08-09 16:49:59",
        "calendarYear": "2010",
        "period": "Q2",
        "revenue": 406355000,
        "costOfRevenue": 110502000,
        "grossProfit": 295853000,
        "grossProfitRatio": 0.7280653616,
        "researchAndDevelopmentExpenses": 0,
        "generalAndAdministrativeExpenses": 0,
        "sellingAndMarketingExpenses": 0,
        "sellingGeneralAndAdministrativeExpenses": 0,
        "otherExpenses": 364000000,
        "operatingExpenses": 364000000,
        "costAndExpenses": 388607000,
        "interestIncome": 0,
        "interestExpense": 25099000,
        "depreciationAndAmortization": 15198000,
        "ebitda": 58045000,
        "ebitdaratio": 0.1428430806,
        "operatingIncome": 42847000,
        "operatingIncomeRatio": 0.1054422857,
        "totalOtherIncomeExpensesNet": -25099000,
        "incomeBeforeTax": 17748000,
        "incomeBeforeTaxRatio": 0.043676096,
        "incomeTaxExpense": -6803000,
        "netIncome": 24551000,
        "netIncomeRatio": 0.0604176151,
        "eps": 0.12,
        "epsdiluted": 0.12,
        "weightedAverageShsOut": 124889000,
        "weightedAverageShsOutDil": 182156000,
        "link": "https://www.sec.gov/Archives/edgar/data/876437/000114036110032337/0001140361-10-032337-index.htm",
        "finalLink": "https://www.sec.gov/Archives/edgar/data/876437/000114036110032337/form10-q.htm"
    },
    {
        "date": "2010-03-31",
        "symbol": "MTG",
        "reportedCurrency": "USD",
        "cik": "0000876437",
        "fillingDate": "2010-05-10",
        "acceptedDate": "2010-05-10 17:00:37",
        "calendarYear": "2010",
        "period": "Q1",
        "revenue": 370770000,
        "costOfRevenue": 0,
        "grossProfit": 370770000,
        "grossProfitRatio": 1,
        "researchAndDevelopmentExpenses": 0,
        "generalAndAdministrativeExpenses": 0,
        "sellingAndMarketingExpenses": 0,
        "sellingGeneralAndAdministrativeExpenses": 0,
        "otherExpenses": 501000000,
        "operatingExpenses": 501000000,
        "costAndExpenses": 521908000,
        "interestIncome": 0,
        "interestExpense": 21018000,
        "depreciationAndAmortization": 12627000,
        "ebitda": -117493000,
        "ebitdaratio": -0.3168891766,
        "operatingIncome": -130120000,
        "operatingIncomeRatio": -0.35094533,
        "totalOtherIncomeExpensesNet": -21018000,
        "incomeBeforeTax": -151138000,
        "incomeBeforeTaxRatio": -0.4076327642,
        "incomeTaxExpense": -1047000,
        "netIncome": -150091000,
        "netIncomeRatio": -0.4048089112,
        "eps": -1.2,
        "epsdiluted": -1.2,
        "weightedAverageShsOut": 125561696,
        "weightedAverageShsOutDil": 125561696,
        "link": "https://www.sec.gov/Archives/edgar/data/876437/000114036110020121/0001140361-10-020121-index.htm",
        "finalLink": "https://www.sec.gov/Archives/edgar/data/876437/000114036110020121/form10q.htm"
    },
    {
        "date": "2009-12-31",
        "symbol": "MTG",
        "reportedCurrency": "USD",
        "cik": "0000876437",
        "fillingDate": "2010-03-01",
        "acceptedDate": "2010-03-01 16:38:30",
        "calendarYear": "2009",
        "period": "Q4",
        "revenue": 405523000,
        "costOfRevenue": 0,
        "grossProfit": 405523000,
        "grossProfitRatio": 1,
        "researchAndDevelopmentExpenses": 0,
        "generalAndAdministrativeExpenses": 0,
        "sellingAndMarketingExpenses": 0,
        "sellingGeneralAndAdministrativeExpenses": 0,
        "otherExpenses": 922000000,
        "operatingExpenses": 922000000,
        "costAndExpenses": 943293000,
        "interestIncome": 0,
        "interestExpense": 20824000,
        "depreciationAndAmortization": 12973000,
        "ebitda": -564322000,
        "ebitdaratio": -1.3915906126,
        "operatingIncome": 1158997000,
        "operatingIncomeRatio": 2.8580302474,
        "totalOtherIncomeExpensesNet": -1696767000,
        "incomeBeforeTax": -537770000,
        "incomeBeforeTaxRatio": -1.3261146717,
        "incomeTaxExpense": -257656000,
        "netIncome": -280114000,
        "netIncomeRatio": -0.6907475038,
        "eps": -2.25,
        "epsdiluted": -2.23,
        "weightedAverageShsOut": 124296000,
        "weightedAverageShsOutDil": 125561696,
        "link": "https://www.sec.gov/Archives/edgar/data/876437/000095012310019346/0000950123-10-019346-index.htm",
        "finalLink": "https://www.sec.gov/Archives/edgar/data/876437/000095012310019346/c56597e10vk.htm"
    },
    {
        "date": "2009-09-30",
        "symbol": "MTG",
        "reportedCurrency": "USD",
        "cik": "0000876437",
        "fillingDate": "2009-11-09",
        "acceptedDate": "2009-11-09 16:43:20",
        "calendarYear": "2009",
        "period": "Q3",
        "revenue": 413337000,
        "costOfRevenue": 0,
        "grossProfit": 413337000,
        "grossProfitRatio": 1,
        "researchAndDevelopmentExpenses": 0,
        "generalAndAdministrativeExpenses": 0,
        "sellingAndMarketingExpenses": 0,
        "sellingGeneralAndAdministrativeExpenses": 0,
        "otherExpenses": 1011000000,
        "operatingExpenses": 1011000000,
        "costAndExpenses": 1031416000,
        "interestIncome": 0,
        "interestExpense": 20586000,
        "depreciationAndAmortization": 15175000,
        "ebitda": -582318000,
        "ebitdaratio": -1.4088213734,
        "operatingIncome": -597493000,
        "operatingIncomeRatio": -1.4455347574,
        "totalOtherIncomeExpensesNet": -20586000,
        "incomeBeforeTax": -618079000,
        "incomeBeforeTaxRatio": -1.4953391542,
        "incomeTaxExpense": -100311000,
        "netIncome": -517768000,
        "netIncomeRatio": -1.2526534039,
        "eps": -4.17,
        "epsdiluted": -4.17,
        "weightedAverageShsOut": 124122000,
        "weightedAverageShsOutDil": 124296000,
        "link": "https://www.sec.gov/Archives/edgar/data/876437/000095012309060225/0000950123-09-060225-index.htm",
        "finalLink": "https://www.sec.gov/Archives/edgar/data/876437/000095012309060225/c54531e10vq.htm"
    },
    {
        "date": "2009-06-30",
        "symbol": "MTG",
        "reportedCurrency": "USD",
        "cik": "0000876437",
        "fillingDate": "2009-08-10",
        "acceptedDate": "2009-08-10 16:46:36",
        "calendarYear": "2009",
        "period": "Q2",
        "revenue": 454482000,
        "costOfRevenue": 0,
        "grossProfit": 454482000,
        "grossProfitRatio": 1,
        "researchAndDevelopmentExpenses": 0,
        "generalAndAdministrativeExpenses": 0,
        "sellingAndMarketingExpenses": 0,
        "sellingGeneralAndAdministrativeExpenses": 0,
        "otherExpenses": 769000000,
        "operatingExpenses": 769000000,
        "costAndExpenses": 792896000,
        "interestIncome": 0,
        "interestExpense": 23930000,
        "depreciationAndAmortization": 14851000,
        "ebitda": -299633000,
        "ebitdaratio": -0.6592846361,
        "operatingIncome": -314484000,
        "operatingIncomeRatio": -0.6919613978,
        "totalOtherIncomeExpensesNet": -23930000,
        "incomeBeforeTax": -338414000,
        "incomeBeforeTaxRatio": -0.7446147482,
        "incomeTaxExpense": 1421000,
        "netIncome": -339835000,
        "netIncomeRatio": -0.7477413847,
        "eps": -2.74,
        "epsdiluted": -2.74,
        "weightedAverageShsOut": 123999000,
        "weightedAverageShsOutDil": 124244000,
        "link": "https://www.sec.gov/Archives/edgar/data/876437/000095012309032967/0000950123-09-032967-index.htm",
        "finalLink": "https://www.sec.gov/Archives/edgar/data/876437/000095012309032967/c52839e10vq.htm"
    },
    {
        "date": "2009-03-31",
        "symbol": "MTG",
        "reportedCurrency": "USD",
        "cik": "0000876437",
        "fillingDate": "2009-05-11",
        "acceptedDate": "2009-05-11 16:11:46",
        "calendarYear": "2009",
        "period": "Q1",
        "revenue": 435184000,
        "costOfRevenue": 0,
        "grossProfit": 435184000,
        "grossProfitRatio": 1,
        "researchAndDevelopmentExpenses": 0,
        "generalAndAdministrativeExpenses": 0,
        "sellingAndMarketingExpenses": 0,
        "sellingGeneralAndAdministrativeExpenses": 0,
        "otherExpenses": 682000000,
        "operatingExpenses": 682000000,
        "costAndExpenses": 705974000,
        "interestIncome": 0,
        "interestExpense": 23926000,
        "depreciationAndAmortization": 17350000,
        "ebitda": -229514000,
        "ebitdaratio": -0.5273953087,
        "operatingIncome": -246864000,
        "operatingIncomeRatio": -0.5672635023,
        "totalOtherIncomeExpensesNet": -23926000,
        "incomeBeforeTax": -270790000,
        "incomeBeforeTaxRatio": -0.6222425457,
        "incomeTaxExpense": -86230000,
        "netIncome": -184560000,
        "netIncomeRatio": -0.4240964741,
        "eps": -1.49,
        "epsdiluted": -1.49,
        "weightedAverageShsOut": 123999000,
        "weightedAverageShsOutDil": 123999000,
        "link": "https://www.sec.gov/Archives/edgar/data/876437/000095013709003836/0000950137-09-003836-index.htm",
        "finalLink": "https://www.sec.gov/Archives/edgar/data/876437/000095013709003836/c51217e10vq.htm"
    },
    {
        "date": "2008-12-31",
        "symbol": "MTG",
        "reportedCurrency": "USD",
        "cik": "0000876437",
        "fillingDate": "2009-03-02",
        "acceptedDate": "2009-03-02 16:25:31",
        "calendarYear": "2008",
        "period": "Q4",
        "revenue": 411486000,
        "costOfRevenue": 0,
        "grossProfit": 411486000,
        "grossProfitRatio": 1,
        "researchAndDevelopmentExpenses": 0,
        "generalAndAdministrativeExpenses": 0,
        "sellingAndMarketingExpenses": 0,
        "sellingGeneralAndAdministrativeExpenses": 0,
        "otherExpenses": 838000000,
        "operatingExpenses": 838000000,
        "costAndExpenses": 858571000,
        "interestIncome": 0,
        "interestExpense": 20240000,
        "depreciationAndAmortization": 11246000,
        "ebitda": -449903000,
        "ebitdaratio": -1.0933616211,
        "operatingIncome": 439960000,
        "operatingIncomeRatio": 1.06919798,
        "totalOtherIncomeExpensesNet": -887045000,
        "incomeBeforeTax": -447085000,
        "incomeBeforeTaxRatio": -1.0865132714,
        "incomeTaxExpense": -173738000,
        "netIncome": -273347000,
        "netIncomeRatio": -0.6642923453,
        "eps": -2.21,
        "epsdiluted": -2.2,
        "weightedAverageShsOut": 123907000,
        "weightedAverageShsOutDil": 123999000,
        "link": "https://www.sec.gov/Archives/edgar/data/876437/000095013709001435/0000950137-09-001435-index.htm",
        "finalLink": "https://www.sec.gov/Archives/edgar/data/876437/000095013709001435/c48611e10vk.htm"
    },
    {
        "date": "2008-09-30",
        "symbol": "MTG",
        "reportedCurrency": "USD",
        "cik": "0000876437",
        "fillingDate": "2008-11-10",
        "acceptedDate": "2008-11-10 17:07:42",
        "calendarYear": "2008",
        "period": "Q3",
        "revenue": 461632000,
        "costOfRevenue": 0,
        "grossProfit": 461632000,
        "grossProfitRatio": 1,
        "researchAndDevelopmentExpenses": 0,
        "generalAndAdministrativeExpenses": 0,
        "sellingAndMarketingExpenses": 0,
        "sellingGeneralAndAdministrativeExpenses": 0,
        "otherExpenses": 647000000,
        "operatingExpenses": 647000000,
        "costAndExpenses": 667182000,
        "interestIncome": 0,
        "interestExpense": 20119000,
        "depreciationAndAmortization": 8324000,
        "ebitda": -177107000,
        "ebitdaratio": -0.3836540794,
        "operatingIncome": -182079000,
        "operatingIncomeRatio": -0.3944245633,
        "totalOtherIncomeExpensesNet": -23471000,
        "incomeBeforeTax": -205550000,
        "incomeBeforeTaxRatio": -0.4452680923,
        "incomeTaxExpense": -88924000,
        "netIncome": -113274000,
        "netIncomeRatio": -0.2453772702,
        "eps": -0.91,
        "epsdiluted": -0.91,
        "weightedAverageShsOut": 123834000,
        "weightedAverageShsOutDil": 123834000,
        "link": "https://www.sec.gov/Archives/edgar/data/876437/000095013708013615/0000950137-08-013615-index.htm",
        "finalLink": "https://www.sec.gov/Archives/edgar/data/876437/000095013708013615/c47541e10vq.htm"
    },
    {
        "date": "2008-06-30",
        "symbol": "MTG",
        "reportedCurrency": "USD",
        "cik": "0000876437",
        "fillingDate": "2008-08-11",
        "acceptedDate": "2008-08-11 16:49:17",
        "calendarYear": "2008",
        "period": "Q2",
        "revenue": 424533000,
        "costOfRevenue": 0,
        "grossProfit": 424533000,
        "grossProfitRatio": 1,
        "researchAndDevelopmentExpenses": 0,
        "generalAndAdministrativeExpenses": 0,
        "sellingAndMarketingExpenses": 0,
        "sellingGeneralAndAdministrativeExpenses": 0,
        "otherExpenses": 598000000,
        "operatingExpenses": 598000000,
        "costAndExpenses": 617735000,
        "interestIncome": 0,
        "interestExpense": 19891000,
        "depreciationAndAmortization": 7855000,
        "ebitda": -163355000,
        "ebitdaratio": -0.3847875195,
        "operatingIncome": -162154000,
        "operatingIncomeRatio": -0.3819585285,
        "totalOtherIncomeExpensesNet": -31048000,
        "incomeBeforeTax": -193202000,
        "incomeBeforeTaxRatio": -0.4550930081,
        "incomeTaxExpense": -84146000,
        "netIncome": -97899000,
        "netIncomeRatio": -0.2306039813,
        "eps": -0.79,
        "epsdiluted": -0.79,
        "weightedAverageShsOut": 123834000,
        "weightedAverageShsOutDil": 123834000,
        "link": "https://www.sec.gov/Archives/edgar/data/876437/000095013708010526/0000950137-08-010526-index.htm",
        "finalLink": "https://www.sec.gov/Archives/edgar/data/876437/000095013708010526/c34733e10vq.htm"
    },
    {
        "date": "2008-03-31",
        "symbol": "MTG",
        "reportedCurrency": "USD",
        "cik": "0000876437",
        "fillingDate": "2008-05-12",
        "acceptedDate": "2008-05-12 16:46:23",
        "calendarYear": "2008",
        "period": "Q1",
        "revenue": 423875000,
        "costOfRevenue": 0,
        "grossProfit": 423875000,
        "grossProfitRatio": 1,
        "researchAndDevelopmentExpenses": 0,
        "generalAndAdministrativeExpenses": 0,
        "sellingAndMarketingExpenses": 0,
        "sellingGeneralAndAdministrativeExpenses": 0,
        "otherExpenses": 505000000,
        "operatingExpenses": 505000000,
        "costAndExpenses": 515767000,
        "interestIncome": 0,
        "interestExpense": 10914000,
        "depreciationAndAmortization": 6879000,
        "ebitda": -74099000,
        "ebitdaratio": -0.1748133294,
        "operatingIncome": -71001000,
        "operatingIncomeRatio": -0.1675045709,
        "totalOtherIncomeExpensesNet": -20891000,
        "incomeBeforeTax": -91892000,
        "incomeBeforeTaxRatio": -0.2167903273,
        "incomeTaxExpense": -47521000,
        "netIncome": -34394000,
        "netIncomeRatio": -0.0811418461,
        "eps": -0.41,
        "epsdiluted": -0.41,
        "weightedAverageShsOut": 84127000,
        "weightedAverageShsOutDil": 84127000,
        "link": "https://www.sec.gov/Archives/edgar/data/876437/000095013708007258/0000950137-08-007258-index.htm",
        "finalLink": "https://www.sec.gov/Archives/edgar/data/876437/000095013708007258/c26600e10vq.htm"
    },
    {
        "date": "2007-12-31",
        "symbol": "MTG",
        "reportedCurrency": "USD",
        "cik": "0000876437",
        "fillingDate": "2008-02-29",
        "acceptedDate": "2008-02-29 16:59:37",
        "calendarYear": "2007",
        "period": "Q4",
        "revenue": 399085000,
        "costOfRevenue": 0,
        "grossProfit": 399085000,
        "grossProfitRatio": 1,
        "researchAndDevelopmentExpenses": 0,
        "generalAndAdministrativeExpenses": 0,
        "sellingAndMarketingExpenses": 0,
        "sellingGeneralAndAdministrativeExpenses": 0,
        "otherExpenses": 2630000000,
        "operatingExpenses": 2630000000,
        "costAndExpenses": 2641396000,
        "interestIncome": 0,
        "interestExpense": 11507000,
        "depreciationAndAmortization": 4376000,
        "ebitda": -2226428000,
        "ebitdaratio": -5.5788315772,
        "operatingIncome": -2322716000,
        "operatingIncomeRatio": -5.8201034867,
        "totalOtherIncomeExpensesNet": 80405000,
        "incomeBeforeTax": -2242311000,
        "incomeBeforeTaxRatio": -5.6186301164,
        "incomeTaxExpense": -867596000,
        "netIncome": -1466627000,
        "netIncomeRatio": -3.674974003,
        "eps": -18.1,
        "epsdiluted": -18.1,
        "weightedAverageShsOut": 81040000,
        "weightedAverageShsOutDil": 81040000,
        "link": "https://www.sec.gov/Archives/edgar/data/876437/000089706908000525/0000897069-08-000525-index.htm",
        "finalLink": "https://www.sec.gov/Archives/edgar/data/876437/000089706908000525/cmw3393.htm"
    },
    {
        "date": "2007-09-30",
        "symbol": "MTG",
        "reportedCurrency": "USD",
        "cik": "0000876437",
        "fillingDate": "2007-11-21",
        "acceptedDate": "2007-11-20 18:38:50",
        "calendarYear": "2007",
        "period": "Q3",
        "revenue": 555440000,
        "costOfRevenue": 0,
        "grossProfit": 555440000,
        "grossProfitRatio": 1,
        "researchAndDevelopmentExpenses": 0,
        "generalAndAdministrativeExpenses": 0,
        "sellingAndMarketingExpenses": 0,
        "sellingGeneralAndAdministrativeExpenses": 0,
        "otherExpenses": 689000000,
        "operatingExpenses": 689000000,
        "costAndExpenses": 699525000,
        "interestIncome": 0,
        "interestExpense": 10926000,
        "depreciationAndAmortization": 11086000,
        "ebitda": -122073000,
        "ebitdaratio": -0.2197771136,
        "operatingIncome": -299308000,
        "operatingIncomeRatio": -0.5388664842,
        "totalOtherIncomeExpensesNet": 155223000,
        "incomeBeforeTax": -144085000,
        "incomeBeforeTaxRatio": -0.2594069566,
        "incomeTaxExpense": 62235000,
        "netIncome": -372469000,
        "netIncomeRatio": -0.6705836814,
        "eps": -4.61,
        "epsdiluted": -4.61,
        "weightedAverageShsOut": 80786000,
        "weightedAverageShsOutDil": 80786000,
        "link": "https://www.sec.gov/Archives/edgar/data/876437/000089706907002072/0000897069-07-002072-index.htm",
        "finalLink": "https://www.sec.gov/Archives/edgar/data/876437/000089706907002072/cmw3121x.htm"
    },
    {
        "date": "2007-06-30",
        "symbol": "MTG",
        "reportedCurrency": "USD",
        "cik": "0000876437",
        "fillingDate": "2007-08-09",
        "acceptedDate": "2007-08-09 17:01:30",
        "calendarYear": "2007",
        "period": "Q2",
        "revenue": 369039000,
        "costOfRevenue": 0,
        "grossProfit": 369039000,
        "grossProfitRatio": 1,
        "researchAndDevelopmentExpenses": 0,
        "generalAndAdministrativeExpenses": 0,
        "sellingAndMarketingExpenses": 0,
        "sellingGeneralAndAdministrativeExpenses": 0,
        "otherExpenses": 311000000,
        "operatingExpenses": 311000000,
        "costAndExpenses": 319150000,
        "interestIncome": 0,
        "interestExpense": 8594000,
        "depreciationAndAmortization": 5007000,
        "ebitda": 63490000,
        "ebitdaratio": 0.1720414374,
        "operatingIncome": 80236000,
        "operatingIncomeRatio": 0.2174187552,
        "totalOtherIncomeExpensesNet": -30347000,
        "incomeBeforeTax": 49889000,
        "incomeBeforeTaxRatio": 0.135186254,
        "incomeTaxExpense": -5073000,
        "netIncome": 76715000,
        "netIncomeRatio": 0.2078777582,
        "eps": 0.94,
        "epsdiluted": 0.93,
        "weightedAverageShsOut": 81763000,
        "weightedAverageShsOutDil": 82309000,
        "link": "https://www.sec.gov/Archives/edgar/data/876437/000089706907001620/0000897069-07-001620-index.htm",
        "finalLink": "https://www.sec.gov/Archives/edgar/data/876437/000089706907001620/cmw2958.htm"
    },
    {
        "date": "2007-03-31",
        "symbol": "MTG",
        "reportedCurrency": "USD",
        "cik": "0000876437",
        "fillingDate": "2007-05-10",
        "acceptedDate": "2007-05-10 06:08:15",
        "calendarYear": "2007",
        "period": "Q1",
        "revenue": 369642000,
        "costOfRevenue": 0,
        "grossProfit": 369642000,
        "grossProfitRatio": 1,
        "researchAndDevelopmentExpenses": 0,
        "generalAndAdministrativeExpenses": 0,
        "sellingAndMarketingExpenses": 0,
        "sellingGeneralAndAdministrativeExpenses": 0,
        "otherExpenses": 257000000,
        "operatingExpenses": 257000000,
        "costAndExpenses": 267789000,
        "interestIncome": 0,
        "interestExpense": 10959000,
        "depreciationAndAmortization": 4708000,
        "ebitda": 120180000,
        "ebitdaratio": 0.3251253916,
        "operatingIncome": 126865000,
        "operatingIncomeRatio": 0.3432104577,
        "totalOtherIncomeExpensesNet": -25012000,
        "incomeBeforeTax": 101853000,
        "incomeBeforeTaxRatio": 0.2755449868,
        "incomeTaxExpense": 23543000,
        "netIncome": 92363000,
        "netIncomeRatio": 0.2498714973,
        "eps": 1.13,
        "epsdiluted": 1.12,
        "weightedAverageShsOut": 81737168,
        "weightedAverageShsOutDil": 82354000,
        "link": "https://www.sec.gov/Archives/edgar/data/876437/000095013407010984/0000950134-07-010984-index.htm",
        "finalLink": "https://www.sec.gov/Archives/edgar/data/876437/000095013407010984/c15060e10vq.htm"
    },
    {
        "date": "2006-12-31",
        "symbol": "MTG",
        "reportedCurrency": "USD",
        "cik": "0000876437",
        "fillingDate": "2007-03-01",
        "acceptedDate": "2007-03-01 14:07:54",
        "calendarYear": "2006",
        "period": "Q4",
        "revenue": 367236000,
        "costOfRevenue": 0,
        "grossProfit": 367236000,
        "grossProfitRatio": 1,
        "researchAndDevelopmentExpenses": 0,
        "generalAndAdministrativeExpenses": 0,
        "sellingAndMarketingExpenses": 0,
        "sellingGeneralAndAdministrativeExpenses": 0,
        "otherExpenses": 262000000,
        "operatingExpenses": 262000000,
        "costAndExpenses": 273024000,
        "interestIncome": 0,
        "interestExpense": 11341000,
        "depreciationAndAmortization": 5098000,
        "ebitda": 110651000,
        "ebitdaratio": 0.301307606,
        "operatingIncome": -458933000,
        "operatingIncomeRatio": -1.249695019,
        "totalOtherIncomeExpensesNet": 553145000,
        "incomeBeforeTax": 94212000,
        "incomeBeforeTaxRatio": 0.2565434761,
        "incomeTaxExpense": -19721000,
        "netIncome": 121469000,
        "netIncomeRatio": 0.3307655023,
        "eps": 1.48,
        "epsdiluted": 1.48,
        "weightedAverageShsOut": 80042000,
        "weightedAverageShsOutDil": 81890000,
        "link": "https://www.sec.gov/Archives/edgar/data/876437/000095013707003093/0000950137-07-003093-index.htm",
        "finalLink": "https://www.sec.gov/Archives/edgar/data/876437/000095013707003093/c12521e10vk.htm"
    },
    {
        "date": "2006-09-30",
        "symbol": "MTG",
        "reportedCurrency": "USD",
        "cik": "0000876437",
        "fillingDate": "2006-11-09",
        "acceptedDate": "2006-11-09 08:01:10",
        "calendarYear": "2006",
        "period": "Q3",
        "revenue": 369397000,
        "costOfRevenue": 0,
        "grossProfit": 369397000,
        "grossProfitRatio": 1,
        "researchAndDevelopmentExpenses": 0,
        "generalAndAdministrativeExpenses": 0,
        "sellingAndMarketingExpenses": 0,
        "sellingGeneralAndAdministrativeExpenses": 0,
        "otherExpenses": 236000000,
        "operatingExpenses": 236000000,
        "costAndExpenses": 245550000,
        "interestIncome": 0,
        "interestExpense": 9849000,
        "depreciationAndAmortization": 4631000,
        "ebitda": 138327000,
        "ebitdaratio": 0.3744670368,
        "operatingIncome": 110096000,
        "operatingIncomeRatio": 0.2980424855,
        "totalOtherIncomeExpensesNet": 13751000,
        "incomeBeforeTax": 123847000,
        "incomeBeforeTaxRatio": 0.3352680179,
        "incomeTaxExpense": -29731000,
        "netIncome": 129978000,
        "netIncomeRatio": 0.3518653373,
        "eps": 1.56,
        "epsdiluted": 1.55,
        "weightedAverageShsOut": 83766000,
        "weightedAverageShsOutDil": 83766000,
        "link": "https://www.sec.gov/Archives/edgar/data/876437/000095013706012106/0000950137-06-012106-index.htm",
        "finalLink": "https://www.sec.gov/Archives/edgar/data/876437/000095013706012106/c09813e10vq.htm"
    },
    {
        "date": "2006-06-30",
        "symbol": "MTG",
        "reportedCurrency": "USD",
        "cik": "0000876437",
        "fillingDate": "2006-08-09",
        "acceptedDate": "2006-08-09 08:01:11",
        "calendarYear": "2006",
        "period": "Q2",
        "revenue": 363504000,
        "costOfRevenue": 0,
        "grossProfit": 363504000,
        "grossProfitRatio": 1,
        "researchAndDevelopmentExpenses": 0,
        "generalAndAdministrativeExpenses": 0,
        "sellingAndMarketingExpenses": 0,
        "sellingGeneralAndAdministrativeExpenses": 0,
        "otherExpenses": 218000000,
        "operatingExpenses": 218000000,
        "costAndExpenses": 226802000,
        "interestIncome": 0,
        "interestExpense": 8843000,
        "depreciationAndAmortization": 2213000,
        "ebitda": 147758000,
        "ebitdaratio": 0.4064824596,
        "operatingIncome": 124203000,
        "operatingIncomeRatio": 0.3416826225,
        "totalOtherIncomeExpensesNet": 12499000,
        "incomeBeforeTax": 136702000,
        "incomeBeforeTaxRatio": 0.3760673885,
        "incomeTaxExpense": -34479000,
        "netIncome": 149839000,
        "netIncomeRatio": 0.4122072935,
        "eps": 1.75,
        "epsdiluted": 1.74,
        "weightedAverageShsOut": 85668000,
        "weightedAverageShsOutDil": 86259000,
        "link": "https://www.sec.gov/Archives/edgar/data/876437/000095013706008890/0000950137-06-008890-index.htm",
        "finalLink": "https://www.sec.gov/Archives/edgar/data/876437/000095013706008890/c07426e10vq.htm"
    },
    {
        "date": "2006-03-31",
        "symbol": "MTG",
        "reportedCurrency": "USD",
        "cik": "0000876437",
        "fillingDate": "2006-05-10",
        "acceptedDate": "2006-05-10 17:20:16",
        "calendarYear": "2006",
        "period": "Q1",
        "revenue": 369032000,
        "costOfRevenue": 0,
        "grossProfit": 369032000,
        "grossProfitRatio": 1,
        "researchAndDevelopmentExpenses": 0,
        "generalAndAdministrativeExpenses": 0,
        "sellingAndMarketingExpenses": 0,
        "sellingGeneralAndAdministrativeExpenses": 0,
        "otherExpenses": 189000000,
        "operatingExpenses": 189000000,
        "costAndExpenses": 198465000,
        "interestIncome": 0,
        "interestExpense": 9315000,
        "depreciationAndAmortization": 10375000,
        "ebitda": 190257000,
        "ebitdaratio": 0.5155569165,
        "operatingIncome": 218934000,
        "operatingIncomeRatio": 0.5932656247,
        "totalOtherIncomeExpensesNet": -48367000,
        "incomeBeforeTax": 170567000,
        "incomeBeforeTaxRatio": 0.4622011099,
        "incomeTaxExpense": 46166000,
        "netIncome": 163453000,
        "netIncomeRatio": 0.4429236489,
        "eps": 1.89,
        "epsdiluted": 1.87,
        "weightedAverageShsOut": 86577000,
        "weightedAverageShsOutDil": 87227000,
        "link": "https://www.sec.gov/Archives/edgar/data/876437/000095013706005750/0000950137-06-005750-index.htm",
        "finalLink": "https://www.sec.gov/Archives/edgar/data/876437/000095013706005750/c05167e10vq.htm"
    },
    {
        "date": "2005-12-31",
        "symbol": "MTG",
        "reportedCurrency": "USD",
        "cik": "0000876437",
        "fillingDate": "2006-03-13",
        "acceptedDate": "2006-03-10 18:37:31",
        "calendarYear": "2005",
        "period": "Q4",
        "revenue": 370926000,
        "costOfRevenue": 0,
        "grossProfit": 370926000,
        "grossProfitRatio": 1,
        "researchAndDevelopmentExpenses": 0,
        "generalAndAdministrativeExpenses": 0,
        "sellingAndMarketingExpenses": 0,
        "sellingGeneralAndAdministrativeExpenses": 0,
        "otherExpenses": 241000000,
        "operatingExpenses": 241000000,
        "costAndExpenses": 251092000,
        "interestIncome": 0,
        "interestExpense": 9773000,
        "depreciationAndAmortization": 25740000,
        "ebitda": 152854000,
        "ebitdaratio": 0.4120875862,
        "operatingIncome": -567604000,
        "operatingIncomeRatio": -1.5302351412,
        "totalOtherIncomeExpensesNet": 687438000,
        "incomeBeforeTax": 119834000,
        "incomeBeforeTaxRatio": 0.3230671347,
        "incomeTaxExpense": 28541000,
        "netIncome": 128121000,
        "netIncomeRatio": 0.3454085181,
        "eps": 1.47,
        "epsdiluted": 1.47,
        "weightedAverageShsOut": 87227000,
        "weightedAverageShsOutDil": 87227000,
        "link": "https://www.sec.gov/Archives/edgar/data/876437/000095013706002881/0000950137-06-002881-index.htm",
        "finalLink": "https://www.sec.gov/Archives/edgar/data/876437/000095013706002881/c03264e10vk.htm"
    },
    {
        "date": "2005-09-30",
        "symbol": "MTG",
        "reportedCurrency": "USD",
        "cik": "0000876437",
        "fillingDate": "2005-11-09",
        "acceptedDate": "2005-11-09 08:14:51",
        "calendarYear": "2005",
        "period": "Q3",
        "revenue": 375743000,
        "costOfRevenue": 0,
        "grossProfit": 375743000,
        "grossProfitRatio": 1,
        "researchAndDevelopmentExpenses": 0,
        "generalAndAdministrativeExpenses": 0,
        "sellingAndMarketingExpenses": 0,
        "sellingGeneralAndAdministrativeExpenses": 0,
        "otherExpenses": 216000000,
        "operatingExpenses": 216000000,
        "costAndExpenses": 225976000,
        "interestIncome": 0,
        "interestExpense": 10084000,
        "depreciationAndAmortization": 4409000,
        "ebitda": 164260000,
        "ebitdaratio": 0.437160506,
        "operatingIncome": 191592000,
        "operatingIncomeRatio": 0.5099017147,
        "totalOtherIncomeExpensesNet": -41825000,
        "incomeBeforeTax": 149767000,
        "incomeBeforeTaxRatio": 0.3985889291,
        "incomeTaxExpense": 39126000,
        "netIncome": 142382000,
        "netIncomeRatio": 0.3789345377,
        "eps": 1.56,
        "epsdiluted": 1.55,
        "weightedAverageShsOut": 91087000,
        "weightedAverageShsOutDil": 91796000,
        "link": "https://www.sec.gov/Archives/edgar/data/876437/000095013705013515/0000950137-05-013515-index.htm",
        "finalLink": "https://www.sec.gov/Archives/edgar/data/876437/000095013705013515/c99779e10vq.htm"
    },
    {
        "date": "2005-06-30",
        "symbol": "MTG",
        "reportedCurrency": "USD",
        "cik": "0000876437",
        "fillingDate": "2005-08-08",
        "acceptedDate": "2005-08-08 16:55:11",
        "calendarYear": "2005",
        "period": "Q2",
        "revenue": 394953000,
        "costOfRevenue": 0,
        "grossProfit": 394953000,
        "grossProfitRatio": 1,
        "researchAndDevelopmentExpenses": 0,
        "generalAndAdministrativeExpenses": 0,
        "sellingAndMarketingExpenses": 0,
        "sellingGeneralAndAdministrativeExpenses": 0,
        "otherExpenses": 205000000,
        "operatingExpenses": 205000000,
        "costAndExpenses": 215486000,
        "interestIncome": 0,
        "interestExpense": 10512000,
        "depreciationAndAmortization": 4653000,
        "ebitda": 199215000,
        "ebitdaratio": 0.5044017896,
        "operatingIncome": 234474000,
        "operatingIncomeRatio": 0.5936757032,
        "totalOtherIncomeExpensesNet": 179467000,
        "incomeBeforeTax": 179467000,
        "incomeBeforeTaxRatio": 0.4544009034,
        "incomeTaxExpense": 49605000,
        "netIncome": 174357000,
        "netIncomeRatio": 0.4414626551,
        "eps": 1.88,
        "epsdiluted": 1.87,
        "weightedAverageShsOut": 92594000,
        "weightedAverageShsOutDil": 93182000,
        "link": "https://www.sec.gov/Archives/edgar/data/876437/000095013705009802/0000950137-05-009802-index.htm",
        "finalLink": "https://www.sec.gov/Archives/edgar/data/876437/000095013705009802/c97449e10vq.htm"
    },
    {
        "date": "2005-03-31",
        "symbol": "MTG",
        "reportedCurrency": "USD",
        "cik": "0000876437",
        "fillingDate": "2005-05-10",
        "acceptedDate": "2005-05-10 08:02:44",
        "calendarYear": "2005",
        "period": "Q1",
        "revenue": 384908000,
        "costOfRevenue": 0,
        "grossProfit": 384908000,
        "grossProfitRatio": 1,
        "researchAndDevelopmentExpenses": 0,
        "generalAndAdministrativeExpenses": 0,
        "sellingAndMarketingExpenses": 0,
        "sellingGeneralAndAdministrativeExpenses": 0,
        "otherExpenses": 167000000,
        "operatingExpenses": 167000000,
        "costAndExpenses": 177483000,
        "interestIncome": 0,
        "interestExpense": 10722000,
        "depreciationAndAmortization": 4519000,
        "ebitda": 228298000,
        "ebitdaratio": 0.5931235516,
        "operatingIncome": 252395000,
        "operatingIncomeRatio": 0.655728122,
        "totalOtherIncomeExpensesNet": -44970000,
        "incomeBeforeTax": 207425000,
        "incomeBeforeTaxRatio": 0.5388950087,
        "incomeTaxExpense": 59660000,
        "netIncome": 182013000,
        "netIncomeRatio": 0.4728740374,
        "eps": 1.91,
        "epsdiluted": 1.9,
        "weightedAverageShsOut": 95784000,
        "weightedAverageShsOutDil": 95784000,
        "link": "https://www.sec.gov/Archives/edgar/data/876437/000095013705005611/0000950137-05-005611-index.htm",
        "finalLink": "https://www.sec.gov/Archives/edgar/data/876437/000095013705005611/c95049e10vq.htm"
    },
    {
        "date": "2004-12-31",
        "symbol": "MTG",
        "reportedCurrency": "USD",
        "cik": "0000876437",
        "fillingDate": "2005-03-16",
        "acceptedDate": "2005-03-16 15:30:34",
        "calendarYear": "2004",
        "period": "Q4",
        "revenue": 403071000,
        "costOfRevenue": 0,
        "grossProfit": 403071000,
        "grossProfitRatio": 1,
        "researchAndDevelopmentExpenses": 0,
        "generalAndAdministrativeExpenses": 0,
        "sellingAndMarketingExpenses": 0,
        "sellingGeneralAndAdministrativeExpenses": 0,
        "otherExpenses": -223042000,
        "operatingExpenses": -223042000,
        "costAndExpenses": 266785000,
        "interestIncome": 0,
        "interestExpense": 10371000,
        "depreciationAndAmortization": 31537000,
        "ebitda": 163915000,
        "ebitdaratio": 0.406665327,
        "operatingIncome": 180029000,
        "operatingIncomeRatio": 0.4466433953,
        "totalOtherIncomeExpensesNet": -43743000,
        "incomeBeforeTax": 136286000,
        "incomeBeforeTaxRatio": 0.3381190907,
        "incomeTaxExpense": 35138000,
        "netIncome": 134520000,
        "netIncomeRatio": 0.3337377286,
        "eps": 1.41,
        "epsdiluted": 1.41,
        "weightedAverageShsOut": 95294764,
        "weightedAverageShsOutDil": 95294764,
        "link": "https://www.sec.gov/Archives/edgar/data/876437/000095013705003101/0000950137-05-003101-index.htm",
        "finalLink": "https://www.sec.gov/Archives/edgar/data/876437/000095013705003101/c93113e10vk.htm"
    },
    {
        "date": "2004-09-30",
        "symbol": "MTG",
        "reportedCurrency": "USD",
        "cik": "0000876437",
        "fillingDate": "2004-11-09",
        "acceptedDate": "2004-11-09 08:03:14",
        "calendarYear": "2004",
        "period": "Q3",
        "revenue": 391034000,
        "costOfRevenue": 0,
        "grossProfit": 391034000,
        "grossProfitRatio": 1,
        "researchAndDevelopmentExpenses": 0,
        "generalAndAdministrativeExpenses": 0,
        "sellingAndMarketingExpenses": 0,
        "sellingGeneralAndAdministrativeExpenses": 0,
        "otherExpenses": -209006000,
        "operatingExpenses": -209006000,
        "costAndExpenses": 248894000,
        "interestIncome": 0,
        "interestExpense": 10310000,
        "depreciationAndAmortization": 5152000,
        "ebitda": 157602000,
        "ebitdaratio": 0.4030391219,
        "operatingIncome": 182028000,
        "operatingIncomeRatio": 0.4655042784,
        "totalOtherIncomeExpensesNet": 142140000,
        "incomeBeforeTax": 142140000,
        "incomeBeforeTaxRatio": 0.3634978033,
        "incomeTaxExpense": 37649000,
        "netIncome": 134069000,
        "netIncomeRatio": 0.3428576543,
        "eps": 1.37,
        "epsdiluted": 1.36,
        "weightedAverageShsOut": 97860584,
        "weightedAverageShsOutDil": 98386000,
        "link": "https://www.sec.gov/Archives/edgar/data/876437/000095013704009630/0000950137-04-009630-index.htm",
        "finalLink": "https://www.sec.gov/Archives/edgar/data/876437/000095013704009630/c89480e10vq.htm"
    },
    {
        "date": "2004-06-30",
        "symbol": "MTG",
        "reportedCurrency": "USD",
        "cik": "0000876437",
        "fillingDate": "2004-08-09",
        "acceptedDate": "2004-08-09 13:47:24",
        "calendarYear": "2004",
        "period": "Q2",
        "revenue": 403149000,
        "costOfRevenue": 0,
        "grossProfit": 403149000,
        "grossProfitRatio": 1,
        "researchAndDevelopmentExpenses": 0,
        "generalAndAdministrativeExpenses": 0,
        "sellingAndMarketingExpenses": 0,
        "sellingGeneralAndAdministrativeExpenses": 0,
        "otherExpenses": -191993000,
        "operatingExpenses": -191993000,
        "costAndExpenses": 236998000,
        "interestIncome": 0,
        "interestExpense": 10202000,
        "depreciationAndAmortization": 6335000,
        "ebitda": 182688000,
        "ebitdaratio": 0.4531525565,
        "operatingIncome": 211156000,
        "operatingIncomeRatio": 0.5237666471,
        "totalOtherIncomeExpensesNet": 166151000,
        "incomeBeforeTax": 166151000,
        "incomeBeforeTaxRatio": 0.4121329831,
        "incomeTaxExpense": 46430000,
        "netIncome": 154524000,
        "netIncomeRatio": 0.3832925296,
        "eps": 1.57,
        "epsdiluted": 1.56,
        "weightedAverageShsOut": 98422930,
        "weightedAverageShsOutDil": 99264000,
        "link": "https://www.sec.gov/Archives/edgar/data/876437/000095013704006423/0000950137-04-006423-index.htm",
        "finalLink": "https://www.sec.gov/Archives/edgar/data/876437/000095013704006423/c87413e10vq.htm"
    },
    {
        "date": "2004-03-31",
        "symbol": "MTG",
        "reportedCurrency": "USD",
        "cik": "0000876437",
        "fillingDate": "2004-05-10",
        "acceptedDate": "2004-05-10 13:03:15",
        "calendarYear": "2004",
        "period": "Q1",
        "revenue": 415439000,
        "costOfRevenue": 0,
        "grossProfit": 415439000,
        "grossProfitRatio": 1,
        "researchAndDevelopmentExpenses": 0,
        "generalAndAdministrativeExpenses": 0,
        "sellingAndMarketingExpenses": 0,
        "sellingGeneralAndAdministrativeExpenses": 0,
        "otherExpenses": -234987000,
        "operatingExpenses": -234987000,
        "costAndExpenses": 268239000,
        "interestIncome": 0,
        "interestExpense": 10248000,
        "depreciationAndAmortization": 4627000,
        "ebitda": 162075000,
        "ebitdaratio": 0.3901294775,
        "operatingIncome": 180452000,
        "operatingIncomeRatio": 0.4343646119,
        "totalOtherIncomeExpensesNet": 147200000,
        "incomeBeforeTax": 147200000,
        "incomeBeforeTaxRatio": 0.3543239802,
        "incomeTaxExpense": 40131000,
        "netIncome": 130073000,
        "netIncomeRatio": 0.3130977111,
        "eps": 1.32,
        "epsdiluted": 1.31,
        "weightedAverageShsOut": 98540152,
        "weightedAverageShsOutDil": 99174000,
        "link": "https://www.sec.gov/Archives/edgar/data/876437/000095013704003810/0000950137-04-003810-index.htm",
        "finalLink": "https://www.sec.gov/Archives/edgar/data/876437/000095013704003810/c85186e10vq.htm"
    },
    {
        "date": "2003-12-31",
        "symbol": "MTG",
        "reportedCurrency": "USD",
        "cik": "0000876437",
        "fillingDate": "2004-03-15",
        "acceptedDate": "2004-03-15 13:24:43",
        "calendarYear": "2003",
        "period": "Q4",
        "revenue": 357322000,
        "costOfRevenue": 0,
        "grossProfit": 357322000,
        "grossProfitRatio": 1,
        "researchAndDevelopmentExpenses": 0,
        "generalAndAdministrativeExpenses": 0,
        "sellingAndMarketingExpenses": 0,
        "sellingGeneralAndAdministrativeExpenses": 0,
        "otherExpenses": -238031000,
        "operatingExpenses": -238031000,
        "costAndExpenses": 312361000,
        "interestIncome": 0,
        "interestExpense": 10221000,
        "depreciationAndAmortization": 34859000,
        "ebitda": 103471000,
        "ebitdaratio": 0.2895735499,
        "operatingIncome": 119291000,
        "operatingIncomeRatio": 0.3338473422,
        "totalOtherIncomeExpensesNet": 44961000,
        "incomeBeforeTax": 44961000,
        "incomeBeforeTaxRatio": 0.1258276848,
        "incomeTaxExpense": 5207000,
        "netIncome": 103863000,
        "netIncomeRatio": 0.2906705996,
        "eps": 1.05,
        "epsdiluted": 1.05,
        "weightedAverageShsOut": 98137503,
        "weightedAverageShsOutDil": 98540152,
        "link": "https://www.sec.gov/Archives/edgar/data/876437/000095013704001855/0000950137-04-001855-index.htm",
        "finalLink": "https://www.sec.gov/Archives/edgar/data/876437/000095013704001855/c83696e10vk.htm"
    },
    {
        "date": "2003-09-30",
        "symbol": "MTG",
        "reportedCurrency": "USD",
        "cik": "0000876437",
        "fillingDate": "2003-11-13",
        "acceptedDate": "2003-11-13 15:27:08",
        "calendarYear": "2003",
        "period": "Q3",
        "revenue": 445591000,
        "costOfRevenue": 0,
        "grossProfit": 445591000,
        "grossProfitRatio": 1,
        "researchAndDevelopmentExpenses": 0,
        "generalAndAdministrativeExpenses": 0,
        "sellingAndMarketingExpenses": 0,
        "sellingGeneralAndAdministrativeExpenses": 0,
        "otherExpenses": -297526000,
        "operatingExpenses": -297526000,
        "costAndExpenses": 307717000,
        "interestIncome": 0,
        "interestExpense": 10191000,
        "depreciationAndAmortization": 5469000,
        "ebitda": 135324000,
        "ebitdaratio": 0.3036955414,
        "operatingIncome": 148065000,
        "operatingIncomeRatio": 0.3322890274,
        "totalOtherIncomeExpensesNet": 119664000,
        "incomeBeforeTax": 137874000,
        "incomeBeforeTaxRatio": 0.3094182782,
        "incomeTaxExpense": 32745000,
        "netIncome": 105129000,
        "netIncomeRatio": 0.2359316054,
        "eps": 1.07,
        "epsdiluted": 1.06,
        "weightedAverageShsOut": 98251402,
        "weightedAverageShsOutDil": 98825000,
        "link": "https://www.sec.gov/Archives/edgar/data/876437/000095013403015199/0000950134-03-015199-index.htm",
        "finalLink": "https://www.sec.gov/Archives/edgar/data/876437/000095013403015199/c80994e10vq.htm"
    },
    {
        "date": "2003-06-30",
        "symbol": "MTG",
        "reportedCurrency": "USD",
        "cik": "0000876437",
        "fillingDate": "2003-08-14",
        "acceptedDate": "2003-08-14 13:01:03",
        "calendarYear": "2003",
        "period": "Q2",
        "revenue": 459635000,
        "costOfRevenue": 0,
        "grossProfit": 459635000,
        "grossProfitRatio": 1,
        "researchAndDevelopmentExpenses": 0,
        "generalAndAdministrativeExpenses": 0,
        "sellingAndMarketingExpenses": 0,
        "sellingGeneralAndAdministrativeExpenses": 0,
        "otherExpenses": -252341000,
        "operatingExpenses": -252341000,
        "costAndExpenses": 262631000,
        "interestIncome": 0,
        "interestExpense": 10290000,
        "depreciationAndAmortization": 5698000,
        "ebitda": 185444000,
        "ebitdaratio": 0.4034592666,
        "operatingIncome": 207294000,
        "operatingIncomeRatio": 0.4509969867,
        "totalOtherIncomeExpensesNet": 169456000,
        "incomeBeforeTax": 197004000,
        "incomeBeforeTaxRatio": 0.4286096577,
        "incomeTaxExpense": 53227000,
        "netIncome": 143777000,
        "netIncomeRatio": 0.3128069011,
        "eps": 1.46,
        "epsdiluted": 1.46,
        "weightedAverageShsOut": 98477397,
        "weightedAverageShsOutDil": 98781000,
        "link": "https://www.sec.gov/Archives/edgar/data/876437/000095013403011783/0000950134-03-011783-index.htm",
        "finalLink": "https://www.sec.gov/Archives/edgar/data/876437/000095013403011783/c79106e10vq.htm"
    },
    {
        "date": "2003-03-31",
        "symbol": "MTG",
        "reportedCurrency": "USD",
        "cik": "0000876437",
        "fillingDate": "2003-05-15",
        "acceptedDate": "2003-05-15 13:19:21",
        "calendarYear": "2003",
        "period": "Q1",
        "revenue": 422863000,
        "costOfRevenue": 0,
        "grossProfit": 422863000,
        "grossProfitRatio": 1,
        "researchAndDevelopmentExpenses": 0,
        "generalAndAdministrativeExpenses": 0,
        "sellingAndMarketingExpenses": 0,
        "sellingGeneralAndAdministrativeExpenses": 0,
        "otherExpenses": -216494000,
        "operatingExpenses": -216494000,
        "costAndExpenses": 226905000,
        "interestIncome": 0,
        "interestExpense": 10411000,
        "depreciationAndAmortization": 4653000,
        "ebitda": 196656000,
        "ebitdaratio": 0.4650584232,
        "operatingIncome": 206369000,
        "operatingIncomeRatio": 0.4880280374,
        "totalOtherIncomeExpensesNet": 181592000,
        "incomeBeforeTax": 195958000,
        "incomeBeforeTaxRatio": 0.4634077704,
        "incomeTaxExpense": 54848000,
        "netIncome": 141110000,
        "netIncomeRatio": 0.3337014589,
        "eps": 1.42,
        "epsdiluted": 1.42,
        "weightedAverageShsOut": 99373239,
        "weightedAverageShsOutDil": 99624000,
        "link": "https://www.sec.gov/Archives/edgar/data/876437/000095013403008108/0000950134-03-008108-index.htm",
        "finalLink": "https://www.sec.gov/Archives/edgar/data/876437/000095013403008108/c77222e10vq.htm"
    },
    {
        "date": "2002-12-31",
        "symbol": "MTG",
        "reportedCurrency": "USD",
        "cik": "0000876437",
        "fillingDate": "2003-03-31",
        "acceptedDate": "2003-03-31 17:29:30",
        "calendarYear": "2002",
        "period": "Q4",
        "revenue": 415594000,
        "costOfRevenue": 0,
        "grossProfit": 415594000,
        "grossProfitRatio": 1,
        "researchAndDevelopmentExpenses": 0,
        "generalAndAdministrativeExpenses": 0,
        "sellingAndMarketingExpenses": 0,
        "sellingGeneralAndAdministrativeExpenses": 0,
        "otherExpenses": -213998000,
        "operatingExpenses": -213998000,
        "costAndExpenses": 224252000,
        "interestIncome": 0,
        "interestExpense": 10254000,
        "depreciationAndAmortization": 3562000,
        "ebitda": 205158000,
        "ebitdaratio": 0.4936500527,
        "operatingIncome": 201596000,
        "operatingIncomeRatio": 0.4850791879,
        "totalOtherIncomeExpensesNet": 191342000,
        "incomeBeforeTax": 191342000,
        "incomeBeforeTaxRatio": 0.4604060694,
        "incomeTaxExpense": 53844000,
        "netIncome": 137498000,
        "netIncomeRatio": 0.3308469323,
        "eps": 1.38,
        "epsdiluted": 1.38,
        "weightedAverageShsOut": 99373239,
        "weightedAverageShsOutDil": 99373239,
        "link": "https://www.sec.gov/Archives/edgar/data/876437/000089706903000392/0000897069-03-000392-index.htm",
        "finalLink": "https://www.sec.gov/Archives/edgar/data/876437/000089706903000392/sdc369.txt"
    },
    {
        "date": "2002-09-30",
        "symbol": "MTG",
        "reportedCurrency": "USD",
        "cik": "0000876437",
        "fillingDate": "2002-11-14",
        "acceptedDate": "2002-11-14 18:01:40",
        "calendarYear": "2002",
        "period": "Q3",
        "revenue": 390806000,
        "costOfRevenue": 0,
        "grossProfit": 390806000,
        "grossProfitRatio": 1,
        "researchAndDevelopmentExpenses": 0,
        "generalAndAdministrativeExpenses": 0,
        "sellingAndMarketingExpenses": 0,
        "sellingGeneralAndAdministrativeExpenses": 0,
        "otherExpenses": -165740000,
        "operatingExpenses": -165740000,
        "costAndExpenses": 175810000,
        "interestIncome": 0,
        "interestExpense": 10070000,
        "depreciationAndAmortization": 2712000,
        "ebitda": 227778000,
        "ebitdaratio": 0.5828416145,
        "operatingIncome": 225066000,
        "operatingIncomeRatio": 0.57590211,
        "totalOtherIncomeExpensesNet": 214996000,
        "incomeBeforeTax": 214996000,
        "incomeBeforeTaxRatio": 0.5501348495,
        "incomeTaxExpense": 63426000,
        "netIncome": 151570000,
        "netIncomeRatio": 0.3878394907,
        "eps": 1.47,
        "epsdiluted": 1.47,
        "weightedAverageShsOut": 103108844,
        "weightedAverageShsOutDil": 103361000,
        "link": "https://www.sec.gov/Archives/edgar/data/876437/000089706902000910/0000897069-02-000910-index.htm",
        "finalLink": "https://www.sec.gov/Archives/edgar/data/876437/000089706902000910/slp447.txt"
    },
    {
        "date": "2002-06-30",
        "symbol": "MTG",
        "reportedCurrency": "USD",
        "cik": "0000876437",
        "fillingDate": "2002-08-14",
        "acceptedDate": "2002-08-14 15:51:19",
        "calendarYear": "2002",
        "period": "Q2",
        "revenue": 383835000,
        "costOfRevenue": 0,
        "grossProfit": 383835000,
        "grossProfitRatio": 1,
        "researchAndDevelopmentExpenses": 0,
        "generalAndAdministrativeExpenses": 0,
        "sellingAndMarketingExpenses": 0,
        "sellingGeneralAndAdministrativeExpenses": 0,
        "otherExpenses": -127465000,
        "operatingExpenses": -127465000,
        "costAndExpenses": 137293000,
        "interestIncome": 0,
        "interestExpense": 9828000,
        "depreciationAndAmortization": 2935000,
        "ebitda": 12763000,
        "ebitdaratio": 0.0332512668,
        "operatingIncome": 256370000,
        "operatingIncomeRatio": 0.667917204,
        "totalOtherIncomeExpensesNet": 39037000,
        "incomeBeforeTax": 246542000,
        "incomeBeforeTaxRatio": 0.642312452,
        "incomeTaxExpense": 75606000,
        "netIncome": 170936000,
        "netIncomeRatio": 0.4453371892,
        "eps": 1.63,
        "epsdiluted": 1.61,
        "weightedAverageShsOut": 105181000,
        "weightedAverageShsOutDil": 105921000,
        "link": "https://www.sec.gov/Archives/edgar/data/876437/000089706902000598/0000897069-02-000598-index.htm",
        "finalLink": "https://www.sec.gov/Archives/edgar/data/876437/000089706902000598/sdc174a.txt"
    },
    {
        "date": "2002-03-31",
        "symbol": "MTG",
        "reportedCurrency": "USD",
        "cik": "0000876437",
        "fillingDate": "2002-05-15",
        "acceptedDate": "2002-05-15 10:33:57",
        "calendarYear": "2002",
        "period": "Q1",
        "revenue": 375568000,
        "costOfRevenue": 0,
        "grossProfit": 375568000,
        "grossProfitRatio": 1,
        "researchAndDevelopmentExpenses": 0,
        "generalAndAdministrativeExpenses": 0,
        "sellingAndMarketingExpenses": 0,
        "sellingGeneralAndAdministrativeExpenses": 0,
        "otherExpenses": -124182000,
        "operatingExpenses": -124182000,
        "costAndExpenses": 130806000,
        "interestIncome": 0,
        "interestExpense": 6624000,
        "depreciationAndAmortization": 3083000,
        "ebitda": 254469000,
        "ebitdaratio": 0.6775577259,
        "operatingIncome": 251386000,
        "operatingIncomeRatio": 0.6693488263,
        "totalOtherIncomeExpensesNet": 244762000,
        "incomeBeforeTax": 244762000,
        "incomeBeforeTaxRatio": 0.6517115409,
        "incomeTaxExpense": 75575000,
        "netIncome": 169187000,
        "netIncomeRatio": 0.4504830017,
        "eps": 1.59,
        "epsdiluted": 1.58,
        "weightedAverageShsOut": 106406918,
        "weightedAverageShsOutDil": 106931000,
        "link": "https://www.sec.gov/Archives/edgar/data/876437/000089706902000377/0000897069-02-000377-index.htm",
        "finalLink": "https://www.sec.gov/Archives/edgar/data/876437/000089706902000377/slp295.txt"
    },
    {
        "date": "2001-12-31",
        "symbol": "MTG",
        "reportedCurrency": "USD",
        "cik": "0000876437",
        "fillingDate": "2002-03-29",
        "acceptedDate": "2002-03-29 00:00:00",
        "calendarYear": "2001",
        "period": "Q4",
        "revenue": 357983000,
        "costOfRevenue": 0,
        "grossProfit": 357983000,
        "grossProfitRatio": 1,
        "researchAndDevelopmentExpenses": 0,
        "generalAndAdministrativeExpenses": 0,
        "sellingAndMarketingExpenses": 0,
        "sellingGeneralAndAdministrativeExpenses": 0,
        "otherExpenses": -117664000,
        "operatingExpenses": -117664000,
        "costAndExpenses": 124993000,
        "interestIncome": 0,
        "interestExpense": 7329000,
        "depreciationAndAmortization": 3136000,
        "ebitda": 243455000,
        "ebitdaratio": 0.6800741935,
        "operatingIncome": 240319000,
        "operatingIncomeRatio": 0.6713140009,
        "totalOtherIncomeExpensesNet": 232990000,
        "incomeBeforeTax": 232990000,
        "incomeBeforeTaxRatio": 0.6508409617,
        "incomeTaxExpense": 71987000,
        "netIncome": 161003000,
        "netIncomeRatio": 0.4497504071,
        "eps": 1.51,
        "epsdiluted": 1.51,
        "weightedAverageShsOut": 106406918,
        "weightedAverageShsOutDil": 106406918,
        "link": "https://www.sec.gov/Archives/edgar/data/876437/000089706902000249/0000897069-02-000249-index.htm",
        "finalLink": "https://www.sec.gov/Archives/edgar/data/876437/000089706902000249/slp257.txt"
    },
    {
        "date": "2001-09-30",
        "symbol": "MTG",
        "reportedCurrency": "USD",
        "cik": "0000876437",
        "fillingDate": "2001-11-13",
        "acceptedDate": "2001-11-13 00:00:00",
        "calendarYear": "2001",
        "period": "Q3",
        "revenue": 339836000,
        "costOfRevenue": 0,
        "grossProfit": 339836000,
        "grossProfitRatio": 1,
        "researchAndDevelopmentExpenses": 0,
        "generalAndAdministrativeExpenses": 0,
        "sellingAndMarketingExpenses": 0,
        "sellingGeneralAndAdministrativeExpenses": 0,
        "otherExpenses": -101785000,
        "operatingExpenses": -101785000,
        "costAndExpenses": 109389000,
        "interestIncome": 0,
        "interestExpense": 7604000,
        "depreciationAndAmortization": 2022000,
        "ebitda": 240073000,
        "ebitdaratio": 0.7064378112,
        "operatingIncome": 238051000,
        "operatingIncomeRatio": 0.7004878824,
        "totalOtherIncomeExpensesNet": 230447000,
        "incomeBeforeTax": 230447000,
        "incomeBeforeTaxRatio": 0.6781123836,
        "incomeTaxExpense": 71455000,
        "netIncome": 158992000,
        "netIncomeRatio": 0.4678491978,
        "eps": 1.48,
        "epsdiluted": 1.47,
        "weightedAverageShsOut": 107427027,
        "weightedAverageShsOutDil": 108218000,
        "link": "https://www.sec.gov/Archives/edgar/data/876437/000089706901500562/0000897069-01-500562-index.htm",
        "finalLink": "https://www.sec.gov/Archives/edgar/data/876437/000089706901500562/sdc70a.txt"
    },
    {
        "date": "2001-06-30",
        "symbol": "MTG",
        "reportedCurrency": "USD",
        "cik": "0000876437",
        "fillingDate": "2001-08-13",
        "acceptedDate": "2001-08-13 00:00:00",
        "calendarYear": "2001",
        "period": "Q2",
        "revenue": 339543000,
        "costOfRevenue": 0,
        "grossProfit": 339543000,
        "grossProfitRatio": 1,
        "researchAndDevelopmentExpenses": 0,
        "generalAndAdministrativeExpenses": 0,
        "sellingAndMarketingExpenses": 0,
        "sellingGeneralAndAdministrativeExpenses": 0,
        "otherExpenses": -94828000,
        "operatingExpenses": -94828000,
        "costAndExpenses": 101955000,
        "interestIncome": 0,
        "interestExpense": 7127000,
        "depreciationAndAmortization": 1808000,
        "ebitda": 246523000,
        "ebitdaratio": 0.726043535,
        "operatingIncome": 244715000,
        "operatingIncomeRatio": 0.7207187308,
        "totalOtherIncomeExpensesNet": 237588000,
        "incomeBeforeTax": 237588000,
        "incomeBeforeTaxRatio": 0.6997287531,
        "incomeTaxExpense": 76370000,
        "netIncome": 161218000,
        "netIncomeRatio": 0.4748087871,
        "eps": 1.51,
        "epsdiluted": 1.49,
        "weightedAverageShsOut": 106766887,
        "weightedAverageShsOutDil": 108102000,
        "link": "https://www.sec.gov/Archives/edgar/data/876437/000089706901500364/0000897069-01-500364-index.htm",
        "finalLink": "https://www.sec.gov/Archives/edgar/data/876437/000089706901500364/sdc50a.txt"
    },
    {
        "date": "2001-03-31",
        "symbol": "MTG",
        "reportedCurrency": "USD",
        "cik": "0000876437",
        "fillingDate": "2001-05-14",
        "acceptedDate": "2001-05-14 00:00:00",
        "calendarYear": "2001",
        "period": "Q1",
        "revenue": 320479000,
        "costOfRevenue": 0,
        "grossProfit": 320479000,
        "grossProfitRatio": 1,
        "researchAndDevelopmentExpenses": 0,
        "generalAndAdministrativeExpenses": 0,
        "sellingAndMarketingExpenses": 0,
        "sellingGeneralAndAdministrativeExpenses": 0,
        "otherExpenses": -81031000,
        "operatingExpenses": -81031000,
        "costAndExpenses": 89594000,
        "interestIncome": 0,
        "interestExpense": 8563000,
        "depreciationAndAmortization": 1315000,
        "ebitda": 240763000,
        "ebitdaratio": 0.7512598329,
        "operatingIncome": 239448000,
        "operatingIncomeRatio": 0.7471566,
        "totalOtherIncomeExpensesNet": 230885000,
        "incomeBeforeTax": 230885000,
        "incomeBeforeTaxRatio": 0.7204372205,
        "incomeTaxExpense": 72961000,
        "netIncome": 157924000,
        "netIncomeRatio": 0.4927748776,
        "eps": 1.48,
        "epsdiluted": 1.46,
        "weightedAverageShsOut": 106705405,
        "weightedAverageShsOutDil": 107817000,
        "link": "https://www.sec.gov/Archives/edgar/data/876437/000089706901500181/0000897069-01-500181-index.htm",
        "finalLink": "https://www.sec.gov/Archives/edgar/data/876437/000089706901500181/pdm44a.txt"
    },
    {
        "date": "2000-12-31",
        "symbol": "MTG",
        "reportedCurrency": "USD",
        "cik": "0000876437",
        "fillingDate": "2001-03-30",
        "acceptedDate": "2001-03-30 00:00:00",
        "calendarYear": "2000",
        "period": "Q4",
        "revenue": 292286000,
        "costOfRevenue": 0,
        "grossProfit": 292286000,
        "grossProfitRatio": 1,
        "researchAndDevelopmentExpenses": 0,
        "generalAndAdministrativeExpenses": 0,
        "sellingAndMarketingExpenses": 0,
        "sellingGeneralAndAdministrativeExpenses": 0,
        "otherExpenses": -92923000,
        "operatingExpenses": -92923000,
        "costAndExpenses": 100597000,
        "interestIncome": 0,
        "interestExpense": 7674000,
        "depreciationAndAmortization": 1494000,
        "ebitda": 200857000,
        "ebitdaratio": 0.6871933654,
        "operatingIncome": 199363000,
        "operatingIncomeRatio": 0.6820819334,
        "totalOtherIncomeExpensesNet": 191689000,
        "incomeBeforeTax": 191689000,
        "incomeBeforeTaxRatio": 0.6558268271,
        "incomeTaxExpense": 59368000,
        "netIncome": 132321000,
        "netIncomeRatio": 0.4527107012,
        "eps": 1.24,
        "epsdiluted": 1.24,
        "weightedAverageShsOut": 106705405,
        "weightedAverageShsOutDil": 106705405,
        "link": "https://www.sec.gov/Archives/edgar/data/876437/000089706901000264/0000897069-01-000264-index.htm",
        "finalLink": "https://www.sec.gov/Archives/edgar/data/876437/000089706901000264/0000897069-01-000264-0001.txt"
    },
    {
        "date": "2000-09-30",
        "symbol": "MTG",
        "reportedCurrency": "USD",
        "cik": "0000876437",
        "fillingDate": "2000-11-14",
        "acceptedDate": "2000-11-14 00:00:00",
        "calendarYear": "2000",
        "period": "Q3",
        "revenue": 282718000,
        "costOfRevenue": 0,
        "grossProfit": 282718000,
        "grossProfitRatio": 1,
        "researchAndDevelopmentExpenses": 0,
        "generalAndAdministrativeExpenses": 0,
        "sellingAndMarketingExpenses": 0,
        "sellingGeneralAndAdministrativeExpenses": 0,
        "otherExpenses": -61497000,
        "operatingExpenses": -61497000,
        "costAndExpenses": 68909000,
        "interestIncome": 0,
        "interestExpense": 7412000,
        "depreciationAndAmortization": 1695000,
        "ebitda": 222916000,
        "ebitdaratio": 0.7884747345,
        "operatingIncome": 221221000,
        "operatingIncomeRatio": 0.7824793611,
        "totalOtherIncomeExpensesNet": 213809000,
        "incomeBeforeTax": 213809000,
        "incomeBeforeTaxRatio": 0.756262424,
        "incomeTaxExpense": 67454000,
        "netIncome": 146355000,
        "netIncomeRatio": 0.5176713191,
        "eps": 1.38,
        "epsdiluted": 1.36,
        "weightedAverageShsOut": 106054348,
        "weightedAverageShsOutDil": 107339000,
        "link": "https://www.sec.gov/Archives/edgar/data/876437/000089706900000567/0000897069-00-000567-index.htm",
        "finalLink": "https://www.sec.gov/Archives/edgar/data/876437/000089706900000567/0000897069-00-000567-0001.txt"
    },
    {
        "date": "2000-06-30",
        "symbol": "MTG",
        "reportedCurrency": "USD",
        "cik": "0000876437",
        "fillingDate": "2000-08-14",
        "acceptedDate": "2000-08-14 00:00:00",
        "calendarYear": "2000",
        "period": "Q2",
        "revenue": 274164000,
        "costOfRevenue": 0,
        "grossProfit": 274164000,
        "grossProfitRatio": 1,
        "researchAndDevelopmentExpenses": 0,
        "generalAndAdministrativeExpenses": 0,
        "sellingAndMarketingExpenses": 0,
        "sellingGeneralAndAdministrativeExpenses": 0,
        "otherExpenses": -68738000,
        "operatingExpenses": -68738000,
        "costAndExpenses": 75790000,
        "interestIncome": 0,
        "interestExpense": 7052000,
        "depreciationAndAmortization": 1759000,
        "ebitda": 207185000,
        "ebitdaratio": 0.7556973199,
        "operatingIncome": 205426000,
        "operatingIncomeRatio": 0.749281452,
        "totalOtherIncomeExpensesNet": 198374000,
        "incomeBeforeTax": 198374000,
        "incomeBeforeTaxRatio": 0.7235596212,
        "incomeTaxExpense": 62271000,
        "netIncome": 136103000,
        "netIncomeRatio": 0.4964291446,
        "eps": 1.28,
        "epsdiluted": 1.27,
        "weightedAverageShsOut": 106330469,
        "weightedAverageShsOutDil": 106845000,
        "link": "https://www.sec.gov/Archives/edgar/data/876437/000089706900000423/0000897069-00-000423-index.htm",
        "finalLink": "https://www.sec.gov/Archives/edgar/data/876437/000089706900000423/0000897069-00-000423-0001.txt"
    },
    {
        "date": "2000-03-31",
        "symbol": "MTG",
        "reportedCurrency": "USD",
        "cik": "0000876437",
        "fillingDate": "2000-05-11",
        "acceptedDate": "2000-05-11 00:00:00",
        "calendarYear": "2000",
        "period": "Q1",
        "revenue": 261173000,
        "costOfRevenue": 0,
        "grossProfit": 261173000,
        "grossProfitRatio": 1,
        "researchAndDevelopmentExpenses": 0,
        "generalAndAdministrativeExpenses": 0,
        "sellingAndMarketingExpenses": 0,
        "sellingGeneralAndAdministrativeExpenses": 0,
        "otherExpenses": -69623000,
        "operatingExpenses": -69623000,
        "costAndExpenses": 76244000,
        "interestIncome": 0,
        "interestExpense": 6621000,
        "depreciationAndAmortization": 1912000,
        "ebitda": 193462000,
        "ebitdaratio": 0.7407427261,
        "operatingIncome": 191550000,
        "operatingIncomeRatio": 0.7334219081,
        "totalOtherIncomeExpensesNet": 184929000,
        "incomeBeforeTax": 184929000,
        "incomeBeforeTaxRatio": 0.7080708955,
        "incomeTaxExpense": 57709000,
        "netIncome": 127220000,
        "netIncomeRatio": 0.4871100765,
        "eps": 1.2,
        "epsdiluted": 1.19,
        "weightedAverageShsOut": 106016667,
        "weightedAverageShsOutDil": 106860000,
        "link": "https://www.sec.gov/Archives/edgar/data/876437/000087643700000002/0000876437-00-000002-index.html",
        "finalLink": "https://www.sec.gov/Archives/edgar/data/876437/000087643700000002/"
    },
    {
        "date": "1999-12-31",
        "symbol": "MTG",
        "reportedCurrency": "USD",
        "cik": "0000876437",
        "fillingDate": "2000-03-29",
        "acceptedDate": "2000-03-29 00:00:00",
        "calendarYear": "1999",
        "period": "Q4",
        "revenue": 249755000,
        "costOfRevenue": 0,
        "grossProfit": 249755000,
        "grossProfitRatio": 1,
        "researchAndDevelopmentExpenses": 0,
        "generalAndAdministrativeExpenses": 0,
        "sellingAndMarketingExpenses": 0,
        "sellingGeneralAndAdministrativeExpenses": 0,
        "otherExpenses": -48943000,
        "operatingExpenses": -48943000,
        "costAndExpenses": 147445000,
        "interestIncome": 0,
        "interestExpense": 5602000,
        "depreciationAndAmortization": -9054000,
        "ebitda": 191758000,
        "ebitdaratio": 0.7677844287,
        "operatingIncome": 200812000,
        "operatingIncomeRatio": 0.8040359552,
        "totalOtherIncomeExpensesNet": 480198000,
        "incomeBeforeTax": 681010000,
        "incomeBeforeTaxRatio": 2.7267121779,
        "incomeTaxExpense": 61309000,
        "netIncome": 133901000,
        "netIncomeRatio": 0.5361294068,
        "eps": 1.26,
        "epsdiluted": 1.26,
        "weightedAverageShsOut": 105863881,
        "weightedAverageShsOutDil": 106016667,
        "link": "https://www.sec.gov/Archives/edgar/data/876437/000089706900000183/0000897069-00-000183-index.html",
        "finalLink": "https://www.sec.gov/Archives/edgar/data/876437/000089706900000183/"
    },
    {
        "date": "1999-09-30",
        "symbol": "MTG",
        "reportedCurrency": "USD",
        "cik": "0000876437",
        "fillingDate": "1999-11-15",
        "acceptedDate": "1999-11-15 00:00:00",
        "calendarYear": "1999",
        "period": "Q3",
        "revenue": 250400000,
        "costOfRevenue": 0,
        "grossProfit": 250400000,
        "grossProfitRatio": 1,
        "researchAndDevelopmentExpenses": 0,
        "generalAndAdministrativeExpenses": 0,
        "sellingAndMarketingExpenses": 0,
        "sellingGeneralAndAdministrativeExpenses": 0,
        "otherExpenses": -67000000,
        "operatingExpenses": -67000000,
        "costAndExpenses": 53100000,
        "interestIncome": 0,
        "interestExpense": 4800000,
        "depreciationAndAmortization": 7900000,
        "ebitda": 12700000,
        "ebitdaratio": 0.0507188498,
        "operatingIncome": 183400000,
        "operatingIncomeRatio": 0.732428115,
        "totalOtherIncomeExpensesNet": 50400000,
        "incomeBeforeTax": 233800000,
        "incomeBeforeTaxRatio": 0.9337060703,
        "incomeTaxExpense": 55700000,
        "netIncome": 122900000,
        "netIncomeRatio": 0.4908146965,
        "eps": 1.13,
        "epsdiluted": 1.11,
        "weightedAverageShsOut": 108761062,
        "weightedAverageShsOutDil": 110720721,
        "link": "https://www.sec.gov/Archives/edgar/data/876437/000087643799000007/0000876437-99-000007-index.html",
        "finalLink": "https://www.sec.gov/Archives/edgar/data/876437/000087643799000007/"
    },
    {
        "date": "1999-06-30",
        "symbol": "MTG",
        "reportedCurrency": "USD",
        "cik": "0000876437",
        "fillingDate": "1999-08-13",
        "acceptedDate": "1999-08-13 00:00:00",
        "calendarYear": "1999",
        "period": "Q2",
        "revenue": 249900000,
        "costOfRevenue": 0,
        "grossProfit": 249900000,
        "grossProfitRatio": 1,
        "researchAndDevelopmentExpenses": 0,
        "generalAndAdministrativeExpenses": 0,
        "sellingAndMarketingExpenses": 0,
        "sellingGeneralAndAdministrativeExpenses": 0,
        "otherExpenses": -82400000,
        "operatingExpenses": -82400000,
        "costAndExpenses": 56500000,
        "interestIncome": 0,
        "interestExpense": 4600000,
        "depreciationAndAmortization": 8800000,
        "ebitda": 13400000,
        "ebitdaratio": 0.0536214486,
        "operatingIncome": 167500000,
        "operatingIncomeRatio": 0.6702681072,
        "totalOtherIncomeExpensesNet": 55100000,
        "incomeBeforeTax": 222600000,
        "incomeBeforeTaxRatio": 0.8907563025,
        "incomeTaxExpense": 50000000,
        "netIncome": 112900000,
        "netIncomeRatio": 0.4517807123,
        "eps": 1.04,
        "epsdiluted": 1.02,
        "weightedAverageShsOut": 108557692,
        "weightedAverageShsOutDil": 110686275,
        "link": "https://www.sec.gov/Archives/edgar/data/876437/000087643799000004/0000876437-99-000004-index.html",
        "finalLink": "https://www.sec.gov/Archives/edgar/data/876437/000087643799000004/"
    },
    {
        "date": "1999-03-31",
        "symbol": "MTG",
        "reportedCurrency": "USD",
        "cik": "0000876437",
        "fillingDate": "1999-05-13",
        "acceptedDate": "1999-05-13 00:00:00",
        "calendarYear": "1999",
        "period": "Q1",
        "revenue": 246700000,
        "costOfRevenue": 0,
        "grossProfit": 246700000,
        "grossProfitRatio": 1,
        "researchAndDevelopmentExpenses": 0,
        "generalAndAdministrativeExpenses": 0,
        "sellingAndMarketingExpenses": 0,
        "sellingGeneralAndAdministrativeExpenses": 0,
        "otherExpenses": -97200000,
        "operatingExpenses": -97200000,
        "costAndExpenses": 58600000,
        "interestIncome": 0,
        "interestExpense": 5400000,
        "depreciationAndAmortization": 4100000,
        "ebitda": 9500000,
        "ebitdaratio": 0.0385083097,
        "operatingIncome": 149500000,
        "operatingIncomeRatio": 0.6059991893,
        "totalOtherIncomeExpensesNet": 52700000,
        "incomeBeforeTax": 202200000,
        "incomeBeforeTaxRatio": 0.8196189704,
        "incomeTaxExpense": 43700000,
        "netIncome": 100400000,
        "netIncomeRatio": 0.4069720308,
        "eps": 0.92,
        "epsdiluted": 0.91,
        "weightedAverageShsOut": 109130435,
        "weightedAverageShsOutDil": 110329670,
        "link": "https://www.sec.gov/Archives/edgar/data/876437/000087643799000002/0000876437-99-000002-index.html",
        "finalLink": "https://www.sec.gov/Archives/edgar/data/876437/"
    },
    {
        "date": "1998-12-31",
        "symbol": "MTG",
        "reportedCurrency": "USD",
        "cik": "0000876437",
        "fillingDate": "1999-03-31",
        "acceptedDate": "1999-03-31 00:00:00",
        "calendarYear": "1998",
        "period": "Q4",
        "revenue": 248766000,
        "costOfRevenue": 0,
        "grossProfit": 248766000,
        "grossProfitRatio": 1,
        "researchAndDevelopmentExpenses": 0,
        "generalAndAdministrativeExpenses": 0,
        "sellingAndMarketingExpenses": 0,
        "sellingGeneralAndAdministrativeExpenses": 0,
        "otherExpenses": -99957000,
        "operatingExpenses": -99957000,
        "costAndExpenses": 267481000,
        "interestIncome": 0,
        "interestExpense": 6224000,
        "depreciationAndAmortization": 2242000,
        "ebitda": 151051000,
        "ebitdaratio": 0.6072011449,
        "operatingIncome": 148809000,
        "operatingIncomeRatio": 0.5981886592,
        "totalOtherIncomeExpensesNet": 405776000,
        "incomeBeforeTax": 554585000,
        "incomeBeforeTaxRatio": 2.2293440422,
        "incomeTaxExpense": 42920000,
        "netIncome": 99665000,
        "netIncomeRatio": 0.4006375469,
        "eps": 0.91,
        "epsdiluted": 0.91,
        "weightedAverageShsOut": 107977021,
        "weightedAverageShsOutDil": 109130435,
        "link": "https://www.sec.gov/Archives/edgar/data/876437/000089706999000196/0000897069-99-000196-index.html",
        "finalLink": "https://www.sec.gov/Archives/edgar/data/876437/"
    },
    {
        "date": "1998-09-30",
        "symbol": "MTG",
        "reportedCurrency": "USD",
        "cik": "0000876437",
        "fillingDate": "1998-11-13",
        "acceptedDate": "1998-11-13 00:00:00",
        "calendarYear": "1998",
        "period": "Q3",
        "revenue": 240900000,
        "costOfRevenue": 0,
        "grossProfit": 240900000,
        "grossProfitRatio": 1,
        "researchAndDevelopmentExpenses": 0,
        "generalAndAdministrativeExpenses": 0,
        "sellingAndMarketingExpenses": 0,
        "sellingGeneralAndAdministrativeExpenses": 0,
        "otherExpenses": -97200000,
        "operatingExpenses": -97200000,
        "costAndExpenses": 51800000,
        "interestIncome": 0,
        "interestExpense": 5300000,
        "depreciationAndAmortization": -9200000,
        "ebitda": 12500000,
        "ebitdaratio": 0.0518887505,
        "operatingIncome": 143700000,
        "operatingIncomeRatio": 0.596513076,
        "totalOtherIncomeExpensesNet": 49800000,
        "incomeBeforeTax": 193500000,
        "incomeBeforeTaxRatio": 0.803237858,
        "incomeTaxExpense": 41900000,
        "netIncome": 96500000,
        "netIncomeRatio": 0.400581154,
        "eps": 0.87,
        "epsdiluted": 0.86,
        "weightedAverageShsOut": 110919540,
        "weightedAverageShsOutDil": 112209302,
        "link": "https://www.sec.gov/Archives/edgar/data/876437/000087643798000009/0000876437-98-000009-index.html",
        "finalLink": "https://www.sec.gov/Archives/edgar/data/876437/"
    },
    {
        "date": "1998-06-30",
        "symbol": "MTG",
        "reportedCurrency": "USD",
        "cik": "0000876437",
        "fillingDate": "1998-08-14",
        "acceptedDate": "1998-08-14 00:00:00",
        "calendarYear": "1998",
        "period": "Q2",
        "revenue": 238000000,
        "costOfRevenue": 0,
        "grossProfit": 238000000,
        "grossProfitRatio": 1,
        "researchAndDevelopmentExpenses": 0,
        "generalAndAdministrativeExpenses": 0,
        "sellingAndMarketingExpenses": 0,
        "sellingGeneralAndAdministrativeExpenses": 0,
        "otherExpenses": -97100000,
        "operatingExpenses": -97100000,
        "costAndExpenses": 49000000,
        "interestIncome": 0,
        "interestExpense": 3500000,
        "depreciationAndAmortization": 8200000,
        "ebitda": 11800000,
        "ebitdaratio": 0.0495798319,
        "operatingIncome": 140900000,
        "operatingIncomeRatio": 0.5920168067,
        "totalOtherIncomeExpensesNet": 48800000,
        "incomeBeforeTax": 189700000,
        "incomeBeforeTaxRatio": 0.7970588235,
        "incomeTaxExpense": 42200000,
        "netIncome": 95200000,
        "netIncomeRatio": 0.4,
        "eps": 0.83,
        "epsdiluted": 0.82,
        "weightedAverageShsOut": 114698795,
        "weightedAverageShsOutDil": 116097561,
        "link": "https://www.sec.gov/Archives/edgar/data/876437/000087643798000007/0000876437-98-000007-index.html",
        "finalLink": "https://www.sec.gov/Archives/edgar/data/876437/"
    },
    {
        "date": "1998-03-31",
        "symbol": "MTG",
        "reportedCurrency": "USD",
        "cik": "0000876437",
        "fillingDate": "1998-05-15",
        "acceptedDate": "1998-05-15 00:00:00",
        "calendarYear": "1998",
        "period": "Q1",
        "revenue": 244000000,
        "costOfRevenue": 0,
        "grossProfit": 244000000,
        "grossProfitRatio": 1,
        "researchAndDevelopmentExpenses": 0,
        "generalAndAdministrativeExpenses": 0,
        "sellingAndMarketingExpenses": 0,
        "sellingGeneralAndAdministrativeExpenses": 0,
        "otherExpenses": -104400000,
        "operatingExpenses": -104400000,
        "costAndExpenses": 48800000,
        "interestIncome": 0,
        "interestExpense": 3600000,
        "depreciationAndAmortization": 6500000,
        "ebitda": 10100000,
        "ebitdaratio": 0.0413934426,
        "operatingIncome": 139600000,
        "operatingIncomeRatio": 0.5721311475,
        "totalOtherIncomeExpensesNet": 54200000,
        "incomeBeforeTax": 193800000,
        "incomeBeforeTaxRatio": 0.7942622951,
        "incomeTaxExpense": 42000000,
        "netIncome": 94000000,
        "netIncomeRatio": 0.3852459016,
        "eps": 0.83,
        "epsdiluted": 0.81,
        "weightedAverageShsOut": 113253012,
        "weightedAverageShsOutDil": 116049383,
        "link": "https://www.sec.gov/Archives/edgar/data/876437/000087643798000003/0000876437-98-000003-index.html",
        "finalLink": "https://www.sec.gov/Archives/edgar/data/876437/"
    },
    {
        "date": "1997-12-31",
        "symbol": "MTG",
        "reportedCurrency": "USD",
        "cik": "0000876437",
        "fillingDate": "1998-03-30",
        "acceptedDate": "1998-03-30 00:00:00",
        "calendarYear": "1997",
        "period": "Q4",
        "revenue": 228472000,
        "costOfRevenue": 0,
        "grossProfit": 228472000,
        "grossProfitRatio": 1,
        "researchAndDevelopmentExpenses": 0,
        "generalAndAdministrativeExpenses": 0,
        "sellingAndMarketingExpenses": 0,
        "sellingGeneralAndAdministrativeExpenses": 0,
        "otherExpenses": -100600000,
        "operatingExpenses": -100600000,
        "costAndExpenses": 284099000,
        "interestIncome": 0,
        "interestExpense": 3599000,
        "depreciationAndAmortization": -17213000,
        "ebitda": 110659000,
        "ebitdaratio": 0.4843438146,
        "operatingIncome": 127872000,
        "operatingIncomeRatio": 0.5596834623,
        "totalOtherIncomeExpensesNet": 337501000,
        "incomeBeforeTax": 465373000,
        "incomeBeforeTaxRatio": 2.0368929234,
        "incomeTaxExpense": 37723000,
        "netIncome": 86550000,
        "netIncomeRatio": 0.3788210372,
        "eps": 0.76,
        "epsdiluted": 0.76,
        "weightedAverageShsOut": 113253012,
        "weightedAverageShsOutDil": 113253012,
        "link": "https://www.sec.gov/Archives/edgar/data/876437/000089706998000174/0000897069-98-000174-index.html",
        "finalLink": "https://www.sec.gov/Archives/edgar/data/876437/"
    },
    {
        "date": "1997-09-30",
        "symbol": "MTG",
        "reportedCurrency": "USD",
        "cik": "0000876437",
        "fillingDate": "1997-11-14",
        "acceptedDate": "1997-11-14 00:00:00",
        "calendarYear": "1997",
        "period": "Q3",
        "revenue": 223800000,
        "costOfRevenue": 0,
        "grossProfit": 223800000,
        "grossProfitRatio": 1,
        "researchAndDevelopmentExpenses": 0,
        "generalAndAdministrativeExpenses": 0,
        "sellingAndMarketingExpenses": 0,
        "sellingGeneralAndAdministrativeExpenses": 0,
        "otherExpenses": -99700000,
        "operatingExpenses": -99700000,
        "costAndExpenses": 42400000,
        "interestIncome": 0,
        "interestExpense": 2500000,
        "depreciationAndAmortization": 21300000,
        "ebitda": 23800000,
        "ebitdaratio": 0.1063449508,
        "operatingIncome": 124100000,
        "operatingIncomeRatio": 0.554512958,
        "totalOtherIncomeExpensesNet": 43300000,
        "incomeBeforeTax": 167400000,
        "incomeBeforeTaxRatio": 0.7479892761,
        "incomeTaxExpense": 37400000,
        "netIncome": 84200000,
        "netIncomeRatio": 0.3762287757,
        "eps": 0.73,
        "epsdiluted": 0.72,
        "weightedAverageShsOut": 115342466,
        "weightedAverageShsOutDil": 116944444,
        "link": "https://www.sec.gov/Archives/edgar/data/876437/000087643797000007/0000876437-97-000007-index.html",
        "finalLink": "https://www.sec.gov/Archives/edgar/data/876437/"
    },
    {
        "date": "1997-06-30",
        "symbol": "MTG",
        "reportedCurrency": "USD",
        "cik": "0000876437",
        "fillingDate": "1997-08-14",
        "acceptedDate": "1997-08-14 00:00:00",
        "calendarYear": "1997",
        "period": "Q2",
        "revenue": 210900000,
        "costOfRevenue": 0,
        "grossProfit": 210900000,
        "grossProfitRatio": 1,
        "researchAndDevelopmentExpenses": 0,
        "generalAndAdministrativeExpenses": 0,
        "sellingAndMarketingExpenses": 0,
        "sellingGeneralAndAdministrativeExpenses": 0,
        "otherExpenses": -95300000,
        "operatingExpenses": -95300000,
        "costAndExpenses": 37900000,
        "interestIncome": 0,
        "interestExpense": 0,
        "depreciationAndAmortization": -5200000,
        "ebitda": 0,
        "ebitdaratio": 0,
        "operatingIncome": 115600000,
        "operatingIncomeRatio": 0.5481270744,
        "totalOtherIncomeExpensesNet": 0,
        "incomeBeforeTax": 153000000,
        "incomeBeforeTaxRatio": 0.7254623044,
        "incomeTaxExpense": 35000000,
        "netIncome": 80600000,
        "netIncomeRatio": 0.3821716453,
        "eps": 0.68,
        "epsdiluted": 0.67,
        "weightedAverageShsOut": 118529412,
        "weightedAverageShsOutDil": 120298507,
        "link": "https://www.sec.gov/Archives/edgar/data/876437/000087643797000004/0000876437-97-000004-index.html",
        "finalLink": "https://www.sec.gov/Archives/edgar/data/876437/"
    },
    {
        "date": "1997-03-31",
        "symbol": "MTG",
        "reportedCurrency": "USD",
        "cik": "0000876437",
        "fillingDate": "1997-05-14",
        "acceptedDate": "1997-05-14 00:00:00",
        "calendarYear": "1997",
        "period": "Q1",
        "revenue": 205100000,
        "costOfRevenue": 0,
        "grossProfit": 205100000,
        "grossProfitRatio": 1,
        "researchAndDevelopmentExpenses": 0,
        "generalAndAdministrativeExpenses": 0,
        "sellingAndMarketingExpenses": 0,
        "sellingGeneralAndAdministrativeExpenses": 0,
        "otherExpenses": -100900000,
        "operatingExpenses": -100900000,
        "costAndExpenses": 38500000,
        "interestIncome": 0,
        "interestExpense": 300000,
        "depreciationAndAmortization": 9300000,
        "ebitda": 9600000,
        "ebitdaratio": 0.0468064359,
        "operatingIncome": 104200000,
        "operatingIncomeRatio": 0.5080448562,
        "totalOtherIncomeExpensesNet": 34800000,
        "incomeBeforeTax": 139000000,
        "incomeBeforeTaxRatio": 0.6777181863,
        "incomeTaxExpense": 31500000,
        "netIncome": 72400000,
        "netIncomeRatio": 0.3529985373,
        "eps": 0.61,
        "epsdiluted": 0.61,
        "weightedAverageShsOut": 118688525,
        "weightedAverageShsOutDil": 118688525,
        "link": "https://www.sec.gov/Archives/edgar/data/876437/000087643797000002/0000876437-97-000002-index.html",
        "finalLink": "https://www.sec.gov/Archives/edgar/data/876437/"
    },
    {
        "date": "1996-12-31",
        "symbol": "MTG",
        "reportedCurrency": "USD",
        "cik": "0000876437",
        "fillingDate": "1997-03-21",
        "acceptedDate": "1997-03-21 00:00:00",
        "calendarYear": "1996",
        "period": "Q4",
        "revenue": 199031000,
        "costOfRevenue": 0,
        "grossProfit": 199031000,
        "grossProfitRatio": 1,
        "researchAndDevelopmentExpenses": 0,
        "generalAndAdministrativeExpenses": 0,
        "sellingAndMarketingExpenses": 0,
        "sellingGeneralAndAdministrativeExpenses": 0,
        "otherExpenses": -96110000,
        "operatingExpenses": -96110000,
        "costAndExpenses": 268103000,
        "interestIncome": 0,
        "interestExpense": 993000,
        "depreciationAndAmortization": -21231000,
        "ebitda": 81690000,
        "ebitdaratio": 0.4104385749,
        "operatingIncome": 102921000,
        "operatingIncomeRatio": 0.5171103999,
        "totalOtherIncomeExpensesNet": 262107000,
        "incomeBeforeTax": 365028000,
        "incomeBeforeTaxRatio": 1.8340258553,
        "incomeTaxExpense": 30837000,
        "netIncome": 71091000,
        "netIncomeRatio": 0.3571855641,
        "eps": 0.6,
        "epsdiluted": 0.6,
        "weightedAverageShsOut": 118688525,
        "weightedAverageShsOutDil": 118688525,
        "link": "https://www.sec.gov/Archives/edgar/data/876437/000089706997000133/0000897069-97-000133-index.html",
        "finalLink": "https://www.sec.gov/Archives/edgar/data/876437/"
    },
    {
        "date": "1996-09-30",
        "symbol": "MTG",
        "reportedCurrency": "USD",
        "cik": "0000876437",
        "fillingDate": "1996-11-13",
        "acceptedDate": "1996-11-13 00:00:00",
        "calendarYear": "1996",
        "period": "Q3",
        "revenue": 189700000,
        "costOfRevenue": 0,
        "grossProfit": 189700000,
        "grossProfitRatio": 1,
        "researchAndDevelopmentExpenses": 0,
        "generalAndAdministrativeExpenses": 0,
        "sellingAndMarketingExpenses": 0,
        "sellingGeneralAndAdministrativeExpenses": 0,
        "otherExpenses": -95700000,
        "operatingExpenses": -95700000,
        "costAndExpenses": 37400000,
        "interestIncome": 0,
        "interestExpense": 1000000,
        "depreciationAndAmortization": 25700000,
        "ebitda": 26700000,
        "ebitdaratio": 0.1407485503,
        "operatingIncome": 94000000,
        "operatingIncomeRatio": 0.4955192409,
        "totalOtherIncomeExpensesNet": 32900000,
        "incomeBeforeTax": 126900000,
        "incomeBeforeTaxRatio": 0.6689509752,
        "incomeTaxExpense": 27200000,
        "netIncome": 65800000,
        "netIncomeRatio": 0.3468634686,
        "eps": 0.56,
        "epsdiluted": 0.55,
        "weightedAverageShsOut": 117500000,
        "weightedAverageShsOutDil": 119636364,
        "link": "https://www.sec.gov/Archives/edgar/data/876437/000087643796000027/0000876437-96-000027-index.html",
        "finalLink": "https://www.sec.gov/Archives/edgar/data/876437/"
    },
    {
        "date": "1996-06-30",
        "symbol": "MTG",
        "reportedCurrency": "USD",
        "cik": "0000876437",
        "fillingDate": "1996-08-09",
        "acceptedDate": "1996-08-09 00:00:00",
        "calendarYear": "1996",
        "period": "Q2",
        "revenue": 182300000,
        "costOfRevenue": 0,
        "grossProfit": 182300000,
        "grossProfitRatio": 1,
        "researchAndDevelopmentExpenses": 0,
        "generalAndAdministrativeExpenses": 0,
        "sellingAndMarketingExpenses": 0,
        "sellingGeneralAndAdministrativeExpenses": 0,
        "otherExpenses": -93200000,
        "operatingExpenses": -93200000,
        "costAndExpenses": 38500000,
        "interestIncome": 0,
        "interestExpense": 900000,
        "depreciationAndAmortization": -5500000,
        "ebitda": -4600000,
        "ebitdaratio": -0.0252331322,
        "operatingIncome": 89100000,
        "operatingIncomeRatio": 0.4887547998,
        "totalOtherIncomeExpensesNet": 31600000,
        "incomeBeforeTax": 120700000,
        "incomeBeforeTaxRatio": 0.6620954471,
        "incomeTaxExpense": 25500000,
        "netIncome": 62700000,
        "netIncomeRatio": 0.3439385628,
        "eps": 0.53,
        "epsdiluted": 0.53,
        "weightedAverageShsOut": 118301887,
        "weightedAverageShsOutDil": 118301887,
        "link": "https://www.sec.gov/Archives/edgar/data/876437/000087643796000024/0000876437-96-000024-index.html",
        "finalLink": "https://www.sec.gov/Archives/edgar/data/876437/"
    },
    {
        "date": "1996-03-31",
        "symbol": "MTG",
        "reportedCurrency": "USD",
        "cik": "0000876437",
        "fillingDate": "1996-05-10",
        "acceptedDate": "1996-05-10 00:00:00",
        "calendarYear": "1996",
        "period": "Q1",
        "revenue": 174600000,
        "costOfRevenue": 0,
        "grossProfit": 174600000,
        "grossProfitRatio": 1,
        "researchAndDevelopmentExpenses": 0,
        "generalAndAdministrativeExpenses": 0,
        "sellingAndMarketingExpenses": 0,
        "sellingGeneralAndAdministrativeExpenses": 0,
        "otherExpenses": -91700000,
        "operatingExpenses": -91700000,
        "costAndExpenses": 36600000,
        "interestIncome": 0,
        "interestExpense": 900000,
        "depreciationAndAmortization": 10000000,
        "ebitda": 10900000,
        "ebitdaratio": 0.0624284078,
        "operatingIncome": 82900000,
        "operatingIncomeRatio": 0.4747995418,
        "totalOtherIncomeExpensesNet": 30000000,
        "incomeBeforeTax": 112900000,
        "incomeBeforeTaxRatio": 0.6466208477,
        "incomeTaxExpense": 23500000,
        "netIncome": 58500000,
        "netIncomeRatio": 0.3350515464,
        "eps": 0.5,
        "epsdiluted": 0.49,
        "weightedAverageShsOut": 117000000,
        "weightedAverageShsOutDil": 119387755,
        "link": "https://www.sec.gov/Archives/edgar/data/876437/000087643796000021/0000876437-96-000021-index.html",
        "finalLink": "https://www.sec.gov/Archives/edgar/data/876437/"
    },
    {
        "date": "1995-12-31",
        "symbol": "MTG",
        "reportedCurrency": "USD",
        "cik": "0000876437",
        "fillingDate": "1995-12-31",
        "acceptedDate": "1995-12-30 19:00:00",
        "calendarYear": "1995",
        "period": "Q4",
        "revenue": 169800000,
        "costOfRevenue": 0,
        "grossProfit": 169800000,
        "grossProfitRatio": 1,
        "researchAndDevelopmentExpenses": 0,
        "generalAndAdministrativeExpenses": 0,
        "sellingAndMarketingExpenses": 0,
        "sellingGeneralAndAdministrativeExpenses": 0,
        "otherExpenses": -86000000,
        "operatingExpenses": -86000000,
        "costAndExpenses": -102400000,
        "interestIncome": 0,
        "interestExpense": 900000,
        "depreciationAndAmortization": 31900000,
        "ebitda": 32800000,
        "ebitdaratio": 0.1931684335,
        "operatingIncome": 83800000,
        "operatingIncomeRatio": 0.4935217903,
        "totalOtherIncomeExpensesNet": 30700000,
        "incomeBeforeTax": 114500000,
        "incomeBeforeTaxRatio": 0.6743227326,
        "incomeTaxExpense": 24100000,
        "netIncome": 58800000,
        "netIncomeRatio": 0.3462897527,
        "eps": 0.49,
        "epsdiluted": 0.49,
        "weightedAverageShsOut": 119333333,
        "weightedAverageShsOutDil": 119333333,
        "link": "",
        "finalLink": ""
    },
    {
        "date": "1995-09-30",
        "symbol": "MTG",
        "reportedCurrency": "USD",
        "cik": "0000876437",
        "fillingDate": "1995-09-30",
        "acceptedDate": "1995-09-29 20:00:00",
        "calendarYear": "1995",
        "period": "Q3",
        "revenue": 159300000,
        "costOfRevenue": 0,
        "grossProfit": 159300000,
        "grossProfitRatio": 1,
        "researchAndDevelopmentExpenses": 0,
        "generalAndAdministrativeExpenses": 0,
        "sellingAndMarketingExpenses": 0,
        "sellingGeneralAndAdministrativeExpenses": 0,
        "otherExpenses": -82300000,
        "operatingExpenses": -82300000,
        "costAndExpenses": 34900000,
        "interestIncome": 0,
        "interestExpense": 1000000,
        "depreciationAndAmortization": -17400000,
        "ebitda": -16400000,
        "ebitdaratio": -0.102950408,
        "operatingIncome": 77000000,
        "operatingIncomeRatio": 0.4833647207,
        "totalOtherIncomeExpensesNet": 28700000,
        "incomeBeforeTax": 105700000,
        "incomeBeforeTaxRatio": 0.6635279347,
        "incomeTaxExpense": 22300000,
        "netIncome": 53700000,
        "netIncomeRatio": 0.3370998117,
        "eps": 0.45,
        "epsdiluted": 0.45,
        "weightedAverageShsOut": 119333333,
        "weightedAverageShsOutDil": 119333333,
        "link": "",
        "finalLink": ""
    },
    {
        "date": "1995-06-30",
        "symbol": "MTG",
        "reportedCurrency": "USD",
        "cik": "0000876437",
        "fillingDate": "1995-06-30",
        "acceptedDate": "1995-06-29 20:00:00",
        "calendarYear": "1995",
        "period": "Q2",
        "revenue": 148600000,
        "costOfRevenue": 0,
        "grossProfit": 148600000,
        "grossProfitRatio": 1,
        "researchAndDevelopmentExpenses": 0,
        "generalAndAdministrativeExpenses": 0,
        "sellingAndMarketingExpenses": 0,
        "sellingGeneralAndAdministrativeExpenses": 0,
        "otherExpenses": -77700000,
        "operatingExpenses": -77700000,
        "costAndExpenses": 36100000,
        "interestIncome": 0,
        "interestExpense": 1000000,
        "depreciationAndAmortization": 22900000,
        "ebitda": 23900000,
        "ebitdaratio": 0.1608344549,
        "operatingIncome": 70900000,
        "operatingIncomeRatio": 0.4771197847,
        "totalOtherIncomeExpensesNet": 26200000,
        "incomeBeforeTax": 97100000,
        "incomeBeforeTaxRatio": 0.6534320323,
        "incomeTaxExpense": 20000000,
        "netIncome": 49900000,
        "netIncomeRatio": 0.3358008075,
        "eps": 0.42,
        "epsdiluted": 0.42,
        "weightedAverageShsOut": 118809524,
        "weightedAverageShsOutDil": 118809524,
        "link": "",
        "finalLink": ""
    },
    {
        "date": "1995-03-31",
        "symbol": "MTG",
        "reportedCurrency": "USD",
        "cik": "0000876437",
        "fillingDate": "1995-03-31",
        "acceptedDate": "1995-03-30 19:00:00",
        "calendarYear": "1995",
        "period": "Q1",
        "revenue": 140200000,
        "costOfRevenue": 0,
        "grossProfit": 140200000,
        "grossProfitRatio": 1,
        "researchAndDevelopmentExpenses": 0,
        "generalAndAdministrativeExpenses": 0,
        "sellingAndMarketingExpenses": 0,
        "sellingGeneralAndAdministrativeExpenses": 0,
        "otherExpenses": -76700000,
        "operatingExpenses": -76700000,
        "costAndExpenses": 35200000,
        "interestIncome": 0,
        "interestExpense": 900000,
        "depreciationAndAmortization": 900000,
        "ebitda": 1800000,
        "ebitdaratio": 0.0128388017,
        "operatingIncome": 63500000,
        "operatingIncomeRatio": 0.4529243937,
        "totalOtherIncomeExpensesNet": 25800000,
        "incomeBeforeTax": 89300000,
        "incomeBeforeTaxRatio": 0.6369472183,
        "incomeTaxExpense": 17400000,
        "netIncome": 45200000,
        "netIncomeRatio": 0.3223965763,
        "eps": 0.38,
        "epsdiluted": 0.38,
        "weightedAverageShsOut": 118947368,
        "weightedAverageShsOutDil": 118947368,
        "link": "",
        "finalLink": ""
    },
    {
        "date": "1994-12-31",
        "symbol": "MTG",
        "reportedCurrency": "USD",
        "cik": "0000876437",
        "fillingDate": "1994-12-31",
        "acceptedDate": "1994-12-30 19:00:00",
        "calendarYear": "1994",
        "period": "Q4",
        "revenue": 133300000,
        "costOfRevenue": 0,
        "grossProfit": 133300000,
        "grossProfitRatio": 1,
        "researchAndDevelopmentExpenses": 0,
        "generalAndAdministrativeExpenses": 0,
        "sellingAndMarketingExpenses": 0,
        "sellingGeneralAndAdministrativeExpenses": 0,
        "otherExpenses": -69500000,
        "operatingExpenses": -69500000,
        "costAndExpenses": -103100000,
        "interestIncome": 0,
        "interestExpense": 1000000,
        "depreciationAndAmortization": -26300000,
        "ebitda": -25300000,
        "ebitdaratio": -0.1897974494,
        "operatingIncome": 63800000,
        "operatingIncomeRatio": 0.4786196549,
        "totalOtherIncomeExpensesNet": 24500000,
        "incomeBeforeTax": 88300000,
        "incomeBeforeTaxRatio": 0.6624156039,
        "incomeTaxExpense": 17000000,
        "netIncome": 45800000,
        "netIncomeRatio": 0.3435858965,
        "eps": 0.39,
        "epsdiluted": 0.39,
        "weightedAverageShsOut": 116944444,
        "weightedAverageShsOutDil": 116944444,
        "link": "",
        "finalLink": ""
    },
    {
        "date": "1994-09-30",
        "symbol": "MTG",
        "reportedCurrency": "USD",
        "cik": "0000876437",
        "fillingDate": "1994-09-30",
        "acceptedDate": "1994-09-29 20:00:00",
        "calendarYear": "1994",
        "period": "Q3",
        "revenue": 127900000,
        "costOfRevenue": 0,
        "grossProfit": 127900000,
        "grossProfitRatio": 1,
        "researchAndDevelopmentExpenses": 0,
        "generalAndAdministrativeExpenses": 0,
        "sellingAndMarketingExpenses": 0,
        "sellingGeneralAndAdministrativeExpenses": 0,
        "otherExpenses": -69600000,
        "operatingExpenses": -69600000,
        "costAndExpenses": 34000000,
        "interestIncome": 0,
        "interestExpense": 1000000,
        "depreciationAndAmortization": 7300000,
        "ebitda": 8300000,
        "ebitdaratio": 0.0648944488,
        "operatingIncome": 58300000,
        "operatingIncomeRatio": 0.4558248632,
        "totalOtherIncomeExpensesNet": 23900000,
        "incomeBeforeTax": 82200000,
        "incomeBeforeTaxRatio": 0.6426896013,
        "incomeTaxExpense": 15200000,
        "netIncome": 42100000,
        "netIncomeRatio": 0.3291634089,
        "eps": 0.36,
        "epsdiluted": 0.36,
        "weightedAverageShsOut": 116944444,
        "weightedAverageShsOutDil": 116944444,
        "link": "",
        "finalLink": ""
    },
    {
        "date": "1994-06-30",
        "symbol": "MTG",
        "reportedCurrency": "USD",
        "cik": "0000876437",
        "fillingDate": "1994-06-30",
        "acceptedDate": "1994-06-29 20:00:00",
        "calendarYear": "1994",
        "period": "Q2",
        "revenue": 123000000,
        "costOfRevenue": 0,
        "grossProfit": 123000000,
        "grossProfitRatio": 1,
        "researchAndDevelopmentExpenses": 0,
        "generalAndAdministrativeExpenses": 0,
        "sellingAndMarketingExpenses": 0,
        "sellingGeneralAndAdministrativeExpenses": 0,
        "otherExpenses": -69900000,
        "operatingExpenses": -69900000,
        "costAndExpenses": 36100000,
        "interestIncome": 0,
        "interestExpense": 1000000,
        "depreciationAndAmortization": 10900000,
        "ebitda": 11900000,
        "ebitdaratio": 0.0967479675,
        "operatingIncome": 53100000,
        "operatingIncomeRatio": 0.4317073171,
        "totalOtherIncomeExpensesNet": 24400000,
        "incomeBeforeTax": 77500000,
        "incomeBeforeTaxRatio": 0.6300813008,
        "incomeTaxExpense": 13600000,
        "netIncome": 38500000,
        "netIncomeRatio": 0.3130081301,
        "eps": 0.33,
        "epsdiluted": 0.33,
        "weightedAverageShsOut": 116666667,
        "weightedAverageShsOutDil": 116666667,
        "link": "",
        "finalLink": ""
    },
    {
        "date": "1994-03-31",
        "symbol": "MTG",
        "reportedCurrency": "USD",
        "cik": "0000876437",
        "fillingDate": "1994-03-31",
        "acceptedDate": "1994-03-30 19:00:00",
        "calendarYear": "1994",
        "period": "Q1",
        "revenue": 118000000,
        "costOfRevenue": 0,
        "grossProfit": 118000000,
        "grossProfitRatio": 1,
        "researchAndDevelopmentExpenses": 0,
        "generalAndAdministrativeExpenses": 0,
        "sellingAndMarketingExpenses": 0,
        "sellingGeneralAndAdministrativeExpenses": 0,
        "otherExpenses": -72000000,
        "operatingExpenses": -72000000,
        "costAndExpenses": 37000000,
        "interestIncome": 0,
        "interestExpense": 1000000,
        "depreciationAndAmortization": 10700000,
        "ebitda": 11700000,
        "ebitdaratio": 0.0991525424,
        "operatingIncome": 46000000,
        "operatingIncomeRatio": 0.3898305085,
        "totalOtherIncomeExpensesNet": 25400000,
        "incomeBeforeTax": 71400000,
        "incomeBeforeTaxRatio": 0.6050847458,
        "incomeTaxExpense": 11800000,
        "netIncome": 33200000,
        "netIncomeRatio": 0.2813559322,
        "eps": 0.28,
        "epsdiluted": 0.28,
        "weightedAverageShsOut": 118571429,
        "weightedAverageShsOutDil": 118571429,
        "link": "",
        "finalLink": ""
    },
    {
        "date": "1993-12-31",
        "symbol": "MTG",
        "reportedCurrency": "USD",
        "cik": "0000876437",
        "fillingDate": "1993-12-31",
        "acceptedDate": "1993-12-30 19:00:00",
        "calendarYear": "1993",
        "period": "Q4",
        "revenue": 109700000,
        "costOfRevenue": 0,
        "grossProfit": 109700000,
        "grossProfitRatio": 1,
        "researchAndDevelopmentExpenses": 0,
        "generalAndAdministrativeExpenses": 0,
        "sellingAndMarketingExpenses": 0,
        "sellingGeneralAndAdministrativeExpenses": 0,
        "otherExpenses": -59200000,
        "operatingExpenses": -59200000,
        "costAndExpenses": 1000000,
        "interestIncome": 0,
        "interestExpense": 1000000,
        "depreciationAndAmortization": 500000,
        "ebitda": 1500000,
        "ebitdaratio": 0.0136736554,
        "operatingIncome": 50500000,
        "operatingIncomeRatio": 0.4603463993,
        "totalOtherIncomeExpensesNet": 25600000,
        "incomeBeforeTax": 76100000,
        "incomeBeforeTaxRatio": 0.6937101185,
        "incomeTaxExpense": 13300000,
        "netIncome": 36200000,
        "netIncomeRatio": 0.3299908842,
        "eps": 0.31,
        "epsdiluted": 0.31,
        "weightedAverageShsOut": 116551724,
        "weightedAverageShsOutDil": 116551724,
        "link": "",
        "finalLink": ""
    },
    {
        "date": "1993-09-30",
        "symbol": "MTG",
        "reportedCurrency": "USD",
        "cik": "0000876437",
        "fillingDate": "1993-09-30",
        "acceptedDate": "1993-09-29 20:00:00",
        "calendarYear": "1993",
        "period": "Q3",
        "revenue": 105100000,
        "costOfRevenue": 0,
        "grossProfit": 105100000,
        "grossProfitRatio": 1,
        "researchAndDevelopmentExpenses": 0,
        "generalAndAdministrativeExpenses": 0,
        "sellingAndMarketingExpenses": 0,
        "sellingGeneralAndAdministrativeExpenses": 0,
        "otherExpenses": -54700000,
        "operatingExpenses": -54700000,
        "costAndExpenses": 1000000,
        "interestIncome": 0,
        "interestExpense": 1000000,
        "depreciationAndAmortization": -17400000,
        "ebitda": -16400000,
        "ebitdaratio": -0.1560418649,
        "operatingIncome": 50400000,
        "operatingIncomeRatio": 0.4795432921,
        "totalOtherIncomeExpensesNet": 27300000,
        "incomeBeforeTax": 77700000,
        "incomeBeforeTaxRatio": 0.7392959087,
        "incomeTaxExpense": 15600000,
        "netIncome": 33800000,
        "netIncomeRatio": 0.3215984776,
        "eps": 0.29,
        "epsdiluted": 0.29,
        "weightedAverageShsOut": 116551724,
        "weightedAverageShsOutDil": 116551724,
        "link": "",
        "finalLink": ""
    },
    {
        "date": "1993-06-30",
        "symbol": "MTG",
        "reportedCurrency": "USD",
        "cik": "0000876437",
        "fillingDate": "1993-06-30",
        "acceptedDate": "1993-06-29 20:00:00",
        "calendarYear": "1993",
        "period": "Q2",
        "revenue": 98000000,
        "costOfRevenue": 0,
        "grossProfit": 98000000,
        "grossProfitRatio": 1,
        "researchAndDevelopmentExpenses": 0,
        "generalAndAdministrativeExpenses": 0,
        "sellingAndMarketingExpenses": 0,
        "sellingGeneralAndAdministrativeExpenses": 0,
        "otherExpenses": -54300000,
        "operatingExpenses": -54300000,
        "costAndExpenses": 1000000,
        "interestIncome": 0,
        "interestExpense": 1000000,
        "depreciationAndAmortization": 9900000,
        "ebitda": 10900000,
        "ebitdaratio": 0.1112244898,
        "operatingIncome": 43700000,
        "operatingIncomeRatio": 0.4459183673,
        "totalOtherIncomeExpensesNet": 26100000,
        "incomeBeforeTax": 69800000,
        "incomeBeforeTaxRatio": 0.712244898,
        "incomeTaxExpense": 10800000,
        "netIncome": 31900000,
        "netIncomeRatio": 0.3255102041,
        "eps": 0.27,
        "epsdiluted": 0.27,
        "weightedAverageShsOut": 118148148,
        "weightedAverageShsOutDil": 118148148,
        "link": "",
        "finalLink": ""
    },
    {
        "date": "1993-03-31",
        "symbol": "MTG",
        "reportedCurrency": "USD",
        "cik": "0000876437",
        "fillingDate": "1993-03-31",
        "acceptedDate": "1993-03-30 19:00:00",
        "calendarYear": "1993",
        "period": "Q1",
        "revenue": 90700000,
        "costOfRevenue": 0,
        "grossProfit": 90700000,
        "grossProfitRatio": 1,
        "researchAndDevelopmentExpenses": 0,
        "generalAndAdministrativeExpenses": 0,
        "sellingAndMarketingExpenses": 0,
        "sellingGeneralAndAdministrativeExpenses": 0,
        "otherExpenses": -57500000,
        "operatingExpenses": -57500000,
        "costAndExpenses": -57500000,
        "interestIncome": 0,
        "interestExpense": 0,
        "depreciationAndAmortization": 9000000,
        "ebitda": 0,
        "ebitdaratio": 0,
        "operatingIncome": 33200000,
        "operatingIncomeRatio": 0.3660418964,
        "totalOtherIncomeExpensesNet": 0,
        "incomeBeforeTax": 58400000,
        "incomeBeforeTaxRatio": 0.6438809261,
        "incomeTaxExpense": 7800000,
        "netIncome": 25400000,
        "netIncomeRatio": 0.2800441014,
        "eps": 0.22,
        "epsdiluted": 0.22,
        "weightedAverageShsOut": 115454545,
        "weightedAverageShsOutDil": 115454545,
        "link": "",
        "finalLink": ""
    },
    {
        "date": "1992-12-31",
        "symbol": "MTG",
        "reportedCurrency": "USD",
        "cik": "0000876437",
        "fillingDate": "1992-12-31",
        "acceptedDate": "1992-12-30 19:00:00",
        "calendarYear": "1992",
        "period": "Q4",
        "revenue": 87200000,
        "costOfRevenue": 0,
        "grossProfit": 87200000,
        "grossProfitRatio": 1,
        "researchAndDevelopmentExpenses": 0,
        "generalAndAdministrativeExpenses": 0,
        "sellingAndMarketingExpenses": 0,
        "sellingGeneralAndAdministrativeExpenses": 0,
        "otherExpenses": -46500000,
        "operatingExpenses": -46500000,
        "costAndExpenses": 150300000,
        "interestIncome": 0,
        "interestExpense": 1000000,
        "depreciationAndAmortization": 25200000,
        "ebitda": 26200000,
        "ebitdaratio": 0.3004587156,
        "operatingIncome": 40700000,
        "operatingIncomeRatio": 0.4667431193,
        "totalOtherIncomeExpensesNet": 24600000,
        "incomeBeforeTax": 65300000,
        "incomeBeforeTaxRatio": 0.748853211,
        "incomeTaxExpense": 10200000,
        "netIncome": 29500000,
        "netIncomeRatio": 0.3383027523,
        "eps": 0.26,
        "epsdiluted": 0.26,
        "weightedAverageShsOut": 115200000,
        "weightedAverageShsOutDil": 115200000,
        "link": "",
        "finalLink": ""
    },
    {
        "date": "1992-09-30",
        "symbol": "MTG",
        "reportedCurrency": "USD",
        "cik": "0000876437",
        "fillingDate": "1992-09-30",
        "acceptedDate": "1992-09-29 20:00:00",
        "calendarYear": "1992",
        "period": "Q3",
        "revenue": 83700000,
        "costOfRevenue": 0,
        "grossProfit": 83700000,
        "grossProfitRatio": 1,
        "researchAndDevelopmentExpenses": 0,
        "generalAndAdministrativeExpenses": 0,
        "sellingAndMarketingExpenses": 0,
        "sellingGeneralAndAdministrativeExpenses": 0,
        "otherExpenses": -42900000,
        "operatingExpenses": -42900000,
        "costAndExpenses": 1000000,
        "interestIncome": 0,
        "interestExpense": 1000000,
        "depreciationAndAmortization": 700000,
        "ebitda": 1700000,
        "ebitdaratio": 0.0203106332,
        "operatingIncome": 40800000,
        "operatingIncomeRatio": 0.4874551971,
        "totalOtherIncomeExpensesNet": 25600000,
        "incomeBeforeTax": 66400000,
        "incomeBeforeTaxRatio": 0.7933094385,
        "incomeTaxExpense": 11000000,
        "netIncome": 28800000,
        "netIncomeRatio": 0.3440860215,
        "eps": 0.25,
        "epsdiluted": 0.25,
        "weightedAverageShsOut": 115200000,
        "weightedAverageShsOutDil": 115200000,
        "link": "",
        "finalLink": ""
    },
    {
        "date": "1992-06-30",
        "symbol": "MTG",
        "reportedCurrency": "USD",
        "cik": "0000876437",
        "fillingDate": "1992-06-30",
        "acceptedDate": "1992-06-29 20:00:00",
        "calendarYear": "1992",
        "period": "Q2",
        "revenue": 77000000,
        "costOfRevenue": 0,
        "grossProfit": 77000000,
        "grossProfitRatio": 1,
        "researchAndDevelopmentExpenses": 0,
        "generalAndAdministrativeExpenses": 0,
        "sellingAndMarketingExpenses": 0,
        "sellingGeneralAndAdministrativeExpenses": 0,
        "otherExpenses": -40200000,
        "operatingExpenses": -40200000,
        "costAndExpenses": 1000000,
        "interestIncome": 0,
        "interestExpense": 1000000,
        "depreciationAndAmortization": 600000,
        "ebitda": 1600000,
        "ebitdaratio": 0.0207792208,
        "operatingIncome": 36800000,
        "operatingIncomeRatio": 0.4779220779,
        "totalOtherIncomeExpensesNet": 22000000,
        "incomeBeforeTax": 58800000,
        "incomeBeforeTaxRatio": 0.7636363636,
        "incomeTaxExpense": 10500000,
        "netIncome": 25300000,
        "netIncomeRatio": 0.3285714286,
        "eps": 0.22,
        "epsdiluted": 0.22,
        "weightedAverageShsOut": 115000000,
        "weightedAverageShsOutDil": 115000000,
        "link": "",
        "finalLink": ""
    },
    {
        "date": "1992-03-31",
        "symbol": "MTG",
        "reportedCurrency": "USD",
        "cik": "0000876437",
        "fillingDate": "1992-03-31",
        "acceptedDate": "1992-03-30 19:00:00",
        "calendarYear": "1992",
        "period": "Q1",
        "revenue": 73800000,
        "costOfRevenue": 0,
        "grossProfit": 73800000,
        "grossProfitRatio": 1,
        "researchAndDevelopmentExpenses": 0,
        "generalAndAdministrativeExpenses": 0,
        "sellingAndMarketingExpenses": 0,
        "sellingGeneralAndAdministrativeExpenses": 0,
        "otherExpenses": -46400000,
        "operatingExpenses": -46400000,
        "costAndExpenses": 1000000,
        "interestIncome": 0,
        "interestExpense": 1000000,
        "depreciationAndAmortization": 600000,
        "ebitda": 1600000,
        "ebitdaratio": 0.0216802168,
        "operatingIncome": 27400000,
        "operatingIncomeRatio": 0.3712737127,
        "totalOtherIncomeExpensesNet": 23400000,
        "incomeBeforeTax": 50800000,
        "incomeBeforeTaxRatio": 0.6883468835,
        "incomeTaxExpense": 7800000,
        "netIncome": 18600000,
        "netIncomeRatio": 0.2520325203,
        "eps": 0.16,
        "epsdiluted": 0.16,
        "weightedAverageShsOut": 116250000,
        "weightedAverageShsOutDil": 116250000,
        "link": "",
        "finalLink": ""
    },
    {
        "date": "1991-12-31",
        "symbol": "MTG",
        "reportedCurrency": "USD",
        "cik": "0000876437",
        "fillingDate": "1991-12-31",
        "acceptedDate": "1991-12-30 19:00:00",
        "calendarYear": "1991",
        "period": "Q4",
        "revenue": 70700000,
        "costOfRevenue": 0,
        "grossProfit": 70700000,
        "grossProfitRatio": 1,
        "researchAndDevelopmentExpenses": 0,
        "generalAndAdministrativeExpenses": 0,
        "sellingAndMarketingExpenses": 0,
        "sellingGeneralAndAdministrativeExpenses": 0,
        "otherExpenses": -37700000,
        "operatingExpenses": -37700000,
        "costAndExpenses": 139500000,
        "interestIncome": 0,
        "interestExpense": 1000000,
        "depreciationAndAmortization": 700000,
        "ebitda": 1700000,
        "ebitdaratio": 0.0240452617,
        "operatingIncome": 33000000,
        "operatingIncomeRatio": 0.4667609618,
        "totalOtherIncomeExpensesNet": 22300000,
        "incomeBeforeTax": 55300000,
        "incomeBeforeTaxRatio": 0.7821782178,
        "incomeTaxExpense": 9500000,
        "netIncome": 22500000,
        "netIncomeRatio": 0.3182461103,
        "eps": 0.2,
        "epsdiluted": 0.2,
        "weightedAverageShsOut": 114444444,
        "weightedAverageShsOutDil": 114444444,
        "link": "",
        "finalLink": ""
    },
    {
        "date": "1991-09-30",
        "symbol": "MTG",
        "reportedCurrency": "USD",
        "cik": "0000876437",
        "fillingDate": "1991-09-30",
        "acceptedDate": "1991-09-29 20:00:00",
        "calendarYear": "1991",
        "period": "Q3",
        "revenue": 66800000,
        "costOfRevenue": 0,
        "grossProfit": 66800000,
        "grossProfitRatio": 1,
        "researchAndDevelopmentExpenses": 0,
        "generalAndAdministrativeExpenses": 0,
        "sellingAndMarketingExpenses": 0,
        "sellingGeneralAndAdministrativeExpenses": 0,
        "otherExpenses": -36600000,
        "operatingExpenses": -36600000,
        "costAndExpenses": 1000000,
        "interestIncome": 0,
        "interestExpense": 1000000,
        "depreciationAndAmortization": 0,
        "ebitda": 0,
        "ebitdaratio": 0,
        "operatingIncome": 30200000,
        "operatingIncomeRatio": 0.4520958084,
        "totalOtherIncomeExpensesNet": 19800000,
        "incomeBeforeTax": 50000000,
        "incomeBeforeTaxRatio": 0.748502994,
        "incomeTaxExpense": 8600000,
        "netIncome": 20600000,
        "netIncomeRatio": 0.3083832335,
        "eps": 0.18,
        "epsdiluted": 0.18,
        "weightedAverageShsOut": 114444444,
        "weightedAverageShsOutDil": 114444444,
        "link": "",
        "finalLink": ""
    }
]