[
    {
        "date": "2025-06-30",
        "symbol": "MUR",
        "reportedCurrency": "USD",
        "cik": "0000717423",
        "fillingDate": "2025-08-06",
        "acceptedDate": "2025-08-06 16:46:45",
        "calendarYear": "2025",
        "period": "Q2",
        "revenue": 683065000,
        "costOfRevenue": 528948000,
        "grossProfit": 154117000,
        "grossProfitRatio": 0.2256256725,
        "researchAndDevelopmentExpenses": 0,
        "generalAndAdministrativeExpenses": 0,
        "sellingAndMarketingExpenses": 0,
        "sellingGeneralAndAdministrativeExpenses": 36919000,
        "otherExpenses": 24987000,
        "operatingExpenses": 61906000,
        "costAndExpenses": 590854000,
        "interestIncome": 0,
        "interestExpense": 25053000,
        "depreciationAndAmortization": 259324000,
        "ebitda": 319231000,
        "ebitdaratio": 0.4673508378,
        "operatingIncome": 92211000,
        "operatingIncomeRatio": 0.1349959374,
        "totalOtherIncomeExpensesNet": -57357000,
        "incomeBeforeTax": 34854000,
        "incomeBeforeTaxRatio": 0.0510258907,
        "incomeTaxExpense": 1032000,
        "netIncome": 22280000,
        "netIncomeRatio": 0.0326176865,
        "eps": 0.16,
        "epsdiluted": 0.16,
        "weightedAverageShsOut": 142721000,
        "weightedAverageShsOutDil": 143216000,
        "link": "https://www.sec.gov/Archives/edgar/data/717423/000071742325000031/0000717423-25-000031-index.htm",
        "finalLink": "https://www.sec.gov/Archives/edgar/data/717423/000071742325000031/mur-20250630.htm"
    },
    {
        "date": "2025-03-31",
        "symbol": "MUR",
        "reportedCurrency": "USD",
        "cik": "0000717423",
        "fillingDate": "2025-05-07",
        "acceptedDate": "2025-05-07 16:50:41",
        "calendarYear": "2025",
        "period": "Q1",
        "revenue": 672730000,
        "costOfRevenue": 448090000,
        "grossProfit": 224640000,
        "grossProfitRatio": 0.3339229706,
        "researchAndDevelopmentExpenses": 0,
        "generalAndAdministrativeExpenses": 0,
        "sellingAndMarketingExpenses": 0,
        "sellingGeneralAndAdministrativeExpenses": 30915000,
        "otherExpenses": 49831000,
        "operatingExpenses": 80746000,
        "costAndExpenses": 528836000,
        "interestIncome": 0,
        "interestExpense": 23523000,
        "depreciationAndAmortization": 194160000,
        "ebitda": 340456000,
        "ebitdaratio": 0.5060811916,
        "operatingIncome": 143894000,
        "operatingIncomeRatio": 0.2138956193,
        "totalOtherIncomeExpensesNet": -21121000,
        "incomeBeforeTax": 122773000,
        "incomeBeforeTaxRatio": 0.1824996655,
        "incomeTaxExpense": 32722000,
        "netIncome": 73036000,
        "netIncomeRatio": 0.1085665869,
        "eps": 0.51,
        "epsdiluted": 0.5,
        "weightedAverageShsOut": 144284000,
        "weightedAverageShsOutDil": 145072000,
        "link": "https://www.sec.gov/Archives/edgar/data/717423/000071742325000014/0000717423-25-000014-index.htm",
        "finalLink": "https://www.sec.gov/Archives/edgar/data/717423/000071742325000014/mur-20250331.htm"
    },
    {
        "date": "2024-12-31",
        "symbol": "MUR",
        "reportedCurrency": "USD",
        "cik": "0000717423",
        "fillingDate": "2025-01-30",
        "acceptedDate": "2025-01-30 06:08:05",
        "calendarYear": "2024",
        "period": "Q4",
        "revenue": 669574000,
        "costOfRevenue": 488992000,
        "grossProfit": 180582000,
        "grossProfitRatio": 0.269696852,
        "researchAndDevelopmentExpenses": 0,
        "generalAndAdministrativeExpenses": 0,
        "sellingAndMarketingExpenses": 0,
        "sellingGeneralAndAdministrativeExpenses": 31160000,
        "otherExpenses": 64234000,
        "operatingExpenses": 95394000,
        "costAndExpenses": 584386000,
        "interestIncome": 0,
        "interestExpense": 43661000,
        "depreciationAndAmortization": 215444000,
        "ebitda": 337664000,
        "ebitdaratio": 0.5042967618,
        "operatingIncome": 85188000,
        "operatingIncomeRatio": 0.1272271623,
        "totalOtherIncomeExpensesNet": -6629000,
        "incomeBeforeTax": 78559000,
        "incomeBeforeTaxRatio": 0.1173268377,
        "incomeTaxExpense": 13417000,
        "netIncome": 50336000,
        "netIncomeRatio": 0.0751761568,
        "eps": 0.34514,
        "epsdiluted": 0.3429,
        "weightedAverageShsOut": 145843000,
        "weightedAverageShsOutDil": 146797000,
        "link": "https://www.sec.gov/Archives/edgar/data/717423/000071742325000006/0000717423-25-000006-index.htm",
        "finalLink": "https://www.sec.gov/Archives/edgar/data/717423/000071742325000006/mur-20241231.htm"
    },
    {
        "date": "2024-09-30",
        "symbol": "MUR",
        "reportedCurrency": "USD",
        "cik": "0000717423",
        "fillingDate": "2024-11-07",
        "acceptedDate": "2024-11-07 06:18:24",
        "calendarYear": "2024",
        "period": "Q3",
        "revenue": 753169000,
        "costOfRevenue": 493956000,
        "grossProfit": 259213000,
        "grossProfitRatio": 0.3441631294,
        "researchAndDevelopmentExpenses": 0,
        "generalAndAdministrativeExpenses": 0,
        "sellingAndMarketingExpenses": 0,
        "sellingGeneralAndAdministrativeExpenses": 24871000,
        "otherExpenses": 55316000,
        "operatingExpenses": 80187000,
        "costAndExpenses": 574143000,
        "interestIncome": 0,
        "interestExpense": 21258000,
        "depreciationAndAmortization": 223632000,
        "ebitda": 398732000,
        "ebitdaratio": 0.5294057509,
        "operatingIncome": 179026000,
        "operatingIncomeRatio": 0.2376969843,
        "totalOtherIncomeExpensesNet": -25184000,
        "incomeBeforeTax": 153842000,
        "incomeBeforeTaxRatio": 0.2042596018,
        "incomeTaxExpense": 2122000,
        "netIncome": 139094000,
        "netIncomeRatio": 0.1846783391,
        "eps": 0.93,
        "epsdiluted": 0.93,
        "weightedAverageShsOut": 149384000,
        "weightedAverageShsOutDil": 150353000,
        "link": "https://www.sec.gov/Archives/edgar/data/717423/000071742324000038/0000717423-24-000038-index.htm",
        "finalLink": "https://www.sec.gov/Archives/edgar/data/717423/000071742324000038/mur-20240930.htm"
    },
    {
        "date": "2024-06-30",
        "symbol": "MUR",
        "reportedCurrency": "USD",
        "cik": "0000717423",
        "fillingDate": "2024-08-08",
        "acceptedDate": "2024-08-08 06:33:57",
        "calendarYear": "2024",
        "period": "Q2",
        "revenue": 801007000,
        "costOfRevenue": 531628000,
        "grossProfit": 269379000,
        "grossProfitRatio": 0.3363004318,
        "researchAndDevelopmentExpenses": 0,
        "generalAndAdministrativeExpenses": 0,
        "sellingAndMarketingExpenses": 0,
        "sellingGeneralAndAdministrativeExpenses": 22893000,
        "otherExpenses": 62164000,
        "operatingExpenses": 85057000,
        "costAndExpenses": 616685000,
        "interestIncome": 0,
        "interestExpense": 20986000,
        "depreciationAndAmortization": 215543000,
        "ebitda": 426110000,
        "ebitdaratio": 0.5319678854,
        "operatingIncome": 184322000,
        "operatingIncomeRatio": 0.2301128455,
        "totalOtherIncomeExpensesNet": 5259000,
        "incomeBeforeTax": 189581000,
        "incomeBeforeTaxRatio": 0.2366783312,
        "incomeTaxExpense": 32676000,
        "netIncome": 127739000,
        "netIncomeRatio": 0.1594730133,
        "eps": 0.84,
        "epsdiluted": 0.83,
        "weightedAverageShsOut": 152153401,
        "weightedAverageShsOutDil": 153143584,
        "link": "https://www.sec.gov/Archives/edgar/data/717423/000071742324000026/0000717423-24-000026-index.htm",
        "finalLink": "https://www.sec.gov/Archives/edgar/data/717423/000071742324000026/mur-20240630.htm"
    },
    {
        "date": "2024-03-31",
        "symbol": "MUR",
        "reportedCurrency": "USD",
        "cik": "0000717423",
        "fillingDate": "2024-05-02",
        "acceptedDate": "2024-05-02 06:10:45",
        "calendarYear": "2024",
        "period": "Q1",
        "revenue": 794848000,
        "costOfRevenue": 502111000,
        "grossProfit": 292737000,
        "grossProfitRatio": 0.3682930573,
        "researchAndDevelopmentExpenses": 0,
        "generalAndAdministrativeExpenses": 0,
        "sellingAndMarketingExpenses": 0,
        "sellingGeneralAndAdministrativeExpenses": 31161000,
        "otherExpenses": 107519000,
        "operatingExpenses": 138680000,
        "costAndExpenses": 640791000,
        "interestIncome": 0,
        "interestExpense": 20021000,
        "depreciationAndAmortization": 211134000,
        "ebitda": 376742000,
        "ebitdaratio": 0.4739799308,
        "operatingIncome": 154057000,
        "operatingIncomeRatio": 0.1938194472,
        "totalOtherIncomeExpensesNet": -8470000,
        "incomeBeforeTax": 145587000,
        "incomeBeforeTaxRatio": 0.1831633218,
        "incomeTaxExpense": 30057000,
        "netIncome": 90002000,
        "netIncomeRatio": 0.1132317122,
        "eps": 0.59,
        "epsdiluted": 0.59,
        "weightedAverageShsOut": 152664422,
        "weightedAverageShsOutDil": 153816626,
        "link": "https://www.sec.gov/Archives/edgar/data/717423/000071742324000013/0000717423-24-000013-index.htm",
        "finalLink": "https://www.sec.gov/Archives/edgar/data/717423/000071742324000013/mur-20240331.htm"
    },
    {
        "date": "2023-12-31",
        "symbol": "MUR",
        "reportedCurrency": "USD",
        "cik": "0000717423",
        "fillingDate": "2024-02-23",
        "acceptedDate": "2024-02-23 06:14:17",
        "calendarYear": "2023",
        "period": "Q4",
        "revenue": 842270000,
        "costOfRevenue": 471451000,
        "grossProfit": 370819000,
        "grossProfitRatio": 0.4402614364,
        "researchAndDevelopmentExpenses": 0,
        "generalAndAdministrativeExpenses": 0,
        "sellingAndMarketingExpenses": 0,
        "sellingGeneralAndAdministrativeExpenses": 42908000,
        "otherExpenses": 196713000,
        "operatingExpenses": 196713000,
        "costAndExpenses": 641352000,
        "interestIncome": 0,
        "interestExpense": 23678000,
        "depreciationAndAmortization": 224635000,
        "ebitda": 417850000,
        "ebitdaratio": 0.4960998255,
        "operatingIncome": 202846000,
        "operatingIncomeRatio": 0.2408325121,
        "totalOtherIncomeExpensesNet": -33309000,
        "incomeBeforeTax": 169537000,
        "incomeBeforeTaxRatio": 0.201285811,
        "incomeTaxExpense": 29108000,
        "netIncome": 116286000,
        "netIncomeRatio": 0.1380626165,
        "eps": 1.16,
        "epsdiluted": 1.15,
        "weightedAverageShsOut": 153754000,
        "weightedAverageShsOutDil": 155289000,
        "link": "https://www.sec.gov/Archives/edgar/data/717423/000071742324000008/0000717423-24-000008-index.htm",
        "finalLink": "https://www.sec.gov/Archives/edgar/data/717423/000071742324000008/mur-20231231.htm"
    },
    {
        "date": "2023-09-30",
        "symbol": "MUR",
        "reportedCurrency": "USD",
        "cik": "0000717423",
        "fillingDate": "2023-11-02",
        "acceptedDate": "2023-11-02 06:41:43",
        "calendarYear": "2023",
        "period": "Q3",
        "revenue": 953766000,
        "costOfRevenue": 497880000,
        "grossProfit": 455886000,
        "grossProfitRatio": 0.4779851662,
        "researchAndDevelopmentExpenses": 0,
        "generalAndAdministrativeExpenses": 0,
        "sellingAndMarketingExpenses": 0,
        "sellingGeneralAndAdministrativeExpenses": 30745000,
        "otherExpenses": 8811000,
        "operatingExpenses": 73319000,
        "costAndExpenses": 571199000,
        "interestIncome": 0,
        "interestExpense": 29984000,
        "depreciationAndAmortization": 252014000,
        "ebitda": 638334000,
        "ebitdaratio": 0.6692773699,
        "operatingIncome": 377509000,
        "operatingIncomeRatio": 0.3958088252,
        "totalOtherIncomeExpensesNet": -21173000,
        "incomeBeforeTax": 356336000,
        "incomeBeforeTaxRatio": 0.3736094598,
        "incomeTaxExpense": 78111000,
        "netIncome": 255342000,
        "netIncomeRatio": 0.2677197552,
        "eps": 1.64,
        "epsdiluted": 1.63,
        "weightedAverageShsOut": 155453897,
        "weightedAverageShsOutDil": 156829408,
        "link": "https://www.sec.gov/Archives/edgar/data/717423/000071742323000061/0000717423-23-000061-index.htm",
        "finalLink": "https://www.sec.gov/Archives/edgar/data/717423/000071742323000061/mur-20230930.htm"
    },
    {
        "date": "2023-06-30",
        "symbol": "MUR",
        "reportedCurrency": "USD",
        "cik": "0000717423",
        "fillingDate": "2023-08-03",
        "acceptedDate": "2023-08-03 06:53:52",
        "calendarYear": "2023",
        "period": "Q2",
        "revenue": 812850000,
        "costOfRevenue": 479484000,
        "grossProfit": 333366000,
        "grossProfitRatio": 0.4101199483,
        "researchAndDevelopmentExpenses": 0,
        "generalAndAdministrativeExpenses": 0,
        "sellingAndMarketingExpenses": 0,
        "sellingGeneralAndAdministrativeExpenses": 25345000,
        "otherExpenses": -7694000,
        "operatingExpenses": 157462000,
        "costAndExpenses": 636946000,
        "interestIncome": 0,
        "interestExpense": 29856000,
        "depreciationAndAmortization": 229747000,
        "ebitda": 386930000,
        "ebitdaratio": 0.4760164852,
        "operatingIncome": 164877000,
        "operatingIncomeRatio": 0.202838162,
        "totalOtherIncomeExpensesNet": -37550000,
        "incomeBeforeTax": 127327000,
        "incomeBeforeTaxRatio": 0.156642677,
        "incomeTaxExpense": 34870000,
        "netIncome": 98286000,
        "netIncomeRatio": 0.120915298,
        "eps": 0.63,
        "epsdiluted": 0.62,
        "weightedAverageShsOut": 156126580,
        "weightedAverageShsOutDil": 157298962,
        "link": "https://www.sec.gov/Archives/edgar/data/717423/000071742323000050/0000717423-23-000050-index.htm",
        "finalLink": "https://www.sec.gov/Archives/edgar/data/717423/000071742323000050/mur-20230630.htm"
    },
    {
        "date": "2023-03-31",
        "symbol": "MUR",
        "reportedCurrency": "USD",
        "cik": "0000717423",
        "fillingDate": "2023-05-03",
        "acceptedDate": "2023-05-03 06:43:35",
        "calendarYear": "2023",
        "period": "Q1",
        "revenue": 839968000,
        "costOfRevenue": 481845000,
        "grossProfit": 358123000,
        "grossProfitRatio": 0.4263531468,
        "researchAndDevelopmentExpenses": 0,
        "generalAndAdministrativeExpenses": 0,
        "sellingAndMarketingExpenses": 0,
        "sellingGeneralAndAdministrativeExpenses": 18308000,
        "otherExpenses": 33327000,
        "operatingExpenses": 51635000,
        "costAndExpenses": 533480000,
        "interestIncome": 0,
        "interestExpense": 28855000,
        "depreciationAndAmortization": 209480000,
        "ebitda": 506203000,
        "ebitdaratio": 0.602645577,
        "operatingIncome": 296796000,
        "operatingIncomeRatio": 0.3533420321,
        "totalOtherIncomeExpensesNet": -28928000,
        "incomeBeforeTax": 267868000,
        "incomeBeforeTaxRatio": 0.3189026249,
        "incomeTaxExpense": 53833000,
        "netIncome": 191644000,
        "netIncomeRatio": 0.2281563107,
        "eps": 1.23,
        "epsdiluted": 1.22,
        "weightedAverageShsOut": 155856509,
        "weightedAverageShsOutDil": 157388566,
        "link": "https://www.sec.gov/Archives/edgar/data/717423/000071742323000034/0000717423-23-000034-index.htm",
        "finalLink": "https://www.sec.gov/Archives/edgar/data/717423/000071742323000034/mur-20230331.htm"
    },
    {
        "date": "2022-12-31",
        "symbol": "MUR",
        "reportedCurrency": "USD",
        "cik": "0000717423",
        "fillingDate": "2023-02-27",
        "acceptedDate": "2023-02-27 06:56:38",
        "calendarYear": "2022",
        "period": "Q4",
        "revenue": 986119000,
        "costOfRevenue": 505996000,
        "grossProfit": 480123000,
        "grossProfitRatio": 0.4868814007,
        "researchAndDevelopmentExpenses": 0,
        "generalAndAdministrativeExpenses": 0,
        "sellingAndMarketingExpenses": 0,
        "sellingGeneralAndAdministrativeExpenses": 41114000,
        "otherExpenses": 94299000,
        "operatingExpenses": 135413000,
        "costAndExpenses": 641409000,
        "interestIncome": 0,
        "interestExpense": 34657000,
        "depreciationAndAmortization": 213834000,
        "ebitda": 531168000,
        "ebitdaratio": 0.5386449303,
        "operatingIncome": 324138000,
        "operatingIncomeRatio": 0.3287006943,
        "totalOtherIncomeExpensesNet": -41461000,
        "incomeBeforeTax": 282677000,
        "incomeBeforeTaxRatio": 0.2866560729,
        "incomeTaxExpense": 61890000,
        "netIncome": 199398000,
        "netIncomeRatio": 0.2022048049,
        "eps": 1.28,
        "epsdiluted": 1.26,
        "weightedAverageShsOut": 155460000,
        "weightedAverageShsOutDil": 157675000,
        "link": "https://www.sec.gov/Archives/edgar/data/717423/000071742323000015/0000717423-23-000015-index.htm",
        "finalLink": "https://www.sec.gov/Archives/edgar/data/717423/000071742323000015/mur-20221231.htm"
    },
    {
        "date": "2022-09-30",
        "symbol": "MUR",
        "reportedCurrency": "USD",
        "cik": "0000717423",
        "fillingDate": "2022-11-03",
        "acceptedDate": "2022-11-03 06:53:40",
        "calendarYear": "2022",
        "period": "Q3",
        "revenue": 1166409000,
        "costOfRevenue": 512201000,
        "grossProfit": 654208000,
        "grossProfitRatio": 0.5608735872,
        "researchAndDevelopmentExpenses": 0,
        "generalAndAdministrativeExpenses": 0,
        "sellingAndMarketingExpenses": 0,
        "sellingGeneralAndAdministrativeExpenses": 29348000,
        "otherExpenses": -6352000,
        "operatingExpenses": 22996000,
        "costAndExpenses": 535197000,
        "interestIncome": 0,
        "interestExpense": 37440000,
        "depreciationAndAmortization": 225807000,
        "ebitda": 997196000,
        "ebitdaratio": 0.8549282456,
        "operatingIncome": 753088000,
        "operatingIncomeRatio": 0.6456465957,
        "totalOtherIncomeExpensesNet": -19139000,
        "incomeBeforeTax": 733949000,
        "incomeBeforeTaxRatio": 0.6292381146,
        "incomeTaxExpense": 159451000,
        "netIncome": 528428000,
        "netIncomeRatio": 0.4530383425,
        "eps": 3.4,
        "epsdiluted": 3.36,
        "weightedAverageShsOut": 155446000,
        "weightedAverageShsOutDil": 157336000,
        "link": "https://www.sec.gov/Archives/edgar/data/717423/000071742322000071/0000717423-22-000071-index.htm",
        "finalLink": "https://www.sec.gov/Archives/edgar/data/717423/000071742322000071/mur-20220930.htm"
    },
    {
        "date": "2022-06-30",
        "symbol": "MUR",
        "reportedCurrency": "USD",
        "cik": "0000717423",
        "fillingDate": "2022-08-04",
        "acceptedDate": "2022-08-04 07:03:33",
        "calendarYear": "2022",
        "period": "Q2",
        "revenue": 1196238000,
        "costOfRevenue": 441127000,
        "grossProfit": 755111000,
        "grossProfitRatio": 0.6312380981,
        "researchAndDevelopmentExpenses": 0,
        "generalAndAdministrativeExpenses": 0,
        "sellingAndMarketingExpenses": 0,
        "sellingGeneralAndAdministrativeExpenses": 27130000,
        "otherExpenses": 63627000,
        "operatingExpenses": 90757000,
        "costAndExpenses": 531884000,
        "interestIncome": 0,
        "interestExpense": 41385000,
        "depreciationAndAmortization": 207419000,
        "ebitda": 764335000,
        "ebitdaratio": 0.6389489383,
        "operatingIncome": 551608000,
        "operatingIncomeRatio": 0.4611189412,
        "totalOtherIncomeExpensesNet": -36077000,
        "incomeBeforeTax": 515531000,
        "incomeBeforeTaxRatio": 0.430960227,
        "incomeTaxExpense": 105084000,
        "netIncome": 350557000,
        "netIncomeRatio": 0.2930495437,
        "eps": 2.26,
        "epsdiluted": 2.23,
        "weightedAverageShsOut": 155389000,
        "weightedAverageShsOutDil": 157455000,
        "link": "https://www.sec.gov/Archives/edgar/data/717423/000071742322000061/0000717423-22-000061-index.htm",
        "finalLink": "https://www.sec.gov/Archives/edgar/data/717423/000071742322000061/mur-20220630.htm"
    },
    {
        "date": "2022-03-31",
        "symbol": "MUR",
        "reportedCurrency": "USD",
        "cik": "0000717423",
        "fillingDate": "2022-05-04",
        "acceptedDate": "2022-05-04 06:49:42",
        "calendarYear": "2022",
        "period": "Q1",
        "revenue": 871374000,
        "costOfRevenue": 381537000,
        "grossProfit": 489837000,
        "grossProfitRatio": 0.5621432359,
        "researchAndDevelopmentExpenses": 0,
        "generalAndAdministrativeExpenses": 0,
        "sellingAndMarketingExpenses": 0,
        "sellingGeneralAndAdministrativeExpenses": 33529000,
        "otherExpenses": 165384000,
        "operatingExpenses": 198913000,
        "costAndExpenses": 580450000,
        "interestIncome": 0,
        "interestExpense": 37277000,
        "depreciationAndAmortization": 180198000,
        "ebitda": 135579000,
        "ebitdaratio": 0.1555922027,
        "operatingIncome": 288429000,
        "operatingIncomeRatio": 0.3310048269,
        "totalOtherIncomeExpensesNet": -39772000,
        "incomeBeforeTax": -81896000,
        "incomeBeforeTaxRatio": -0.093984902,
        "incomeTaxExpense": -16961000,
        "netIncome": -64935000,
        "netIncomeRatio": -0.0745202404,
        "eps": -0.42,
        "epsdiluted": -0.42,
        "weightedAverageShsOut": 154500000,
        "weightedAverageShsOutDil": 154916000,
        "link": "https://www.sec.gov/Archives/edgar/data/717423/000071742322000040/0000717423-22-000040-index.htm",
        "finalLink": "https://www.sec.gov/Archives/edgar/data/717423/000071742322000040/mur-20220331.htm"
    },
    {
        "date": "2021-12-31",
        "symbol": "MUR",
        "reportedCurrency": "USD",
        "cik": "0000717423",
        "fillingDate": "2022-02-25",
        "acceptedDate": "2022-02-25 06:45:20",
        "calendarYear": "2021",
        "period": "Q4",
        "revenue": 762310000,
        "costOfRevenue": 365403000,
        "grossProfit": 396907000,
        "grossProfitRatio": 0.5206635096,
        "researchAndDevelopmentExpenses": 0,
        "generalAndAdministrativeExpenses": 0,
        "sellingAndMarketingExpenses": 0,
        "sellingGeneralAndAdministrativeExpenses": 36124000,
        "otherExpenses": 37564000,
        "operatingExpenses": 67087000,
        "costAndExpenses": 432490000,
        "interestIncome": 0,
        "interestExpense": 48686000,
        "depreciationAndAmortization": 191492000,
        "ebitda": 496250000,
        "ebitdaratio": 0.650981884,
        "operatingIncome": 310030000,
        "operatingIncomeRatio": 0.4066980625,
        "totalOtherIncomeExpensesNet": -48686000,
        "incomeBeforeTax": 261344000,
        "incomeBeforeTaxRatio": 0.3428316564,
        "incomeTaxExpense": 56636000,
        "netIncome": 168400000,
        "netIncomeRatio": 0.2209075048,
        "eps": 1.09,
        "epsdiluted": 1.08,
        "weightedAverageShsOut": 154457000,
        "weightedAverageShsOutDil": 156586000,
        "link": "https://www.sec.gov/Archives/edgar/data/717423/000071742322000019/0000717423-22-000019-index.htm",
        "finalLink": "https://www.sec.gov/Archives/edgar/data/717423/000071742322000019/mur-20211231.htm"
    },
    {
        "date": "2021-09-30",
        "symbol": "MUR",
        "reportedCurrency": "USD",
        "cik": "0000717423",
        "fillingDate": "2021-11-04",
        "acceptedDate": "2021-11-04 06:40:19",
        "calendarYear": "2021",
        "period": "Q3",
        "revenue": 687549000,
        "costOfRevenue": 364525000,
        "grossProfit": 323024000,
        "grossProfitRatio": 0.4698196056,
        "researchAndDevelopmentExpenses": 0,
        "generalAndAdministrativeExpenses": 0,
        "sellingAndMarketingExpenses": 0,
        "sellingGeneralAndAdministrativeExpenses": 27210000,
        "otherExpenses": 3924000,
        "operatingExpenses": 31134000,
        "costAndExpenses": 395659000,
        "interestIncome": 0,
        "interestExpense": 46925000,
        "depreciationAndAmortization": 206994000,
        "ebitda": 428772000,
        "ebitdaratio": 0.6236239163,
        "operatingIncome": 223371000,
        "operatingIncomeRatio": 0.3248801176,
        "totalOtherIncomeExpensesNet": -48518000,
        "incomeBeforeTax": 174853000,
        "incomeBeforeTaxRatio": 0.2543135107,
        "incomeTaxExpense": 36838000,
        "netIncome": 108456000,
        "netIncomeRatio": 0.157742939,
        "eps": 0.7,
        "epsdiluted": 0.7,
        "weightedAverageShsOut": 154439000,
        "weightedAverageShsOutDil": 155932000,
        "link": "https://www.sec.gov/Archives/edgar/data/717423/000071742321000046/0000717423-21-000046-index.htm",
        "finalLink": "https://www.sec.gov/Archives/edgar/data/717423/000071742321000046/mur-20210930.htm"
    },
    {
        "date": "2021-06-30",
        "symbol": "MUR",
        "reportedCurrency": "USD",
        "cik": "0000717423",
        "fillingDate": "2021-08-05",
        "acceptedDate": "2021-08-05 06:21:32",
        "calendarYear": "2021",
        "period": "Q2",
        "revenue": 758829000,
        "costOfRevenue": 403397000,
        "grossProfit": 355432000,
        "grossProfitRatio": 0.4683953829,
        "researchAndDevelopmentExpenses": 0,
        "generalAndAdministrativeExpenses": 0,
        "sellingAndMarketingExpenses": 0,
        "sellingGeneralAndAdministrativeExpenses": 29113000,
        "otherExpenses": 96035000,
        "operatingExpenses": 125148000,
        "costAndExpenses": 528545000,
        "interestIncome": 0,
        "interestExpense": 43374000,
        "depreciationAndAmortization": 243732000,
        "ebitda": 248991000,
        "ebitdaratio": 0.3281253089,
        "operatingIncome": 9784000,
        "operatingIncomeRatio": 0.0128935505,
        "totalOtherIncomeExpensesNet": -47899000,
        "incomeBeforeTax": -38115000,
        "incomeBeforeTaxRatio": -0.0502287077,
        "incomeTaxExpense": -11177000,
        "netIncome": -63082000,
        "netIncomeRatio": -0.0831307185,
        "eps": -0.41,
        "epsdiluted": -0.41,
        "weightedAverageShsOut": 154394602,
        "weightedAverageShsOutDil": 154395000,
        "link": "https://www.sec.gov/Archives/edgar/data/717423/000071742321000039/0000717423-21-000039-index.htm",
        "finalLink": "https://www.sec.gov/Archives/edgar/data/717423/000071742321000039/mur-20210630.htm"
    },
    {
        "date": "2021-03-31",
        "symbol": "MUR",
        "reportedCurrency": "USD",
        "cik": "0000717423",
        "fillingDate": "2021-05-06",
        "acceptedDate": "2021-05-06 06:32:09",
        "calendarYear": "2021",
        "period": "Q1",
        "revenue": 592527000,
        "costOfRevenue": 388354000,
        "grossProfit": 204173000,
        "grossProfitRatio": 0.3445800782,
        "researchAndDevelopmentExpenses": 0,
        "generalAndAdministrativeExpenses": 0,
        "sellingAndMarketingExpenses": 0,
        "sellingGeneralAndAdministrativeExpenses": 29503000,
        "otherExpenses": 43351000,
        "operatingExpenses": 72854000,
        "costAndExpenses": 461208000,
        "interestIncome": 0,
        "interestExpense": 88100000,
        "depreciationAndAmortization": 198278000,
        "ebitda": -55859000,
        "ebitdaratio": -0.0942724973,
        "operatingIncome": -261750000,
        "operatingIncomeRatio": -0.4417520214,
        "totalOtherIncomeExpensesNet": -93441000,
        "incomeBeforeTax": -355191000,
        "incomeBeforeTaxRatio": -0.5994511643,
        "incomeTaxExpense": -88159000,
        "netIncome": -287438000,
        "netIncomeRatio": -0.4851053201,
        "eps": -1.87,
        "epsdiluted": -1.87,
        "weightedAverageShsOut": 153821472,
        "weightedAverageShsOutDil": 153953000,
        "link": "https://www.sec.gov/Archives/edgar/data/717423/000071742321000020/0000717423-21-000020-index.htm",
        "finalLink": "https://www.sec.gov/Archives/edgar/data/717423/000071742321000020/mur-20210331.htm"
    },
    {
        "date": "2020-12-31",
        "symbol": "MUR",
        "reportedCurrency": "USD",
        "cik": "0000717423",
        "fillingDate": "2021-02-26",
        "acceptedDate": "2021-02-26 16:24:24",
        "calendarYear": "2020",
        "period": "Q4",
        "revenue": 440082000,
        "costOfRevenue": 385501000,
        "grossProfit": 54581000,
        "grossProfitRatio": 0.1240246136,
        "researchAndDevelopmentExpenses": 0,
        "generalAndAdministrativeExpenses": 0,
        "sellingAndMarketingExpenses": 0,
        "sellingGeneralAndAdministrativeExpenses": 35862000,
        "otherExpenses": -19231000,
        "operatingExpenses": 71578000,
        "costAndExpenses": 457079000,
        "interestIncome": 0,
        "interestExpense": 51742000,
        "depreciationAndAmortization": 218088000,
        "ebitda": 62488000,
        "ebitdaratio": 0.1419917197,
        "operatingIncome": -155600000,
        "operatingIncomeRatio": -0.353570471,
        "totalOtherIncomeExpensesNet": -51742000,
        "incomeBeforeTax": -207342000,
        "incomeBeforeTaxRatio": -0.4711440141,
        "incomeTaxExpense": -44851000,
        "netIncome": -171936000,
        "netIncomeRatio": -0.3906908258,
        "eps": -1.12,
        "epsdiluted": -1.12,
        "weightedAverageShsOut": 153233903,
        "weightedAverageShsOutDil": 153599000,
        "link": "https://www.sec.gov/Archives/edgar/data/717423/000071742321000014/0000717423-21-000014-index.htm",
        "finalLink": "https://www.sec.gov/Archives/edgar/data/717423/000071742321000014/mur-20201231.htm"
    },
    {
        "date": "2020-09-30",
        "symbol": "MUR",
        "reportedCurrency": "USD",
        "cik": "0000717423",
        "fillingDate": "2020-11-05",
        "acceptedDate": "2020-11-05 06:45:23",
        "calendarYear": "2020",
        "period": "Q3",
        "revenue": 425324000,
        "costOfRevenue": 397416000,
        "grossProfit": 27908000,
        "grossProfitRatio": 0.0656158599,
        "researchAndDevelopmentExpenses": 0,
        "generalAndAdministrativeExpenses": 0,
        "sellingAndMarketingExpenses": 0,
        "sellingGeneralAndAdministrativeExpenses": 28509000,
        "otherExpenses": 43094000,
        "operatingExpenses": 71603000,
        "costAndExpenses": 469019000,
        "interestIncome": 0,
        "interestExpense": 50359000,
        "depreciationAndAmortization": 231603000,
        "ebitda": -46452000,
        "ebitdaratio": -0.1092155627,
        "operatingIncome": -278055000,
        "operatingIncomeRatio": -0.6537486716,
        "totalOtherIncomeExpensesNet": -50359000,
        "incomeBeforeTax": -328414000,
        "incomeBeforeTaxRatio": -0.7721501726,
        "incomeTaxExpense": -62584000,
        "netIncome": -243553000,
        "netIncomeRatio": -0.5726293367,
        "eps": -1.59,
        "epsdiluted": -1.59,
        "weightedAverageShsOut": 153596000,
        "weightedAverageShsOutDil": 153596000,
        "link": "https://www.sec.gov/Archives/edgar/data/717423/000071742320000070/0000717423-20-000070-index.htm",
        "finalLink": "https://www.sec.gov/Archives/edgar/data/717423/000071742320000070/mur-20200930.htm"
    },
    {
        "date": "2020-06-30",
        "symbol": "MUR",
        "reportedCurrency": "USD",
        "cik": "0000717423",
        "fillingDate": "2020-08-06",
        "acceptedDate": "2020-08-06 06:54:06",
        "calendarYear": "2020",
        "period": "Q2",
        "revenue": 285745000,
        "costOfRevenue": 417180000,
        "grossProfit": -131435000,
        "grossProfitRatio": -0.4599730529,
        "researchAndDevelopmentExpenses": 0,
        "generalAndAdministrativeExpenses": 0,
        "sellingAndMarketingExpenses": 0,
        "sellingGeneralAndAdministrativeExpenses": 39100000,
        "otherExpenses": -22007000,
        "operatingExpenses": 79037000,
        "costAndExpenses": 496217000,
        "interestIncome": 0,
        "interestExpense": 43769000,
        "depreciationAndAmortization": 231446000,
        "ebitda": -142691000,
        "ebitdaratio": -0.4993648183,
        "operatingIncome": -374137000,
        "operatingIncomeRatio": -1.3093387461,
        "totalOtherIncomeExpensesNet": -43769000,
        "incomeBeforeTax": -417906000,
        "incomeBeforeTaxRatio": -1.4625137798,
        "incomeTaxExpense": -94773000,
        "netIncome": -317184000,
        "netIncomeRatio": -1.1100246723,
        "eps": -2.07,
        "epsdiluted": -2.07,
        "weightedAverageShsOut": 153580831,
        "weightedAverageShsOutDil": 153581000,
        "link": "https://www.sec.gov/Archives/edgar/data/717423/000071742320000051/0000717423-20-000051-index.htm",
        "finalLink": "https://www.sec.gov/Archives/edgar/data/717423/000071742320000051/mur-20200630.htm"
    },
    {
        "date": "2020-03-31",
        "symbol": "MUR",
        "reportedCurrency": "USD",
        "cik": "0000717423",
        "fillingDate": "2020-05-07",
        "acceptedDate": "2020-05-07 10:00:52",
        "calendarYear": "2020",
        "period": "Q1",
        "revenue": 600558000,
        "costOfRevenue": 559617000,
        "grossProfit": 40941000,
        "grossProfitRatio": 0.0681716004,
        "researchAndDevelopmentExpenses": 0,
        "generalAndAdministrativeExpenses": 0,
        "sellingAndMarketingExpenses": 0,
        "sellingGeneralAndAdministrativeExpenses": 36772000,
        "otherExpenses": 45188000,
        "operatingExpenses": 66864000,
        "costAndExpenses": 626481000,
        "interestIncome": 241000,
        "interestExpense": 41097000,
        "depreciationAndAmortization": 306102000,
        "ebitda": -248174000,
        "ebitdaratio": -0.413239021,
        "operatingIncome": -554517000,
        "operatingIncomeRatio": -0.9233362972,
        "totalOtherIncomeExpensesNet": -40856000,
        "incomeBeforeTax": -595373000,
        "incomeBeforeTaxRatio": -0.9913663626,
        "incomeTaxExpense": -91533000,
        "netIncome": -416104000,
        "netIncomeRatio": -0.6928623047,
        "eps": -2.71,
        "epsdiluted": -2.71,
        "weightedAverageShsOut": 153312699,
        "weightedAverageShsOutDil": 153313000,
        "link": "https://www.sec.gov/Archives/edgar/data/717423/000071742320000031/0000717423-20-000031-index.htm",
        "finalLink": "https://www.sec.gov/Archives/edgar/data/717423/000071742320000031/mur-20200331x10q.htm"
    },
    {
        "date": "2019-12-31",
        "symbol": "MUR",
        "reportedCurrency": "USD",
        "cik": "0000717423",
        "fillingDate": "2020-02-27",
        "acceptedDate": "2020-02-26 17:51:28",
        "calendarYear": "2019",
        "period": "Q4",
        "revenue": 756984000,
        "costOfRevenue": 564859000,
        "grossProfit": 192125000,
        "grossProfitRatio": 0.2538032508,
        "researchAndDevelopmentExpenses": 0,
        "generalAndAdministrativeExpenses": 0,
        "sellingAndMarketingExpenses": 0,
        "sellingGeneralAndAdministrativeExpenses": 56478000,
        "otherExpenses": -11675000,
        "operatingExpenses": 86695000,
        "costAndExpenses": 651554000,
        "interestIncome": 0,
        "interestExpense": 78566000,
        "depreciationAndAmortization": 328572000,
        "ebitda": 291836000,
        "ebitdaratio": 0.385524661,
        "operatingIncome": -36736000,
        "operatingIncomeRatio": -0.0485294273,
        "totalOtherIncomeExpensesNet": -78566000,
        "incomeBeforeTax": -115302000,
        "incomeBeforeTaxRatio": -0.1523176183,
        "incomeTaxExpense": -24036000,
        "netIncome": -71724000,
        "netIncomeRatio": -0.0947496909,
        "eps": -0.47,
        "epsdiluted": -0.46,
        "weightedAverageShsOut": 154007000,
        "weightedAverageShsOutDil": 154915000,
        "link": "https://www.sec.gov/Archives/edgar/data/717423/000071742320000008/0000717423-20-000008-index.htm",
        "finalLink": "https://www.sec.gov/Archives/edgar/data/717423/000071742320000008/mur-20191231x10k.htm"
    },
    {
        "date": "2019-09-30",
        "symbol": "MUR",
        "reportedCurrency": "USD",
        "cik": "0000717423",
        "fillingDate": "2019-10-31",
        "acceptedDate": "2019-10-31 06:46:06",
        "calendarYear": "2019",
        "period": "Q3",
        "revenue": 750337000,
        "costOfRevenue": 527499000,
        "grossProfit": 222838000,
        "grossProfitRatio": 0.2969838886,
        "researchAndDevelopmentExpenses": 0,
        "generalAndAdministrativeExpenses": 0,
        "sellingAndMarketingExpenses": 0,
        "sellingGeneralAndAdministrativeExpenses": 55366000,
        "otherExpenses": 29000000,
        "operatingExpenses": 78311000,
        "costAndExpenses": 605810000,
        "interestIncome": 0,
        "interestExpense": 49348000,
        "depreciationAndAmortization": 325562000,
        "ebitda": 552026000,
        "ebitdaratio": 0.7357040903,
        "operatingIncome": 226464000,
        "operatingIncomeRatio": 0.3018163838,
        "totalOtherIncomeExpensesNet": -49348000,
        "incomeBeforeTax": 177116000,
        "incomeBeforeTaxRatio": 0.2360486022,
        "incomeTaxExpense": 18782000,
        "netIncome": 1089002000,
        "netIncomeRatio": 1.4513505265,
        "eps": 6.79,
        "epsdiluted": 6.76,
        "weightedAverageShsOut": 160366000,
        "weightedAverageShsOutDil": 160980000,
        "link": "https://www.sec.gov/Archives/edgar/data/717423/000071742319000087/0000717423-19-000087-index.htm",
        "finalLink": "https://www.sec.gov/Archives/edgar/data/717423/000071742319000087/mur-20190930x10q.htm"
    },
    {
        "date": "2019-06-30",
        "symbol": "MUR",
        "reportedCurrency": "USD",
        "cik": "0000717423",
        "fillingDate": "2019-08-08",
        "acceptedDate": "2019-08-08 07:30:49",
        "calendarYear": "2019",
        "period": "Q2",
        "revenue": 646114000,
        "costOfRevenue": 401434000,
        "grossProfit": 244680000,
        "grossProfitRatio": 0.3786947814,
        "researchAndDevelopmentExpenses": 0,
        "generalAndAdministrativeExpenses": 0,
        "sellingAndMarketingExpenses": 0,
        "sellingGeneralAndAdministrativeExpenses": 57532000,
        "otherExpenses": -25437000,
        "operatingExpenses": 98103000,
        "costAndExpenses": 499537000,
        "interestIncome": 0,
        "interestExpense": 63064000,
        "depreciationAndAmortization": 264302000,
        "ebitda": 435305000,
        "ebitdaratio": 0.6737278561,
        "operatingIncome": 171003000,
        "operatingIncomeRatio": 0.2646638209,
        "totalOtherIncomeExpensesNet": -63064000,
        "incomeBeforeTax": 107939000,
        "incomeBeforeTaxRatio": 0.1670587543,
        "incomeTaxExpense": 9115000,
        "netIncome": 92272000,
        "netIncomeRatio": 0.1428107114,
        "eps": 0.55,
        "epsdiluted": 0.54,
        "weightedAverageShsOut": 168538000,
        "weightedAverageShsOutDil": 169272000,
        "link": "https://www.sec.gov/Archives/edgar/data/717423/000071742319000061/0000717423-19-000061-index.htm",
        "finalLink": "https://www.sec.gov/Archives/edgar/data/717423/000071742319000061/mur-20190630x10q.htm"
    },
    {
        "date": "2019-03-31",
        "symbol": "MUR",
        "reportedCurrency": "USD",
        "cik": "0000717423",
        "fillingDate": "2019-05-02",
        "acceptedDate": "2019-05-02 08:04:21",
        "calendarYear": "2019",
        "period": "Q1",
        "revenue": 590550000,
        "costOfRevenue": 361102000,
        "grossProfit": 229448000,
        "grossProfitRatio": 0.3885327237,
        "researchAndDevelopmentExpenses": 0,
        "generalAndAdministrativeExpenses": 0,
        "sellingAndMarketingExpenses": 0,
        "sellingGeneralAndAdministrativeExpenses": 63360000,
        "otherExpenses": -30005000,
        "operatingExpenses": 105238000,
        "costAndExpenses": 466340000,
        "interestIncome": 0,
        "interestExpense": 50817000,
        "depreciationAndAmortization": 229406000,
        "ebitda": 313968000,
        "ebitdaratio": 0.5316535433,
        "operatingIncome": 84562000,
        "operatingIncomeRatio": 0.1431919397,
        "totalOtherIncomeExpensesNet": -50817000,
        "incomeBeforeTax": 33745000,
        "incomeBeforeTaxRatio": 0.0571416476,
        "incomeTaxExpense": 10822000,
        "netIncome": 40182000,
        "netIncomeRatio": 0.0680416561,
        "eps": 0.23,
        "epsdiluted": 0.23,
        "weightedAverageShsOut": 173341000,
        "weightedAverageShsOutDil": 174491000,
        "link": "https://www.sec.gov/Archives/edgar/data/717423/000071742319000030/0000717423-19-000030-index.htm",
        "finalLink": "https://www.sec.gov/Archives/edgar/data/717423/000071742319000030/mur-20190331x10q.htm"
    },
    {
        "date": "2018-12-31",
        "symbol": "MUR",
        "reportedCurrency": "USD",
        "cik": "0000717423",
        "fillingDate": "2019-02-27",
        "acceptedDate": "2019-02-27 08:16:34",
        "calendarYear": "2018",
        "period": "Q4",
        "revenue": 664717000,
        "costOfRevenue": 411006000,
        "grossProfit": 253711000,
        "grossProfitRatio": 0.3816827311,
        "researchAndDevelopmentExpenses": 0,
        "generalAndAdministrativeExpenses": 0,
        "sellingAndMarketingExpenses": 0,
        "sellingGeneralAndAdministrativeExpenses": 42700000,
        "otherExpenses": -9903000,
        "operatingExpenses": 89284000,
        "costAndExpenses": 500290000,
        "interestIncome": 3670000,
        "interestExpense": 47340000,
        "depreciationAndAmortization": 261338000,
        "ebitda": 411180000,
        "ebitdaratio": 0.6185790344,
        "operatingIncome": 149842000,
        "operatingIncomeRatio": 0.2254222474,
        "totalOtherIncomeExpensesNet": -36380000,
        "incomeBeforeTax": 106172000,
        "incomeBeforeTaxRatio": 0.1597251161,
        "incomeTaxExpense": -6471000,
        "netIncome": 103379000,
        "netIncomeRatio": 0.155523328,
        "eps": 0.6,
        "epsdiluted": 0.59,
        "weightedAverageShsOut": 173055000,
        "weightedAverageShsOutDil": 174312000,
        "link": "https://www.sec.gov/Archives/edgar/data/717423/000071742319000016/0000717423-19-000016-index.htm",
        "finalLink": "https://www.sec.gov/Archives/edgar/data/717423/000071742319000016/mur-20181231x10k.htm"
    },
    {
        "date": "2018-09-30",
        "symbol": "MUR",
        "reportedCurrency": "USD",
        "cik": "0000717423",
        "fillingDate": "2018-11-08",
        "acceptedDate": "2018-11-07 18:21:30",
        "calendarYear": "2018",
        "period": "Q3",
        "revenue": 659806000,
        "costOfRevenue": 374974000,
        "grossProfit": 284832000,
        "grossProfitRatio": 0.4316905272,
        "researchAndDevelopmentExpenses": 0,
        "generalAndAdministrativeExpenses": 0,
        "sellingAndMarketingExpenses": 0,
        "sellingGeneralAndAdministrativeExpenses": 64107000,
        "otherExpenses": 34387000,
        "operatingExpenses": 97044000,
        "costAndExpenses": 472018000,
        "interestIncome": 0,
        "interestExpense": 63970000,
        "depreciationAndAmortization": 241833000,
        "ebitda": 320263000,
        "ebitdaratio": 0.4853896448,
        "operatingIncome": 210767000,
        "operatingIncomeRatio": 0.3194378348,
        "totalOtherIncomeExpensesNet": -63970000,
        "incomeBeforeTax": 146797000,
        "incomeBeforeTaxRatio": 0.2224850941,
        "incomeTaxExpense": 51038000,
        "netIncome": 93944000,
        "netIncomeRatio": 0.1423812454,
        "eps": 0.54,
        "epsdiluted": 0.54,
        "weightedAverageShsOut": 173047000,
        "weightedAverageShsOutDil": 174175000,
        "link": "https://www.sec.gov/Archives/edgar/data/717423/000071742318000048/0000717423-18-000048-index.htm",
        "finalLink": "https://www.sec.gov/Archives/edgar/data/717423/000071742318000048/mur-20180930x10q.htm"
    },
    {
        "date": "2018-06-30",
        "symbol": "MUR",
        "reportedCurrency": "USD",
        "cik": "0000717423",
        "fillingDate": "2018-08-09",
        "acceptedDate": "2018-08-08 18:35:24",
        "calendarYear": "2018",
        "period": "Q2",
        "revenue": 655150000,
        "costOfRevenue": 374586000,
        "grossProfit": 280564000,
        "grossProfitRatio": 0.4282439136,
        "researchAndDevelopmentExpenses": 0,
        "generalAndAdministrativeExpenses": 0,
        "sellingAndMarketingExpenses": 0,
        "sellingGeneralAndAdministrativeExpenses": 57800000,
        "otherExpenses": -659000,
        "operatingExpenses": 87973000,
        "costAndExpenses": 462559000,
        "interestIncome": 0,
        "interestExpense": 45042000,
        "depreciationAndAmortization": 237997000,
        "ebitda": 213230000,
        "ebitdaratio": 0.3254674502,
        "operatingIncome": 142100000,
        "operatingIncomeRatio": 0.2168968938,
        "totalOtherIncomeExpensesNet": -59774000,
        "incomeBeforeTax": 82326000,
        "incomeBeforeTaxRatio": 0.1256597726,
        "incomeTaxExpense": 36410000,
        "netIncome": 45518000,
        "netIncomeRatio": 0.069477219,
        "eps": 0.27,
        "epsdiluted": 0.25,
        "weightedAverageShsOut": 173043000,
        "weightedAverageShsOutDil": 173983000,
        "link": "https://www.sec.gov/Archives/edgar/data/717423/000071742318000031/0000717423-18-000031-index.htm",
        "finalLink": "https://www.sec.gov/Archives/edgar/data/717423/000071742318000031/mur-20180630x10q.htm"
    },
    {
        "date": "2018-03-31",
        "symbol": "MUR",
        "reportedCurrency": "USD",
        "cik": "0000717423",
        "fillingDate": "2018-05-03",
        "acceptedDate": "2018-05-02 18:26:22",
        "calendarYear": "2018",
        "period": "Q1",
        "revenue": 606954000,
        "costOfRevenue": 367229000,
        "grossProfit": 239725000,
        "grossProfitRatio": 0.3949640335,
        "researchAndDevelopmentExpenses": 0,
        "generalAndAdministrativeExpenses": 0,
        "sellingAndMarketingExpenses": 0,
        "sellingGeneralAndAdministrativeExpenses": 51417000,
        "otherExpenses": 11048000,
        "operatingExpenses": 90259000,
        "costAndExpenses": 457488000,
        "interestIncome": 4587000,
        "interestExpense": 44541000,
        "depreciationAndAmortization": 230733000,
        "ebitda": 206226000,
        "ebitdaratio": 0.339772042,
        "operatingIncome": 127008000,
        "operatingIncomeRatio": 0.2092547376,
        "totalOtherIncomeExpensesNet": 78147000,
        "incomeBeforeTax": 97043000,
        "incomeBeforeTaxRatio": 0.1598852631,
        "incomeTaxExpense": -71647000,
        "netIncome": 168253000,
        "netIncomeRatio": 0.2772088165,
        "eps": 0.97,
        "epsdiluted": 0.96,
        "weightedAverageShsOut": 172805000,
        "weightedAverageShsOutDil": 174620000,
        "link": "https://www.sec.gov/Archives/edgar/data/717423/000071742318000019/0000717423-18-000019-index.htm",
        "finalLink": "https://www.sec.gov/Archives/edgar/data/717423/000071742318000019/mur-20180331x10q.htm"
    },
    {
        "date": "2017-12-31",
        "symbol": "MUR",
        "reportedCurrency": "USD",
        "cik": "0000717423",
        "fillingDate": "2018-02-26",
        "acceptedDate": "2018-02-23 19:38:48",
        "calendarYear": "2017",
        "period": "Q4",
        "revenue": 544917000,
        "costOfRevenue": 365188000,
        "grossProfit": 179729000,
        "grossProfitRatio": 0.3298282124,
        "researchAndDevelopmentExpenses": 0,
        "generalAndAdministrativeExpenses": 0,
        "sellingAndMarketingExpenses": 0,
        "sellingGeneralAndAdministrativeExpenses": 54507000,
        "otherExpenses": -19718000,
        "operatingExpenses": 110938000,
        "costAndExpenses": 476126000,
        "interestIncome": 25841000,
        "interestExpense": 43360000,
        "depreciationAndAmortization": 242937000,
        "ebitda": 195150000,
        "ebitdaratio": 0.3581279351,
        "operatingIncome": 19894000,
        "operatingIncomeRatio": 0.0365083123,
        "totalOtherIncomeExpensesNet": -24196000,
        "incomeBeforeTax": 2375000,
        "incomeBeforeTaxRatio": 0.0043584619,
        "incomeTaxExpense": 287136000,
        "netIncome": -286791000,
        "netIncomeRatio": -0.5263021708,
        "eps": -1.67,
        "epsdiluted": -1.66,
        "weightedAverageShsOut": 171589011,
        "weightedAverageShsOutDil": 172573000,
        "link": "https://www.sec.gov/Archives/edgar/data/717423/000071742318000011/0000717423-18-000011-index.htm",
        "finalLink": "https://www.sec.gov/Archives/edgar/data/717423/000071742318000011/mur-20171231x10k.htm"
    },
    {
        "date": "2017-09-30",
        "symbol": "MUR",
        "reportedCurrency": "USD",
        "cik": "0000717423",
        "fillingDate": "2017-11-02",
        "acceptedDate": "2017-11-01 17:52:20",
        "calendarYear": "2017",
        "period": "Q3",
        "revenue": 498202000,
        "costOfRevenue": 356387000,
        "grossProfit": 141815000,
        "grossProfitRatio": 0.2846536144,
        "researchAndDevelopmentExpenses": 0,
        "generalAndAdministrativeExpenses": 0,
        "sellingAndMarketingExpenses": 0,
        "sellingGeneralAndAdministrativeExpenses": 56672000,
        "otherExpenses": -2454000,
        "operatingExpenses": 95818000,
        "costAndExpenses": 452205000,
        "interestIncome": 0,
        "interestExpense": 96402000,
        "depreciationAndAmortization": 243636000,
        "ebitda": 281778000,
        "ebitdaratio": 0.5655898611,
        "operatingIncome": 32844000,
        "operatingIncomeRatio": 0.0659250665,
        "totalOtherIncomeExpensesNet": -101700000,
        "incomeBeforeTax": -63558000,
        "incomeBeforeTaxRatio": -0.1275747588,
        "incomeTaxExpense": 2760000,
        "netIncome": -65893000,
        "netIncomeRatio": -0.1322616128,
        "eps": -0.38,
        "epsdiluted": -0.38,
        "weightedAverageShsOut": 172573000,
        "weightedAverageShsOutDil": 172573000,
        "link": "https://www.sec.gov/Archives/edgar/data/717423/000071742317000031/0000717423-17-000031-index.htm",
        "finalLink": "https://www.sec.gov/Archives/edgar/data/717423/000071742317000031/mur-20170930x10q.htm"
    },
    {
        "date": "2017-06-30",
        "symbol": "MUR",
        "reportedCurrency": "USD",
        "cik": "0000717423",
        "fillingDate": "2017-08-02",
        "acceptedDate": "2017-08-02 17:05:25",
        "calendarYear": "2017",
        "period": "Q2",
        "revenue": 509613000,
        "costOfRevenue": 346171000,
        "grossProfit": 163442000,
        "grossProfitRatio": 0.3207178781,
        "researchAndDevelopmentExpenses": 0,
        "generalAndAdministrativeExpenses": 0,
        "sellingAndMarketingExpenses": 0,
        "sellingGeneralAndAdministrativeExpenses": 57332000,
        "otherExpenses": -6377000,
        "operatingExpenses": 87961000,
        "costAndExpenses": 434132000,
        "interestIncome": 0,
        "interestExpense": 78927000,
        "depreciationAndAmortization": 234992000,
        "ebitda": 296543000,
        "ebitdaratio": 0.581898421,
        "operatingIncome": 75481000,
        "operatingIncomeRatio": 0.1481143534,
        "totalOtherIncomeExpensesNet": -83450000,
        "incomeBeforeTax": -21899000,
        "incomeBeforeTaxRatio": -0.0429718237,
        "incomeTaxExpense": -4545000,
        "netIncome": -17571000,
        "netIncomeRatio": -0.0344791047,
        "eps": -0.1,
        "epsdiluted": -0.1,
        "weightedAverageShsOut": 172558000,
        "weightedAverageShsOutDil": 172558000,
        "link": "https://www.sec.gov/Archives/edgar/data/717423/000071742317000021/0000717423-17-000021-index.htm",
        "finalLink": "https://www.sec.gov/Archives/edgar/data/717423/000071742317000021/mur-20170630x10q.htm"
    },
    {
        "date": "2017-03-31",
        "symbol": "MUR",
        "reportedCurrency": "USD",
        "cik": "0000717423",
        "fillingDate": "2017-05-04",
        "acceptedDate": "2017-05-04 16:17:32",
        "calendarYear": "2017",
        "period": "Q1",
        "revenue": 544658000,
        "costOfRevenue": 358296000,
        "grossProfit": 186362000,
        "grossProfitRatio": 0.3421633392,
        "researchAndDevelopmentExpenses": 0,
        "generalAndAdministrativeExpenses": 0,
        "sellingAndMarketingExpenses": 0,
        "sellingGeneralAndAdministrativeExpenses": 54255000,
        "otherExpenses": -2157000,
        "operatingExpenses": 93474000,
        "costAndExpenses": 451770000,
        "interestIncome": 0,
        "interestExpense": 56618000,
        "depreciationAndAmortization": 236154000,
        "ebitda": 450654000,
        "ebitdaratio": 0.8274072904,
        "operatingIncome": 92888000,
        "operatingIncomeRatio": 0.1705437173,
        "totalOtherIncomeExpensesNet": -59618000,
        "incomeBeforeTax": 154882000,
        "incomeBeforeTaxRatio": 0.2843656019,
        "incomeTaxExpense": 97387000,
        "netIncome": 58464000,
        "netIncomeRatio": 0.1073407533,
        "eps": 0.34,
        "epsdiluted": 0.34,
        "weightedAverageShsOut": 172422000,
        "weightedAverageShsOutDil": 173089000,
        "link": "https://www.sec.gov/Archives/edgar/data/717423/000071742317000010/0000717423-17-000010-index.htm",
        "finalLink": "https://www.sec.gov/Archives/edgar/data/717423/000071742317000010/mur-20170331x10q.htm"
    },
    {
        "date": "2016-12-31",
        "symbol": "MUR",
        "reportedCurrency": "USD",
        "cik": "0000717423",
        "fillingDate": "2017-02-24",
        "acceptedDate": "2017-02-24 16:13:41",
        "calendarYear": "2016",
        "period": "Q4",
        "revenue": 482988000,
        "costOfRevenue": 380857000,
        "grossProfit": 102131000,
        "grossProfitRatio": 0.2114565993,
        "researchAndDevelopmentExpenses": 0,
        "generalAndAdministrativeExpenses": 0,
        "sellingAndMarketingExpenses": 0,
        "sellingGeneralAndAdministrativeExpenses": 69067000,
        "otherExpenses": -19596000,
        "operatingExpenses": 98246000,
        "costAndExpenses": 479103000,
        "interestIncome": 24289000,
        "interestExpense": 44281000,
        "depreciationAndAmortization": 256793000,
        "ebitda": 239657000,
        "ebitdaratio": 0.4961965929,
        "operatingIncome": 3885000,
        "operatingIncomeRatio": 0.0080436781,
        "totalOtherIncomeExpensesNet": -19992000,
        "incomeBeforeTax": -80055000,
        "incomeBeforeTaxRatio": -0.1657494596,
        "incomeTaxExpense": -17275000,
        "netIncome": -63922000,
        "netIncomeRatio": -0.1323469734,
        "eps": -0.37,
        "epsdiluted": -0.37,
        "weightedAverageShsOut": 172201000,
        "weightedAverageShsOutDil": 172201000,
        "link": "https://www.sec.gov/Archives/edgar/data/717423/000071742317000005/0000717423-17-000005-index.htm",
        "finalLink": "https://www.sec.gov/Archives/edgar/data/717423/000071742317000005/mur-20161231x10k.htm"
    },
    {
        "date": "2016-09-30",
        "symbol": "MUR",
        "reportedCurrency": "USD",
        "cik": "0000717423",
        "fillingDate": "2016-11-02",
        "acceptedDate": "2016-11-02 16:43:42",
        "calendarYear": "2016",
        "period": "Q3",
        "revenue": 500533000,
        "costOfRevenue": 375563000,
        "grossProfit": 124970000,
        "grossProfitRatio": 0.2496738477,
        "researchAndDevelopmentExpenses": 0,
        "generalAndAdministrativeExpenses": 0,
        "sellingAndMarketingExpenses": 0,
        "sellingGeneralAndAdministrativeExpenses": 55523000,
        "otherExpenses": -6486000,
        "operatingExpenses": 86432000,
        "costAndExpenses": 461995000,
        "interestIncome": 14987000,
        "interestExpense": 39219000,
        "depreciationAndAmortization": 255900000,
        "ebitda": 278360000,
        "ebitdaratio": 0.5561271684,
        "operatingIncome": 24281000,
        "operatingIncomeRatio": 0.048510288,
        "totalOtherIncomeExpensesNet": -41040000,
        "incomeBeforeTax": -16759000,
        "incomeBeforeTaxRatio": -0.0334823079,
        "incomeTaxExpense": -2176000,
        "netIncome": -16176000,
        "netIncomeRatio": -0.0323175495,
        "eps": -0.0939,
        "epsdiluted": -0.0939,
        "weightedAverageShsOut": 172199000,
        "weightedAverageShsOutDil": 172199000,
        "link": "https://www.sec.gov/Archives/edgar/data/717423/000071742316000099/0000717423-16-000099-index.htm",
        "finalLink": "https://www.sec.gov/Archives/edgar/data/717423/000071742316000099/mur-20160930x10q.htm"
    },
    {
        "date": "2016-06-30",
        "symbol": "MUR",
        "reportedCurrency": "USD",
        "cik": "0000717423",
        "fillingDate": "2016-08-04",
        "acceptedDate": "2016-08-04 17:03:49",
        "calendarYear": "2016",
        "period": "Q2",
        "revenue": 437462000,
        "costOfRevenue": 411769000,
        "grossProfit": 25693000,
        "grossProfitRatio": 0.0587319584,
        "researchAndDevelopmentExpenses": 0,
        "generalAndAdministrativeExpenses": 0,
        "sellingAndMarketingExpenses": 0,
        "sellingGeneralAndAdministrativeExpenses": 67113000,
        "otherExpenses": 7516000,
        "operatingExpenses": 116587000,
        "costAndExpenses": 528356000,
        "interestIncome": 22436000,
        "interestExpense": 34450000,
        "depreciationAndAmortization": 255239000,
        "ebitda": 159030000,
        "ebitdaratio": 0.3635287179,
        "operatingIncome": -117139000,
        "operatingIncomeRatio": -0.2677695434,
        "totalOtherIncomeExpensesNet": -134172000,
        "incomeBeforeTax": -131267000,
        "incomeBeforeTaxRatio": -0.3000649199,
        "incomeTaxExpense": -134172000,
        "netIncome": 2930000,
        "netIncomeRatio": 0.0066977246,
        "eps": 0.02,
        "epsdiluted": 0.02,
        "weightedAverageShsOut": 172197000,
        "weightedAverageShsOutDil": 172800000,
        "link": "https://www.sec.gov/Archives/edgar/data/717423/000071742316000093/0000717423-16-000093-index.htm",
        "finalLink": "https://www.sec.gov/Archives/edgar/data/717423/000071742316000093/mur-20160630x10q.htm"
    },
    {
        "date": "2016-03-31",
        "symbol": "MUR",
        "reportedCurrency": "USD",
        "cik": "0000717423",
        "fillingDate": "2016-05-06",
        "acceptedDate": "2016-05-05 17:58:27",
        "calendarYear": "2016",
        "period": "Q1",
        "revenue": 430295000,
        "costOfRevenue": 445252000,
        "grossProfit": -14957000,
        "grossProfitRatio": -0.034759874,
        "researchAndDevelopmentExpenses": 0,
        "generalAndAdministrativeExpenses": 0,
        "sellingAndMarketingExpenses": 0,
        "sellingGeneralAndAdministrativeExpenses": 73507000,
        "otherExpenses": 416000,
        "operatingExpenses": 112548000,
        "costAndExpenses": 557800000,
        "interestIncome": 1179000,
        "interestExpense": 30220000,
        "depreciationAndAmortization": 286149000,
        "ebitda": 53176000,
        "ebitdaratio": 0.1235803344,
        "operatingIncome": -128706000,
        "operatingIncomeRatio": -0.299111075,
        "totalOtherIncomeExpensesNet": -65549000,
        "incomeBeforeTax": -265034000,
        "incomeBeforeTaxRatio": -0.6159355791,
        "incomeTaxExpense": -65549000,
        "netIncome": -198802000,
        "netIncomeRatio": -0.46201327,
        "eps": -1.16,
        "epsdiluted": -1.16,
        "weightedAverageShsOut": 171969827,
        "weightedAverageShsOutDil": 172114000,
        "link": "https://www.sec.gov/Archives/edgar/data/717423/000071742316000072/0000717423-16-000072-index.htm",
        "finalLink": "https://www.sec.gov/Archives/edgar/data/717423/000071742316000072/mur-20160331x10q.htm"
    },
    {
        "date": "2015-12-31",
        "symbol": "MUR",
        "reportedCurrency": "USD",
        "cik": "0000717423",
        "fillingDate": "2016-02-26",
        "acceptedDate": "2016-02-26 09:33:21",
        "calendarYear": "2015",
        "period": "Q4",
        "revenue": 658094000,
        "costOfRevenue": 490271000,
        "grossProfit": 167823000,
        "grossProfitRatio": 0.2550137214,
        "researchAndDevelopmentExpenses": 0,
        "generalAndAdministrativeExpenses": 0,
        "sellingAndMarketingExpenses": 0,
        "sellingGeneralAndAdministrativeExpenses": 68729000,
        "otherExpenses": 3170000,
        "operatingExpenses": 301040000,
        "costAndExpenses": 791311000,
        "interestIncome": 4366000,
        "interestExpense": 30502000,
        "depreciationAndAmortization": 301701000,
        "ebitda": 171654000,
        "ebitdaratio": 0.2608350783,
        "operatingIncome": -137554000,
        "operatingIncomeRatio": -0.2090187724,
        "totalOtherIncomeExpensesNet": -508872000,
        "incomeBeforeTax": -646426000,
        "incomeBeforeTaxRatio": -0.9822700101,
        "incomeTaxExpense": -63192000,
        "netIncome": -587132000,
        "netIncomeRatio": -0.8921704194,
        "eps": -3.42,
        "epsdiluted": -3.41,
        "weightedAverageShsOut": 171686860,
        "weightedAverageShsOutDil": 172031000,
        "link": "https://www.sec.gov/Archives/edgar/data/717423/000071742316000064/0000717423-16-000064-index.htm",
        "finalLink": "https://www.sec.gov/Archives/edgar/data/717423/000071742316000064/mur-20151231x10k.htm"
    },
    {
        "date": "2015-09-30",
        "symbol": "MUR",
        "reportedCurrency": "USD",
        "cik": "0000717423",
        "fillingDate": "2015-11-05",
        "acceptedDate": "2015-11-05 16:31:06",
        "calendarYear": "2015",
        "period": "Q3",
        "revenue": 714949000,
        "costOfRevenue": 617532000,
        "grossProfit": 97417000,
        "grossProfitRatio": 0.1362572715,
        "researchAndDevelopmentExpenses": 0,
        "generalAndAdministrativeExpenses": 0,
        "sellingAndMarketingExpenses": 0,
        "sellingGeneralAndAdministrativeExpenses": 71791000,
        "otherExpenses": -18192000,
        "operatingExpenses": 141858000,
        "costAndExpenses": 759390000,
        "interestIncome": 49300000,
        "interestExpense": 30145000,
        "depreciationAndAmortization": 433706000,
        "ebitda": -1950646000,
        "ebitdaratio": -2.7283708348,
        "operatingIncome": -93801000,
        "operatingIncomeRatio": -0.1311995681,
        "totalOtherIncomeExpensesNet": -2314216000,
        "incomeBeforeTax": -2408017000,
        "incomeBeforeTaxRatio": -3.3680961859,
        "incomeTaxExpense": -820935000,
        "netIncome": -1595426000,
        "netIncomeRatio": -2.2315242066,
        "eps": -9.27,
        "epsdiluted": -9.26,
        "weightedAverageShsOut": 172134725,
        "weightedAverageShsOutDil": 172205000,
        "link": "https://www.sec.gov/Archives/edgar/data/717423/000071742315000050/0000717423-15-000050-index.htm",
        "finalLink": "https://www.sec.gov/Archives/edgar/data/717423/000071742315000050/mur-20150930x10q.htm"
    },
    {
        "date": "2015-06-30",
        "symbol": "MUR",
        "reportedCurrency": "USD",
        "cik": "0000717423",
        "fillingDate": "2015-08-05",
        "acceptedDate": "2015-08-05 11:09:35",
        "calendarYear": "2015",
        "period": "Q2",
        "revenue": 738290000,
        "costOfRevenue": 630879000,
        "grossProfit": 107411000,
        "grossProfitRatio": 0.1454861911,
        "researchAndDevelopmentExpenses": 0,
        "generalAndAdministrativeExpenses": 0,
        "sellingAndMarketingExpenses": 0,
        "sellingGeneralAndAdministrativeExpenses": 79176000,
        "otherExpenses": -13931000,
        "operatingExpenses": 155885000,
        "costAndExpenses": 786764000,
        "interestIncome": 1423000,
        "interestExpense": 28643000,
        "depreciationAndAmortization": 403390000,
        "ebitda": 323765000,
        "ebitdaratio": 0.4385336385,
        "operatingIncome": -68143000,
        "operatingIncomeRatio": -0.0922984193,
        "totalOtherIncomeExpensesNet": -21105000,
        "incomeBeforeTax": -110091000,
        "incomeBeforeTaxRatio": -0.149116201,
        "incomeTaxExpense": -21105000,
        "netIncome": -73834000,
        "netIncomeRatio": -0.1000067724,
        "eps": -0.42,
        "epsdiluted": -0.42,
        "weightedAverageShsOut": 174482695,
        "weightedAverageShsOutDil": 174489000,
        "link": "https://www.sec.gov/Archives/edgar/data/717423/000071742315000033/0000717423-15-000033-index.htm",
        "finalLink": "https://www.sec.gov/Archives/edgar/data/717423/000071742315000033/mur-20150630x10q.htm"
    },
    {
        "date": "2015-03-31",
        "symbol": "MUR",
        "reportedCurrency": "USD",
        "cik": "0000717423",
        "fillingDate": "2015-05-07",
        "acceptedDate": "2015-05-07 12:50:20",
        "calendarYear": "2015",
        "period": "Q1",
        "revenue": 921747000,
        "costOfRevenue": 713448000,
        "grossProfit": 208299000,
        "grossProfitRatio": 0.2259828348,
        "researchAndDevelopmentExpenses": 0,
        "generalAndAdministrativeExpenses": 0,
        "sellingAndMarketingExpenses": 0,
        "sellingGeneralAndAdministrativeExpenses": 86967000,
        "otherExpenses": -49681000,
        "operatingExpenses": 227470000,
        "costAndExpenses": 940918000,
        "interestIncome": 36720000,
        "interestExpense": 28085000,
        "depreciationAndAmortization": 481027000,
        "ebitda": 374798000,
        "ebitdaratio": 0.4066170001,
        "operatingIncome": -191768000,
        "operatingIncomeRatio": -0.2080484124,
        "totalOtherIncomeExpensesNet": -121258000,
        "incomeBeforeTax": -117728000,
        "incomeBeforeTaxRatio": -0.1277226831,
        "incomeTaxExpense": -121258000,
        "netIncome": -14441000,
        "netIncomeRatio": -0.0156669889,
        "eps": -0.0813,
        "epsdiluted": -0.081,
        "weightedAverageShsOut": 177734000,
        "weightedAverageShsOutDil": 178242000,
        "link": "https://www.sec.gov/Archives/edgar/data/717423/000071742315000022/0000717423-15-000022-index.htm",
        "finalLink": "https://www.sec.gov/Archives/edgar/data/717423/000071742315000022/mur-20150331x10q.htm"
    },
    {
        "date": "2014-12-31",
        "symbol": "MUR",
        "reportedCurrency": "USD",
        "cik": "0000717423",
        "fillingDate": "2015-02-27",
        "acceptedDate": "2015-02-27 12:01:18",
        "calendarYear": "2014",
        "period": "Q4",
        "revenue": 1407626000,
        "costOfRevenue": 828104000,
        "grossProfit": 579522000,
        "grossProfitRatio": 0.4117016878,
        "researchAndDevelopmentExpenses": 0,
        "generalAndAdministrativeExpenses": 0,
        "sellingAndMarketingExpenses": 0,
        "sellingGeneralAndAdministrativeExpenses": 94018000,
        "otherExpenses": -23652000,
        "operatingExpenses": 230693000,
        "costAndExpenses": 1058797000,
        "interestIncome": 44780000,
        "interestExpense": 33438000,
        "depreciationAndAmortization": 551854000,
        "ebitda": 802295000,
        "ebitdaratio": 0.5699631862,
        "operatingIncome": 160016000,
        "operatingIncomeRatio": 0.113677923,
        "totalOtherIncomeExpensesNet": 56987000,
        "incomeBeforeTax": 217003000,
        "incomeBeforeTaxRatio": 0.1541623983,
        "incomeTaxExpense": -224958000,
        "netIncome": 375238000,
        "netIncomeRatio": 0.2665750704,
        "eps": 2.11,
        "epsdiluted": 2.1,
        "weightedAverageShsOut": 177497000,
        "weightedAverageShsOutDil": 178415000,
        "link": "https://www.sec.gov/Archives/edgar/data/717423/000071742315000016/0000717423-15-000016-index.htm",
        "finalLink": "https://www.sec.gov/Archives/edgar/data/717423/000071742315000016/mur-20141231x10k.htm"
    },
    {
        "date": "2014-09-30",
        "symbol": "MUR",
        "reportedCurrency": "USD",
        "cik": "0000717423",
        "fillingDate": "2014-11-05",
        "acceptedDate": "2014-11-05 13:28:16",
        "calendarYear": "2014",
        "period": "Q3",
        "revenue": 1433037000,
        "costOfRevenue": 764669000,
        "grossProfit": 668368000,
        "grossProfitRatio": 0.4663996812,
        "researchAndDevelopmentExpenses": 0,
        "generalAndAdministrativeExpenses": 0,
        "sellingAndMarketingExpenses": 0,
        "sellingGeneralAndAdministrativeExpenses": 82960000,
        "otherExpenses": -661000,
        "operatingExpenses": 212993000,
        "costAndExpenses": 977662000,
        "interestIncome": 2163000,
        "interestExpense": 29647000,
        "depreciationAndAmortization": 499151000,
        "ebitda": 925290000,
        "ebitdaratio": 0.6456846543,
        "operatingIncome": 453345000,
        "operatingIncomeRatio": 0.3163526134,
        "totalOtherIncomeExpensesNet": -56853000,
        "incomeBeforeTax": 396493000,
        "incomeBeforeTaxRatio": 0.2766802253,
        "incomeTaxExpense": 125435000,
        "netIncome": 245708000,
        "netIncomeRatio": 0.1714596343,
        "eps": 1.38,
        "epsdiluted": 1.37,
        "weightedAverageShsOut": 177536000,
        "weightedAverageShsOutDil": 178856000,
        "link": "https://www.sec.gov/Archives/edgar/data/717423/000071742314000004/0000717423-14-000004-index.htm",
        "finalLink": "https://www.sec.gov/Archives/edgar/data/717423/000071742314000004/mur-20140930x10q.htm"
    },
    {
        "date": "2014-06-30",
        "symbol": "MUR",
        "reportedCurrency": "USD",
        "cik": "0000717423",
        "fillingDate": "2014-08-05",
        "acceptedDate": "2014-08-05 11:16:18",
        "calendarYear": "2014",
        "period": "Q2",
        "revenue": 1349021000,
        "costOfRevenue": 744858000,
        "grossProfit": 604163000,
        "grossProfitRatio": 0.4478529245,
        "researchAndDevelopmentExpenses": 0,
        "generalAndAdministrativeExpenses": 0,
        "sellingAndMarketingExpenses": 0,
        "sellingGeneralAndAdministrativeExpenses": 95000000,
        "otherExpenses": 178000,
        "operatingExpenses": 242139000,
        "costAndExpenses": 986997000,
        "interestIncome": 0,
        "interestExpense": 28716000,
        "depreciationAndAmortization": 458993000,
        "ebitda": 801186000,
        "ebitdaratio": 0.5939017999,
        "operatingIncome": 370908000,
        "operatingIncomeRatio": 0.2749460535,
        "totalOtherIncomeExpensesNet": -66315000,
        "incomeBeforeTax": 304593000,
        "incomeBeforeTaxRatio": 0.2257881827,
        "incomeTaxExpense": 161925000,
        "netIncome": 129412000,
        "netIncomeRatio": 0.095930308,
        "eps": 0.72,
        "epsdiluted": 0.72,
        "weightedAverageShsOut": 178500000,
        "weightedAverageShsOutDil": 180045000,
        "link": "https://www.sec.gov/Archives/edgar/data/717423/000119312514295011/0001193125-14-295011-index.htm",
        "finalLink": "https://www.sec.gov/Archives/edgar/data/717423/000119312514295011/d735881d10q.htm"
    },
    {
        "date": "2014-03-31",
        "symbol": "MUR",
        "reportedCurrency": "USD",
        "cik": "0000717423",
        "fillingDate": "2014-05-07",
        "acceptedDate": "2014-05-07 12:31:15",
        "calendarYear": "2014",
        "period": "Q1",
        "revenue": 1286400000,
        "costOfRevenue": 658504000,
        "grossProfit": 627896000,
        "grossProfitRatio": 0.4881032338,
        "researchAndDevelopmentExpenses": 0,
        "generalAndAdministrativeExpenses": 0,
        "sellingAndMarketingExpenses": 0,
        "sellingGeneralAndAdministrativeExpenses": 92026000,
        "otherExpenses": -814000,
        "operatingExpenses": 242557000,
        "costAndExpenses": 901061000,
        "interestIncome": 5192000,
        "interestExpense": 24018000,
        "depreciationAndAmortization": 396249000,
        "ebitda": 754448000,
        "ebitdaratio": 0.5864800995,
        "operatingIncome": 380147000,
        "operatingIncomeRatio": 0.2955122823,
        "totalOtherIncomeExpensesNet": -45966000,
        "incomeBeforeTax": 334181000,
        "incomeBeforeTaxRatio": 0.2597800062,
        "incomeTaxExpense": 164895000,
        "netIncome": 155253000,
        "netIncomeRatio": 0.1206879664,
        "eps": 0.86,
        "epsdiluted": 0.85,
        "weightedAverageShsOut": 181368000,
        "weightedAverageShsOutDil": 182577000,
        "link": "https://www.sec.gov/Archives/edgar/data/717423/000119312514186862/0001193125-14-186862-index.htm",
        "finalLink": "https://www.sec.gov/Archives/edgar/data/717423/000119312514186862/d707772d10q.htm"
    },
    {
        "date": "2013-12-31",
        "symbol": "MUR",
        "reportedCurrency": "USD",
        "cik": "0000717423",
        "fillingDate": "2014-02-28",
        "acceptedDate": "2014-02-28 16:40:37",
        "calendarYear": "2013",
        "period": "Q4",
        "revenue": 1347669000,
        "costOfRevenue": 414201000,
        "grossProfit": 933468000,
        "grossProfitRatio": 0.6926537599,
        "researchAndDevelopmentExpenses": 0,
        "generalAndAdministrativeExpenses": 0,
        "sellingAndMarketingExpenses": 0,
        "sellingGeneralAndAdministrativeExpenses": 111463000,
        "otherExpenses": 375138000,
        "operatingExpenses": 715999000,
        "costAndExpenses": 1130200000,
        "interestIncome": 15768000,
        "interestExpense": 22621000,
        "depreciationAndAmortization": 414201000,
        "ebitda": 622636000,
        "ebitdaratio": 0.4620095884,
        "operatingIncome": 227741000,
        "operatingIncomeRatio": 0.1689888244,
        "totalOtherIncomeExpensesNet": -6620000,
        "incomeBeforeTax": 194848000,
        "incomeBeforeTaxRatio": 0.1445814959,
        "incomeTaxExpense": 14361000,
        "netIncome": 75421000,
        "netIncomeRatio": 0.0559640386,
        "eps": 0.41,
        "epsdiluted": 0.4,
        "weightedAverageShsOut": 185204000,
        "weightedAverageShsOutDil": 186620000,
        "link": "https://www.sec.gov/Archives/edgar/data/717423/000119312514077534/0001193125-14-077534-index.htm",
        "finalLink": "https://www.sec.gov/Archives/edgar/data/717423/000119312514077534/d642704d10k.htm"
    },
    {
        "date": "2013-09-30",
        "symbol": "MUR",
        "reportedCurrency": "USD",
        "cik": "0000717423",
        "fillingDate": "2013-11-06",
        "acceptedDate": "2013-11-06 17:04:57",
        "calendarYear": "2013",
        "period": "Q3",
        "revenue": 2957857000,
        "costOfRevenue": 1866214000,
        "grossProfit": 1091643000,
        "grossProfitRatio": 0.3690655093,
        "researchAndDevelopmentExpenses": 0,
        "generalAndAdministrativeExpenses": 0,
        "sellingAndMarketingExpenses": 0,
        "sellingGeneralAndAdministrativeExpenses": 106102000,
        "otherExpenses": 515388000,
        "operatingExpenses": 621490000,
        "costAndExpenses": 2487704000,
        "interestIncome": 53100000,
        "interestExpense": 20524000,
        "depreciationAndAmortization": 406565000,
        "ebitda": 878862000,
        "ebitdaratio": 0.2971279545,
        "operatingIncome": 417087000,
        "operatingIncomeRatio": 0.1410098595,
        "totalOtherIncomeExpensesNet": -3897000,
        "incomeBeforeTax": 449629000,
        "incomeBeforeTaxRatio": 0.1520117436,
        "incomeTaxExpense": 197514000,
        "netIncome": 284809000,
        "netIncomeRatio": 0.0962889687,
        "eps": 1.52,
        "epsdiluted": 1.51,
        "weightedAverageShsOut": 186938000,
        "weightedAverageShsOutDil": 188338000,
        "link": "https://www.sec.gov/Archives/edgar/data/717423/000119312513430358/0001193125-13-430358-index.htm",
        "finalLink": "https://www.sec.gov/Archives/edgar/data/717423/000119312513430358/d599926d10q.htm"
    },
    {
        "date": "2013-06-30",
        "symbol": "MUR",
        "reportedCurrency": "USD",
        "cik": "0000717423",
        "fillingDate": "2013-08-06",
        "acceptedDate": "2013-08-06 10:49:24",
        "calendarYear": "2013",
        "period": "Q2",
        "revenue": 7217842000,
        "costOfRevenue": 5864814000,
        "grossProfit": 1353028000,
        "grossProfitRatio": 0.1874560291,
        "researchAndDevelopmentExpenses": 0,
        "generalAndAdministrativeExpenses": 0,
        "sellingAndMarketingExpenses": 0,
        "sellingGeneralAndAdministrativeExpenses": 115267000,
        "otherExpenses": 627153000,
        "operatingExpenses": 742420000,
        "costAndExpenses": 6607234000,
        "interestIncome": 16652000,
        "interestExpense": 15115000,
        "depreciationAndAmortization": 412288000,
        "ebitda": 850653000,
        "ebitdaratio": 0.1178542007,
        "operatingIncome": 594274000,
        "operatingIncomeRatio": 0.0823340273,
        "totalOtherIncomeExpensesNet": 1271000,
        "incomeBeforeTax": 573906000,
        "incomeBeforeTaxRatio": 0.0795121312,
        "incomeTaxExpense": 241778000,
        "netIncome": 402644000,
        "netIncomeRatio": 0.0557845406,
        "eps": 2.13,
        "epsdiluted": 2.12,
        "weightedAverageShsOut": 189002000,
        "weightedAverageShsOutDil": 189945000,
        "link": "https://www.sec.gov/Archives/edgar/data/717423/000119312513320695/0001193125-13-320695-index.htm",
        "finalLink": "https://www.sec.gov/Archives/edgar/data/717423/000119312513320695/d549078d10q.htm"
    },
    {
        "date": "2013-03-31",
        "symbol": "MUR",
        "reportedCurrency": "USD",
        "cik": "0000717423",
        "fillingDate": "2013-05-07",
        "acceptedDate": "2013-05-07 10:00:51",
        "calendarYear": "2013",
        "period": "Q1",
        "revenue": 6639954000,
        "costOfRevenue": 5393399000,
        "grossProfit": 1246555000,
        "grossProfitRatio": 0.1877354873,
        "researchAndDevelopmentExpenses": 0,
        "generalAndAdministrativeExpenses": 0,
        "sellingAndMarketingExpenses": 0,
        "sellingGeneralAndAdministrativeExpenses": 109742000,
        "otherExpenses": 719760000,
        "operatingExpenses": 829502000,
        "costAndExpenses": 6222901000,
        "interestIncome": 5398000,
        "interestExpense": 13640000,
        "depreciationAndAmortization": 393754000,
        "ebitda": 772072000,
        "ebitdaratio": 0.1162767091,
        "operatingIncome": 425043000,
        "operatingIncomeRatio": 0.0640129435,
        "totalOtherIncomeExpensesNet": -21630000,
        "incomeBeforeTax": 403413000,
        "incomeBeforeTaxRatio": 0.0607553908,
        "incomeTaxExpense": 195443000,
        "netIncome": 360599000,
        "netIncomeRatio": 0.0543074545,
        "eps": 1.89,
        "epsdiluted": 1.88,
        "weightedAverageShsOut": 190810000,
        "weightedAverageShsOutDil": 191765000,
        "link": "https://www.sec.gov/Archives/edgar/data/717423/000119312513203304/0001193125-13-203304-index.htm",
        "finalLink": "https://www.sec.gov/Archives/edgar/data/717423/000119312513203304/d505579d10q.htm"
    },
    {
        "date": "2012-12-31",
        "symbol": "MUR",
        "reportedCurrency": "USD",
        "cik": "0000717423",
        "fillingDate": "2013-02-28",
        "acceptedDate": "2013-02-28 12:04:37",
        "calendarYear": "2012",
        "period": "Q4",
        "revenue": 7389228000,
        "costOfRevenue": 6039176000,
        "grossProfit": 1350052000,
        "grossProfitRatio": 0.1827054193,
        "researchAndDevelopmentExpenses": 0,
        "generalAndAdministrativeExpenses": 0,
        "sellingAndMarketingExpenses": 0,
        "sellingGeneralAndAdministrativeExpenses": 93206000,
        "otherExpenses": 1546053000,
        "operatingExpenses": 820380000,
        "costAndExpenses": 6859556000,
        "interestIncome": 486000,
        "interestExpense": 6014000,
        "depreciationAndAmortization": 402914000,
        "ebitda": 932586000,
        "ebitdaratio": 0.1262088543,
        "operatingIncome": 519957000,
        "operatingIncomeRatio": 0.0703668908,
        "totalOtherIncomeExpensesNet": -257287000,
        "incomeBeforeTax": 262670000,
        "incomeBeforeTaxRatio": 0.0355476919,
        "incomeTaxExpense": 100279000,
        "netIncome": 158687000,
        "netIncomeRatio": 0.0214754505,
        "eps": 0.82,
        "epsdiluted": 0.82,
        "weightedAverageShsOut": 193452000,
        "weightedAverageShsOutDil": 194403000,
        "link": "https://www.sec.gov/Archives/edgar/data/717423/000119312513082919/0001193125-13-082919-index.htm",
        "finalLink": "https://www.sec.gov/Archives/edgar/data/717423/000119312513082919/d446290d10k.htm"
    },
    {
        "date": "2012-09-30",
        "symbol": "MUR",
        "reportedCurrency": "USD",
        "cik": "0000717423",
        "fillingDate": "2012-11-06",
        "acceptedDate": "2012-11-06 12:03:52",
        "calendarYear": "2012",
        "period": "Q3",
        "revenue": 7122277000,
        "costOfRevenue": 6288391000,
        "grossProfit": 833886000,
        "grossProfitRatio": 0.1170813772,
        "researchAndDevelopmentExpenses": 0,
        "generalAndAdministrativeExpenses": 0,
        "sellingAndMarketingExpenses": 0,
        "sellingGeneralAndAdministrativeExpenses": 85509000,
        "otherExpenses": 340258000,
        "operatingExpenses": 425767000,
        "costAndExpenses": 6714158000,
        "interestIncome": 0,
        "interestExpense": 1480000,
        "depreciationAndAmortization": 309565000,
        "ebitda": 661746000,
        "ebitdaratio": 0.0929121403,
        "operatingIncome": 408119000,
        "operatingIncomeRatio": 0.057301759,
        "totalOtherIncomeExpensesNet": -10108000,
        "incomeBeforeTax": 406639000,
        "incomeBeforeTaxRatio": 0.0570939603,
        "incomeTaxExpense": 177728000,
        "netIncome": 226681000,
        "netIncomeRatio": 0.0318270407,
        "eps": 1.17,
        "epsdiluted": 1.16,
        "weightedAverageShsOut": 194290000,
        "weightedAverageShsOutDil": 195058000,
        "link": "https://www.sec.gov/Archives/edgar/data/717423/000119312512453735/0001193125-12-453735-index.htm",
        "finalLink": "https://www.sec.gov/Archives/edgar/data/717423/000119312512453735/d417866d10q.htm"
    },
    {
        "date": "2012-06-30",
        "symbol": "MUR",
        "reportedCurrency": "USD",
        "cik": "0000717423",
        "fillingDate": "2012-08-06",
        "acceptedDate": "2012-08-06 16:05:47",
        "calendarYear": "2012",
        "period": "Q2",
        "revenue": 7190339000,
        "costOfRevenue": 6266506000,
        "grossProfit": 923833000,
        "grossProfitRatio": 0.1284825375,
        "researchAndDevelopmentExpenses": 0,
        "generalAndAdministrativeExpenses": 0,
        "sellingAndMarketingExpenses": 0,
        "sellingGeneralAndAdministrativeExpenses": 89447000,
        "otherExpenses": -9777000,
        "operatingExpenses": 412171000,
        "costAndExpenses": 6678677000,
        "interestIncome": 10842000,
        "interestExpense": 2122000,
        "depreciationAndAmortization": 322724000,
        "ebitda": 799981000,
        "ebitdaratio": 0.1112577585,
        "operatingIncome": 511662000,
        "operatingIncomeRatio": 0.0711596491,
        "totalOtherIncomeExpensesNet": -23625000,
        "incomeBeforeTax": 499763000,
        "incomeBeforeTaxRatio": 0.0695047897,
        "incomeTaxExpense": 204326000,
        "netIncome": 295437000,
        "netIncomeRatio": 0.0410880488,
        "eps": 1.52,
        "epsdiluted": 1.52,
        "weightedAverageShsOut": 194209000,
        "weightedAverageShsOutDil": 194846000,
        "link": "https://www.sec.gov/Archives/edgar/data/717423/000119312512337717/0001193125-12-337717-index.htm",
        "finalLink": "https://www.sec.gov/Archives/edgar/data/717423/000119312512337717/d366724d10q.htm"
    },
    {
        "date": "2012-03-31",
        "symbol": "MUR",
        "reportedCurrency": "USD",
        "cik": "0000717423",
        "fillingDate": "2012-05-07",
        "acceptedDate": "2012-05-07 16:17:04",
        "calendarYear": "2012",
        "period": "Q1",
        "revenue": 6994519000,
        "costOfRevenue": 6061255000,
        "grossProfit": 933264000,
        "grossProfitRatio": 0.1334279026,
        "researchAndDevelopmentExpenses": 0,
        "generalAndAdministrativeExpenses": 0,
        "sellingAndMarketingExpenses": 0,
        "sellingGeneralAndAdministrativeExpenses": 89187000,
        "otherExpenses": -9778000,
        "operatingExpenses": 429561000,
        "costAndExpenses": 6490816000,
        "interestIncome": 3073000,
        "interestExpense": 5316000,
        "depreciationAndAmortization": 340374000,
        "ebitda": 803540000,
        "ebitdaratio": 0.1148813807,
        "operatingIncome": 503703000,
        "operatingIncomeRatio": 0.0720139584,
        "totalOtherIncomeExpensesNet": -38067000,
        "incomeBeforeTax": 488609000,
        "incomeBeforeTaxRatio": 0.0698559829,
        "incomeTaxExpense": 198538000,
        "netIncome": 290071000,
        "netIncomeRatio": 0.0414711862,
        "eps": 1.5,
        "epsdiluted": 1.49,
        "weightedAverageShsOut": 193922000,
        "weightedAverageShsOutDil": 194885000,
        "link": "https://www.sec.gov/Archives/edgar/data/717423/000119312512215048/0001193125-12-215048-index.htm",
        "finalLink": "https://www.sec.gov/Archives/edgar/data/717423/000119312512215048/d329776d10q.htm"
    },
    {
        "date": "2011-12-31",
        "symbol": "MUR",
        "reportedCurrency": "USD",
        "cik": "0000717423",
        "fillingDate": "2012-02-28",
        "acceptedDate": "2012-02-28 15:36:11",
        "calendarYear": "2011",
        "period": "Q4",
        "revenue": 6783970000,
        "costOfRevenue": 5459021000,
        "grossProfit": 1324949000,
        "grossProfitRatio": 0.195305846,
        "researchAndDevelopmentExpenses": 0,
        "generalAndAdministrativeExpenses": 0,
        "sellingAndMarketingExpenses": 0,
        "sellingGeneralAndAdministrativeExpenses": 80252000,
        "otherExpenses": 804381000,
        "operatingExpenses": 884633000,
        "costAndExpenses": 6343654000,
        "interestIncome": 33538000,
        "interestExpense": 10599000,
        "depreciationAndAmortization": 299961000,
        "ebitda": 773815000,
        "ebitdaratio": 0.1140652155,
        "operatingIncome": 440316000,
        "operatingIncomeRatio": 0.0649053578,
        "totalOtherIncomeExpensesNet": -340310000,
        "incomeBeforeTax": 100006000,
        "incomeBeforeTaxRatio": 0.0147415157,
        "incomeTaxExpense": 213273000,
        "netIncome": -113928000,
        "netIncomeRatio": -0.0167937063,
        "eps": -0.59,
        "epsdiluted": -0.59,
        "weightedAverageShsOut": 193610009,
        "weightedAverageShsOutDil": 193922000,
        "link": "https://www.sec.gov/Archives/edgar/data/717423/000119312512084989/0001193125-12-084989-index.htm",
        "finalLink": "https://www.sec.gov/Archives/edgar/data/717423/000119312512084989/d264832d10k.htm"
    },
    {
        "date": "2011-09-30",
        "symbol": "MUR",
        "reportedCurrency": "USD",
        "cik": "0000717423",
        "fillingDate": "2011-11-04",
        "acceptedDate": "2011-11-04 11:31:49",
        "calendarYear": "2011",
        "period": "Q3",
        "revenue": 7240443000,
        "costOfRevenue": 6335425000,
        "grossProfit": 905018000,
        "grossProfitRatio": 0.124994838,
        "researchAndDevelopmentExpenses": 0,
        "generalAndAdministrativeExpenses": 0,
        "sellingAndMarketingExpenses": 0,
        "sellingGeneralAndAdministrativeExpenses": 73561000,
        "otherExpenses": 282265000,
        "operatingExpenses": 346475000,
        "costAndExpenses": 6681900000,
        "interestIncome": 0,
        "interestExpense": 14854000,
        "depreciationAndAmortization": 245289000,
        "ebitda": 812835000,
        "ebitdaratio": 0.1122631585,
        "operatingIncome": 549192000,
        "operatingIncomeRatio": 0.0758506075,
        "totalOtherIncomeExpensesNet": -22481000,
        "incomeBeforeTax": 534338000,
        "incomeBeforeTaxRatio": 0.0737990756,
        "incomeTaxExpense": 198597000,
        "netIncome": 406114000,
        "netIncomeRatio": 0.0560896619,
        "eps": 2.1,
        "epsdiluted": 2.09,
        "weightedAverageShsOut": 193518000,
        "weightedAverageShsOutDil": 194411000,
        "link": "https://www.sec.gov/Archives/edgar/data/717423/000119312511296733/0001193125-11-296733-index.htm",
        "finalLink": "https://www.sec.gov/Archives/edgar/data/717423/000119312511296733/d237676d10q.htm"
    },
    {
        "date": "2011-06-30",
        "symbol": "MUR",
        "reportedCurrency": "USD",
        "cik": "0000717423",
        "fillingDate": "2011-08-05",
        "acceptedDate": "2011-08-05 11:33:47",
        "calendarYear": "2011",
        "period": "Q2",
        "revenue": 8721491000,
        "costOfRevenue": 7792362000,
        "grossProfit": 929129000,
        "grossProfitRatio": 0.1065332751,
        "researchAndDevelopmentExpenses": 0,
        "generalAndAdministrativeExpenses": 0,
        "sellingAndMarketingExpenses": 0,
        "sellingGeneralAndAdministrativeExpenses": 86033000,
        "otherExpenses": -9658000,
        "operatingExpenses": 356849000,
        "costAndExpenses": 8149211000,
        "interestIncome": 8272000,
        "interestExpense": 9961000,
        "depreciationAndAmortization": 259031000,
        "ebitda": 771951000,
        "ebitdaratio": 0.0885113566,
        "operatingIncome": 572280000,
        "operatingIncomeRatio": 0.0656172207,
        "totalOtherIncomeExpensesNet": -67075000,
        "incomeBeforeTax": 552661000,
        "incomeBeforeTaxRatio": 0.06336772,
        "incomeTaxExpense": 241048000,
        "netIncome": 311613000,
        "netIncomeRatio": 0.0357293266,
        "eps": 1.61,
        "epsdiluted": 1.6,
        "weightedAverageShsOut": 193482000,
        "weightedAverageShsOutDil": 194916000,
        "link": "https://www.sec.gov/Archives/edgar/data/717423/000119312511211715/0001193125-11-211715-index.htm",
        "finalLink": "https://www.sec.gov/Archives/edgar/data/717423/000119312511211715/d10q.htm"
    },
    {
        "date": "2011-03-31",
        "symbol": "MUR",
        "reportedCurrency": "USD",
        "cik": "0000717423",
        "fillingDate": "2011-05-06",
        "acceptedDate": "2011-05-06 10:25:02",
        "calendarYear": "2011",
        "period": "Q1",
        "revenue": 7351667000,
        "costOfRevenue": 6529074000,
        "grossProfit": 822593000,
        "grossProfitRatio": 0.1118920375,
        "researchAndDevelopmentExpenses": 0,
        "generalAndAdministrativeExpenses": 0,
        "sellingAndMarketingExpenses": 0,
        "sellingGeneralAndAdministrativeExpenses": 75467000,
        "otherExpenses": -9487000,
        "operatingExpenses": 347456000,
        "costAndExpenses": 6876530000,
        "interestIncome": 5611000,
        "interestExpense": 5286000,
        "depreciationAndAmortization": 289125000,
        "ebitda": 680466000,
        "ebitdaratio": 0.0925594154,
        "operatingIncome": 469786000,
        "operatingIncomeRatio": 0.0639019694,
        "totalOtherIncomeExpensesNet": -9422000,
        "incomeBeforeTax": 460364000,
        "incomeBeforeTaxRatio": 0.0626203554,
        "incomeTaxExpense": 191461000,
        "netIncome": 268903000,
        "netIncomeRatio": 0.0365771464,
        "eps": 1.39,
        "epsdiluted": 1.38,
        "weightedAverageShsOut": 193093000,
        "weightedAverageShsOutDil": 194597000,
        "link": "https://www.sec.gov/Archives/edgar/data/717423/000119312511129910/0001193125-11-129910-index.htm",
        "finalLink": "https://www.sec.gov/Archives/edgar/data/717423/000119312511129910/d10q.htm"
    },
    {
        "date": "2010-12-31",
        "symbol": "MUR",
        "reportedCurrency": "USD",
        "cik": "0000717423",
        "fillingDate": "2011-02-28",
        "acceptedDate": "2011-02-28 13:17:45",
        "calendarYear": "2010",
        "period": "Q4",
        "revenue": 6509197000,
        "costOfRevenue": 5503584000,
        "grossProfit": 1005613000,
        "grossProfitRatio": 0.1544910993,
        "researchAndDevelopmentExpenses": 0,
        "generalAndAdministrativeExpenses": 0,
        "sellingAndMarketingExpenses": 0,
        "sellingGeneralAndAdministrativeExpenses": 60407000,
        "otherExpenses": 644870000,
        "operatingExpenses": 705277000,
        "costAndExpenses": 6208861000,
        "interestIncome": 0,
        "interestExpense": 0,
        "depreciationAndAmortization": 221794000,
        "ebitda": 598946000,
        "ebitdaratio": 0.0920153438,
        "operatingIncome": 300336000,
        "operatingIncomeRatio": 0.0461402536,
        "totalOtherIncomeExpensesNet": 22773000,
        "incomeBeforeTax": 323109000,
        "incomeBeforeTaxRatio": 0.0496388418,
        "incomeTaxExpense": 149040000,
        "netIncome": 174069000,
        "netIncomeRatio": 0.0267420083,
        "eps": 0.9,
        "epsdiluted": 0.9,
        "weightedAverageShsOut": 192590428,
        "weightedAverageShsOutDil": 193093000,
        "link": "https://www.sec.gov/Archives/edgar/data/717423/000119312511049276/0001193125-11-049276-index.htm",
        "finalLink": "https://www.sec.gov/Archives/edgar/data/717423/000119312511049276/d10k.htm"
    },
    {
        "date": "2010-09-30",
        "symbol": "MUR",
        "reportedCurrency": "USD",
        "cik": "0000717423",
        "fillingDate": "2010-11-05",
        "acceptedDate": "2010-11-05 09:58:52",
        "calendarYear": "2010",
        "period": "Q3",
        "revenue": 6063783000,
        "costOfRevenue": 5328444000,
        "grossProfit": 735339000,
        "grossProfitRatio": 0.1212673673,
        "researchAndDevelopmentExpenses": 0,
        "generalAndAdministrativeExpenses": 0,
        "sellingAndMarketingExpenses": 0,
        "sellingGeneralAndAdministrativeExpenses": 367297000,
        "otherExpenses": 0,
        "operatingExpenses": 367297000,
        "costAndExpenses": 5695741000,
        "interestIncome": 4708000,
        "interestExpense": 12751000,
        "depreciationAndAmortization": 285280000,
        "ebitda": 633378000,
        "ebitdaratio": 0.1044526165,
        "operatingIncome": 360757000,
        "operatingIncomeRatio": 0.0594937187,
        "totalOtherIncomeExpensesNet": -8043000,
        "incomeBeforeTax": 359999000,
        "incomeBeforeTaxRatio": 0.0593687142,
        "incomeTaxExpense": 157167000,
        "netIncome": 202832000,
        "netIncomeRatio": 0.0334497458,
        "eps": 1.06,
        "epsdiluted": 1.05,
        "weightedAverageShsOut": 191944000,
        "weightedAverageShsOutDil": 193438000,
        "link": "https://www.sec.gov/Archives/edgar/data/717423/000119312510249307/0001193125-10-249307-index.htm",
        "finalLink": "https://www.sec.gov/Archives/edgar/data/717423/000119312510249307/d10q.htm"
    },
    {
        "date": "2010-06-30",
        "symbol": "MUR",
        "reportedCurrency": "USD",
        "cik": "0000717423",
        "fillingDate": "2010-08-06",
        "acceptedDate": "2010-08-06 12:32:55",
        "calendarYear": "2010",
        "period": "Q2",
        "revenue": 5591931000,
        "costOfRevenue": 4766504000,
        "grossProfit": 825427000,
        "grossProfitRatio": 0.1476103693,
        "researchAndDevelopmentExpenses": 0,
        "generalAndAdministrativeExpenses": 0,
        "sellingAndMarketingExpenses": 0,
        "sellingGeneralAndAdministrativeExpenses": 74197000,
        "otherExpenses": -7844000,
        "operatingExpenses": 370253000,
        "costAndExpenses": 5136757000,
        "interestIncome": 0,
        "interestExpense": 10197000,
        "depreciationAndAmortization": 324702000,
        "ebitda": 743386000,
        "ebitdaratio": 0.1329390509,
        "operatingIncome": 468364000,
        "operatingIncomeRatio": 0.0837571136,
        "totalOtherIncomeExpensesNet": -23387000,
        "incomeBeforeTax": 444977000,
        "incomeBeforeTaxRatio": 0.0795748374,
        "incomeTaxExpense": 172688000,
        "netIncome": 272289000,
        "netIncomeRatio": 0.0486931974,
        "eps": 1.42,
        "epsdiluted": 1.41,
        "weightedAverageShsOut": 191586000,
        "weightedAverageShsOutDil": 193169000,
        "link": "https://www.sec.gov/Archives/edgar/data/717423/000119312510180877/0001193125-10-180877-index.htm",
        "finalLink": "https://www.sec.gov/Archives/edgar/data/717423/000119312510180877/d10q.htm"
    },
    {
        "date": "2010-03-31",
        "symbol": "MUR",
        "reportedCurrency": "USD",
        "cik": "0000717423",
        "fillingDate": "2010-05-07",
        "acceptedDate": "2010-05-07 11:25:00",
        "calendarYear": "2010",
        "period": "Q1",
        "revenue": 5180160000,
        "costOfRevenue": 4510930000,
        "grossProfit": 669230000,
        "grossProfitRatio": 0.1291909902,
        "researchAndDevelopmentExpenses": 0,
        "generalAndAdministrativeExpenses": 0,
        "sellingAndMarketingExpenses": 0,
        "sellingGeneralAndAdministrativeExpenses": 70647000,
        "otherExpenses": 292680000,
        "operatingExpenses": 363327000,
        "costAndExpenses": 4874257000,
        "interestIncome": 2665000,
        "interestExpense": 12144000,
        "depreciationAndAmortization": 320718000,
        "ebitda": 590970000,
        "ebitdaratio": 0.1140833488,
        "operatingIncome": 298290000,
        "operatingIncomeRatio": 0.0575831635,
        "totalOtherIncomeExpensesNet": -12144000,
        "incomeBeforeTax": 286146000,
        "incomeBeforeTaxRatio": 0.0552388343,
        "incomeTaxExpense": 137255000,
        "netIncome": 148891000,
        "netIncomeRatio": 0.0287425485,
        "eps": 0.78,
        "epsdiluted": 0.77,
        "weightedAverageShsOut": 191219000,
        "weightedAverageShsOutDil": 192930000,
        "link": "https://www.sec.gov/Archives/edgar/data/717423/000119312510112280/0001193125-10-112280-index.htm",
        "finalLink": "https://www.sec.gov/Archives/edgar/data/717423/000119312510112280/d10q.htm"
    },
    {
        "date": "2009-12-31",
        "symbol": "MUR",
        "reportedCurrency": "USD",
        "cik": "0000717423",
        "fillingDate": "2010-02-26",
        "acceptedDate": "2010-02-26 15:43:04",
        "calendarYear": "2009",
        "period": "Q4",
        "revenue": 5827237000,
        "costOfRevenue": 4339162000,
        "grossProfit": 1488075000,
        "grossProfitRatio": 0.2553654502,
        "researchAndDevelopmentExpenses": 0,
        "generalAndAdministrativeExpenses": 0,
        "sellingAndMarketingExpenses": 0,
        "sellingGeneralAndAdministrativeExpenses": 95092000,
        "otherExpenses": 817222000,
        "operatingExpenses": 912314000,
        "costAndExpenses": 5251476000,
        "interestIncome": -26585000,
        "interestExpense": 43836000,
        "depreciationAndAmortization": 390634000,
        "ebitda": 971204000,
        "ebitdaratio": 0.1666662948,
        "operatingIncome": 575761000,
        "operatingIncomeRatio": 0.0988051456,
        "totalOtherIncomeExpensesNet": -39027000,
        "incomeBeforeTax": 536734000,
        "incomeBeforeTaxRatio": 0.0921078034,
        "incomeTaxExpense": 217178000,
        "netIncome": 318870000,
        "netIncomeRatio": 0.0547206163,
        "eps": 1.67,
        "epsdiluted": 1.67,
        "weightedAverageShsOut": 190992632,
        "weightedAverageShsOutDil": 191219000,
        "link": "https://www.sec.gov/Archives/edgar/data/717423/000119312510042802/0001193125-10-042802-index.htm",
        "finalLink": "https://www.sec.gov/Archives/edgar/data/717423/000119312510042802/d10k.htm"
    },
    {
        "date": "2009-09-30",
        "symbol": "MUR",
        "reportedCurrency": "USD",
        "cik": "0000717423",
        "fillingDate": "2009-11-06",
        "acceptedDate": "2009-11-06 12:17:24",
        "calendarYear": "2009",
        "period": "Q3",
        "revenue": 5183757000,
        "costOfRevenue": 4130612000,
        "grossProfit": 1053145000,
        "grossProfitRatio": 0.2031624939,
        "researchAndDevelopmentExpenses": 0,
        "generalAndAdministrativeExpenses": 0,
        "sellingAndMarketingExpenses": 0,
        "sellingGeneralAndAdministrativeExpenses": 58013000,
        "otherExpenses": 245539000,
        "operatingExpenses": 725173000,
        "costAndExpenses": 4855785000,
        "interestIncome": 4135000,
        "interestExpense": 8476000,
        "depreciationAndAmortization": 264952000,
        "ebitda": 592924000,
        "ebitdaratio": 0.1143811332,
        "operatingIncome": 321255000,
        "operatingIncomeRatio": 0.0619733911,
        "totalOtherIncomeExpensesNet": -23463000,
        "incomeBeforeTax": 312779000,
        "incomeBeforeTaxRatio": 0.0603382836,
        "incomeTaxExpense": 123902000,
        "netIncome": 188877000,
        "netIncomeRatio": 0.0364363144,
        "eps": 0.99,
        "epsdiluted": 0.98,
        "weightedAverageShsOut": 190811000,
        "weightedAverageShsOutDil": 192642000,
        "link": "https://www.sec.gov/Archives/edgar/data/717423/000119312509226991/0001193125-09-226991-index.htm",
        "finalLink": "https://www.sec.gov/Archives/edgar/data/717423/000119312509226991/d10q.htm"
    },
    {
        "date": "2009-06-30",
        "symbol": "MUR",
        "reportedCurrency": "USD",
        "cik": "0000717423",
        "fillingDate": "2009-08-07",
        "acceptedDate": "2009-08-07 13:46:21",
        "calendarYear": "2009",
        "period": "Q2",
        "revenue": 4555846000,
        "costOfRevenue": 3609477000,
        "grossProfit": 946369000,
        "grossProfitRatio": 0.2077262928,
        "researchAndDevelopmentExpenses": 0,
        "generalAndAdministrativeExpenses": 0,
        "sellingAndMarketingExpenses": 0,
        "sellingGeneralAndAdministrativeExpenses": 96693000,
        "otherExpenses": 197429000,
        "operatingExpenses": 668011000,
        "costAndExpenses": 4277488000,
        "interestIncome": 56282000,
        "interestExpense": 1057000,
        "depreciationAndAmortization": 231587000,
        "ebitda": 509945000,
        "ebitdaratio": 0.11193201,
        "operatingIncome": 272194000,
        "operatingIncomeRatio": 0.0597460933,
        "totalOtherIncomeExpensesNet": -31475000,
        "incomeBeforeTax": 271137000,
        "incomeBeforeTaxRatio": 0.0595140837,
        "incomeTaxExpense": 110293000,
        "netIncome": 158770000,
        "netIncomeRatio": 0.0348497293,
        "eps": 0.83,
        "epsdiluted": 0.83,
        "weightedAverageShsOut": 190747000,
        "weightedAverageShsOutDil": 192381000,
        "link": "https://www.sec.gov/Archives/edgar/data/717423/000119312509168802/0001193125-09-168802-index.htm",
        "finalLink": "https://www.sec.gov/Archives/edgar/data/717423/000119312509168802/d10q.htm"
    },
    {
        "date": "2009-03-31",
        "symbol": "MUR",
        "reportedCurrency": "USD",
        "cik": "0000717423",
        "fillingDate": "2009-05-07",
        "acceptedDate": "2009-05-07 12:39:22",
        "calendarYear": "2009",
        "period": "Q1",
        "revenue": 3445552000,
        "costOfRevenue": 3391871000,
        "grossProfit": 53681000,
        "grossProfitRatio": 0.0155797968,
        "researchAndDevelopmentExpenses": 0,
        "generalAndAdministrativeExpenses": 0,
        "sellingAndMarketingExpenses": 0,
        "sellingGeneralAndAdministrativeExpenses": 63085000,
        "otherExpenses": -169257000,
        "operatingExpenses": -106172000,
        "costAndExpenses": 3285699000,
        "interestIncome": 29110000,
        "interestExpense": 1665000,
        "depreciationAndAmortization": 194769000,
        "ebitda": 363280000,
        "ebitdaratio": 0.1054344848,
        "operatingIncome": 159853000,
        "operatingIncomeRatio": 0.0463940176,
        "totalOtherIncomeExpensesNet": -3330000,
        "incomeBeforeTax": 156523000,
        "incomeBeforeTaxRatio": 0.0454275541,
        "incomeTaxExpense": 85283000,
        "netIncome": 171104000,
        "netIncomeRatio": 0.0496593869,
        "eps": 0.9,
        "epsdiluted": 0.89,
        "weightedAverageShsOut": 190545771,
        "weightedAverageShsOutDil": 192281803,
        "link": "https://www.sec.gov/Archives/edgar/data/717423/000119312509102972/0001193125-09-102972-index.htm",
        "finalLink": "https://www.sec.gov/Archives/edgar/data/717423/000119312509102972/d10q.htm"
    },
    {
        "date": "2008-12-31",
        "symbol": "MUR",
        "reportedCurrency": "USD",
        "cik": "0000717423",
        "fillingDate": "2009-02-27",
        "acceptedDate": "2009-02-27 13:24:07",
        "calendarYear": "2008",
        "period": "Q4",
        "revenue": 4551234000,
        "costOfRevenue": 3887174000,
        "grossProfit": 664060000,
        "grossProfitRatio": 0.1459076813,
        "researchAndDevelopmentExpenses": 0,
        "generalAndAdministrativeExpenses": 0,
        "sellingAndMarketingExpenses": 0,
        "sellingGeneralAndAdministrativeExpenses": 58793000,
        "otherExpenses": 200273000,
        "operatingExpenses": 259066000,
        "costAndExpenses": 4146240000,
        "interestIncome": 0,
        "interestExpense": 0,
        "depreciationAndAmortization": 233640000,
        "ebitda": 638634000,
        "ebitdaratio": 0.1403210646,
        "operatingIncome": 396140000,
        "operatingIncomeRatio": 0.0870401302,
        "totalOtherIncomeExpensesNet": -125197000,
        "incomeBeforeTax": 270943000,
        "incomeBeforeTaxRatio": 0.0595317665,
        "incomeTaxExpense": 143575000,
        "netIncome": 127368000,
        "netIncomeRatio": 0.0279853772,
        "eps": 0.67,
        "epsdiluted": 0.67,
        "weightedAverageShsOut": 189936413,
        "weightedAverageShsOutDil": 190545771,
        "link": "https://www.sec.gov/Archives/edgar/data/717423/000119312509040617/0001193125-09-040617-index.htm",
        "finalLink": "https://www.sec.gov/Archives/edgar/data/717423/000119312509040617/d10k.htm"
    },
    {
        "date": "2008-09-30",
        "symbol": "MUR",
        "reportedCurrency": "USD",
        "cik": "0000717423",
        "fillingDate": "2008-11-07",
        "acceptedDate": "2008-11-07 15:44:03",
        "calendarYear": "2008",
        "period": "Q3",
        "revenue": 8203293000,
        "costOfRevenue": 7020079000,
        "grossProfit": 1183214000,
        "grossProfitRatio": 0.144236467,
        "researchAndDevelopmentExpenses": 0,
        "generalAndAdministrativeExpenses": 0,
        "sellingAndMarketingExpenses": 0,
        "sellingGeneralAndAdministrativeExpenses": 56552000,
        "otherExpenses": 174635000,
        "operatingExpenses": 231187000,
        "costAndExpenses": 7251266000,
        "interestIncome": 7292000,
        "interestExpense": 16622000,
        "depreciationAndAmortization": 210923000,
        "ebitda": 1173306000,
        "ebitdaratio": 0.1430286593,
        "operatingIncome": 946681000,
        "operatingIncomeRatio": 0.1154025585,
        "totalOtherIncomeExpensesNet": -27247000,
        "incomeBeforeTax": 920091000,
        "incomeBeforeTaxRatio": 0.1121611772,
        "incomeTaxExpense": 335669000,
        "netIncome": 584422000,
        "netIncomeRatio": 0.0712423657,
        "eps": 3.08,
        "epsdiluted": 3.04,
        "weightedAverageShsOut": 189787636,
        "weightedAverageShsOutDil": 192243448,
        "link": "https://www.sec.gov/Archives/edgar/data/717423/000119312508229930/0001193125-08-229930-index.htm",
        "finalLink": "https://www.sec.gov/Archives/edgar/data/717423/000119312508229930/d10q.htm"
    },
    {
        "date": "2008-06-30",
        "symbol": "MUR",
        "reportedCurrency": "USD",
        "cik": "0000717423",
        "fillingDate": "2008-08-08",
        "acceptedDate": "2008-08-08 11:03:30",
        "calendarYear": "2008",
        "period": "Q2",
        "revenue": 8363150000,
        "costOfRevenue": 7152044000,
        "grossProfit": 1211106000,
        "grossProfitRatio": 0.1448145735,
        "researchAndDevelopmentExpenses": 0,
        "generalAndAdministrativeExpenses": 0,
        "sellingAndMarketingExpenses": 0,
        "sellingGeneralAndAdministrativeExpenses": 55569000,
        "otherExpenses": 165272000,
        "operatingExpenses": 220841000,
        "costAndExpenses": 7372885000,
        "interestIncome": 3151000,
        "interestExpense": 21551000,
        "depreciationAndAmortization": 200839000,
        "ebitda": 1139353000,
        "ebitdaratio": 0.1362349115,
        "operatingIncome": 985137000,
        "operatingIncomeRatio": 0.1177949696,
        "totalOtherIncomeExpensesNet": -16660000,
        "incomeBeforeTax": 969581000,
        "incomeBeforeTaxRatio": 0.1159349049,
        "incomeTaxExpense": 350377000,
        "netIncome": 619204000,
        "netIncomeRatio": 0.0740395664,
        "eps": 3.27,
        "epsdiluted": 3.22,
        "weightedAverageShsOut": 189564247,
        "weightedAverageShsOutDil": 192263483,
        "link": "https://www.sec.gov/Archives/edgar/data/717423/000119312508171318/0001193125-08-171318-index.htm",
        "finalLink": "https://www.sec.gov/Archives/edgar/data/717423/000119312508171318/d10q.htm"
    },
    {
        "date": "2008-03-31",
        "symbol": "MUR",
        "reportedCurrency": "USD",
        "cik": "0000717423",
        "fillingDate": "2008-05-08",
        "acceptedDate": "2008-05-08 17:16:55",
        "calendarYear": "2008",
        "period": "Q1",
        "revenue": 6489874000,
        "costOfRevenue": 5623427000,
        "grossProfit": 866447000,
        "grossProfitRatio": 0.1335075226,
        "researchAndDevelopmentExpenses": 0,
        "generalAndAdministrativeExpenses": 0,
        "sellingAndMarketingExpenses": 0,
        "sellingGeneralAndAdministrativeExpenses": 58888000,
        "otherExpenses": 172822000,
        "operatingExpenses": 231710000,
        "costAndExpenses": 5855137000,
        "interestIncome": 471000,
        "interestExpense": 21153000,
        "depreciationAndAmortization": 206946000,
        "ebitda": 831524000,
        "ebitdaratio": 0.1281263704,
        "operatingIncome": 629581000,
        "operatingIncomeRatio": 0.0970097416,
        "totalOtherIncomeExpensesNet": 28355000,
        "incomeBeforeTax": 657936000,
        "incomeBeforeTaxRatio": 0.1013788557,
        "incomeTaxExpense": 248944000,
        "netIncome": 408992000,
        "netIncomeRatio": 0.0630200217,
        "eps": 2.16,
        "epsdiluted": 2.14,
        "weightedAverageShsOut": 189150647,
        "weightedAverageShsOutDil": 191550683,
        "link": "https://www.sec.gov/Archives/edgar/data/717423/000119312508108037/0001193125-08-108037-index.htm",
        "finalLink": "https://www.sec.gov/Archives/edgar/data/717423/000119312508108037/d10q.htm"
    },
    {
        "date": "2007-12-31",
        "symbol": "MUR",
        "reportedCurrency": "USD",
        "cik": "0000717423",
        "fillingDate": "2008-02-29",
        "acceptedDate": "2008-02-29 16:36:09",
        "calendarYear": "2007",
        "period": "Q4",
        "revenue": 5623875000,
        "costOfRevenue": 5062110000,
        "grossProfit": 561765000,
        "grossProfitRatio": 0.0998893112,
        "researchAndDevelopmentExpenses": 0,
        "generalAndAdministrativeExpenses": 0,
        "sellingAndMarketingExpenses": 0,
        "sellingGeneralAndAdministrativeExpenses": 55991000,
        "otherExpenses": 152821000,
        "operatingExpenses": 208812000,
        "costAndExpenses": 5270922000,
        "interestIncome": 0,
        "interestExpense": 0,
        "depreciationAndAmortization": 171438000,
        "ebitda": 524391000,
        "ebitdaratio": 0.0932437154,
        "operatingIncome": 345170000,
        "operatingIncomeRatio": 0.0613758307,
        "totalOtherIncomeExpensesNet": -30725000,
        "incomeBeforeTax": 314445000,
        "incomeBeforeTaxRatio": 0.0559125158,
        "incomeTaxExpense": 108327000,
        "netIncome": 206118000,
        "netIncomeRatio": 0.0366505301,
        "eps": 1.09,
        "epsdiluted": 1.09,
        "weightedAverageShsOut": 188961073,
        "weightedAverageShsOutDil": 189150647,
        "link": "https://www.sec.gov/Archives/edgar/data/717423/000119312508043756/0001193125-08-043756-index.htm",
        "finalLink": "https://www.sec.gov/Archives/edgar/data/717423/000119312508043756/d10k.htm"
    },
    {
        "date": "2007-09-30",
        "symbol": "MUR",
        "reportedCurrency": "USD",
        "cik": "0000717423",
        "fillingDate": "2007-11-07",
        "acceptedDate": "2007-11-07 17:01:52",
        "calendarYear": "2007",
        "period": "Q3",
        "revenue": 4773039000,
        "costOfRevenue": 4271577000,
        "grossProfit": 501462000,
        "grossProfitRatio": 0.1050613666,
        "researchAndDevelopmentExpenses": 0,
        "generalAndAdministrativeExpenses": 0,
        "sellingAndMarketingExpenses": 0,
        "sellingGeneralAndAdministrativeExpenses": 65591000,
        "otherExpenses": 114289000,
        "operatingExpenses": 179880000,
        "costAndExpenses": 4451457000,
        "interestIncome": 0,
        "interestExpense": 19837000,
        "depreciationAndAmortization": 128086000,
        "ebitda": 449668000,
        "ebitdaratio": 0.0942099991,
        "operatingIncome": 317385000,
        "operatingIncomeRatio": 0.0664953712,
        "totalOtherIncomeExpensesNet": 723000,
        "incomeBeforeTax": 318108000,
        "incomeBeforeTaxRatio": 0.066646847,
        "incomeTaxExpense": 118573000,
        "netIncome": 199535000,
        "netIncomeRatio": 0.0418046029,
        "eps": 1.06,
        "epsdiluted": 1.04,
        "weightedAverageShsOut": 188239267,
        "weightedAverageShsOutDil": 191193266,
        "link": "https://www.sec.gov/Archives/edgar/data/717423/000119312507238596/0001193125-07-238596-index.htm",
        "finalLink": "https://www.sec.gov/Archives/edgar/data/717423/000119312507238596/d10q.htm"
    },
    {
        "date": "2007-06-30",
        "symbol": "MUR",
        "reportedCurrency": "USD",
        "cik": "0000717423",
        "fillingDate": "2007-08-06",
        "acceptedDate": "2007-08-06 12:37:55",
        "calendarYear": "2007",
        "period": "Q2",
        "revenue": 4614598000,
        "costOfRevenue": 3994823000,
        "grossProfit": 619775000,
        "grossProfitRatio": 0.1343074738,
        "researchAndDevelopmentExpenses": 0,
        "generalAndAdministrativeExpenses": 0,
        "sellingAndMarketingExpenses": 0,
        "sellingGeneralAndAdministrativeExpenses": 54729000,
        "otherExpenses": 114740000,
        "operatingExpenses": 169469000,
        "costAndExpenses": 4164292000,
        "interestIncome": 0,
        "interestExpense": 17121000,
        "depreciationAndAmortization": 125723000,
        "ebitda": 576029000,
        "ebitdaratio": 0.1248275581,
        "operatingIncome": 405796000,
        "operatingIncomeRatio": 0.0879374541,
        "totalOtherIncomeExpensesNet": -1502000,
        "incomeBeforeTax": 404294000,
        "incomeBeforeTaxRatio": 0.0876119653,
        "incomeTaxExpense": 154052000,
        "netIncome": 250242000,
        "netIncomeRatio": 0.0542283423,
        "eps": 1.33,
        "epsdiluted": 1.32,
        "weightedAverageShsOut": 187615633,
        "weightedAverageShsOutDil": 190160989,
        "link": "https://www.sec.gov/Archives/edgar/data/717423/000119312507171710/0001193125-07-171710-index.htm",
        "finalLink": "https://www.sec.gov/Archives/edgar/data/717423/000119312507171710/d10q.htm"
    },
    {
        "date": "2007-03-31",
        "symbol": "MUR",
        "reportedCurrency": "USD",
        "cik": "0000717423",
        "fillingDate": "2007-05-09",
        "acceptedDate": "2007-05-09 09:54:00",
        "calendarYear": "2007",
        "period": "Q1",
        "revenue": 3427586000,
        "costOfRevenue": 3069203000,
        "grossProfit": 358383000,
        "grossProfitRatio": 0.1045584268,
        "researchAndDevelopmentExpenses": 0,
        "generalAndAdministrativeExpenses": 0,
        "sellingAndMarketingExpenses": 0,
        "sellingGeneralAndAdministrativeExpenses": 52989000,
        "otherExpenses": 107987000,
        "operatingExpenses": 160976000,
        "costAndExpenses": 3230179000,
        "interestIncome": 0,
        "interestExpense": 15489000,
        "depreciationAndAmortization": 119912000,
        "ebitda": 317319000,
        "ebitdaratio": 0.0925779835,
        "operatingIncome": 193945000,
        "operatingIncomeRatio": 0.0565835547,
        "totalOtherIncomeExpensesNet": 6440000,
        "incomeBeforeTax": 200385000,
        "incomeBeforeTaxRatio": 0.0584624281,
        "incomeTaxExpense": 89751000,
        "netIncome": 110634000,
        "netIncomeRatio": 0.0322775271,
        "eps": 0.59,
        "epsdiluted": 0.58,
        "weightedAverageShsOut": 187147870,
        "weightedAverageShsOutDil": 189789397,
        "link": "https://www.sec.gov/Archives/edgar/data/717423/000119312507107462/0001193125-07-107462-index.htm",
        "finalLink": "https://www.sec.gov/Archives/edgar/data/717423/000119312507107462/d10q.htm"
    },
    {
        "date": "2006-12-31",
        "symbol": "MUR",
        "reportedCurrency": "USD",
        "cik": "0000717423",
        "fillingDate": "2007-03-01",
        "acceptedDate": "2007-03-01 16:06:17",
        "calendarYear": "2006",
        "period": "Q4",
        "revenue": 3363784000,
        "costOfRevenue": 3027648000,
        "grossProfit": 336136000,
        "grossProfitRatio": 0.0999279383,
        "researchAndDevelopmentExpenses": 0,
        "generalAndAdministrativeExpenses": 0,
        "sellingAndMarketingExpenses": 0,
        "sellingGeneralAndAdministrativeExpenses": 89230000,
        "otherExpenses": 97318000,
        "operatingExpenses": 186548000,
        "costAndExpenses": 3214196000,
        "interestIncome": 0,
        "interestExpense": 0,
        "depreciationAndAmortization": 103067000,
        "ebitda": 252655000,
        "ebitdaratio": 0.0751103519,
        "operatingIncome": 143046000,
        "operatingIncomeRatio": 0.0425253227,
        "totalOtherIncomeExpensesNet": -182000,
        "incomeBeforeTax": 142864000,
        "incomeBeforeTaxRatio": 0.0424712169,
        "incomeTaxExpense": 55307000,
        "netIncome": 87557000,
        "netIncomeRatio": 0.026029317,
        "eps": 0.47,
        "epsdiluted": 0.47,
        "weightedAverageShsOut": 186574115,
        "weightedAverageShsOutDil": 187147870,
        "link": "https://www.sec.gov/Archives/edgar/data/717423/000119312507044355/0001193125-07-044355-index.htm",
        "finalLink": "https://www.sec.gov/Archives/edgar/data/717423/000119312507044355/d10k.htm"
    },
    {
        "date": "2006-09-30",
        "symbol": "MUR",
        "reportedCurrency": "USD",
        "cik": "0000717423",
        "fillingDate": "2006-11-09",
        "acceptedDate": "2006-11-09 11:00:28",
        "calendarYear": "2006",
        "period": "Q3",
        "revenue": 4153422000,
        "costOfRevenue": 3596161000,
        "grossProfit": 557261000,
        "grossProfitRatio": 0.1341691261,
        "researchAndDevelopmentExpenses": 0,
        "generalAndAdministrativeExpenses": 0,
        "sellingAndMarketingExpenses": 0,
        "sellingGeneralAndAdministrativeExpenses": 52251000,
        "otherExpenses": 87181000,
        "operatingExpenses": 139432000,
        "costAndExpenses": 3735593000,
        "interestIncome": 0,
        "interestExpense": 17021000,
        "depreciationAndAmortization": 92868000,
        "ebitda": 526300000,
        "ebitdaratio": 0.1267147908,
        "operatingIncome": 388055000,
        "operatingIncomeRatio": 0.0934301884,
        "totalOtherIncomeExpensesNet": -5737000,
        "incomeBeforeTax": 382318000,
        "incomeBeforeTaxRatio": 0.0920489177,
        "incomeTaxExpense": 159543000,
        "netIncome": 222775000,
        "netIncomeRatio": 0.0536364954,
        "eps": 1.2,
        "epsdiluted": 1.18,
        "weightedAverageShsOut": 186211753,
        "weightedAverageShsOutDil": 189238922,
        "link": "https://www.sec.gov/Archives/edgar/data/717423/000119312506229673/0001193125-06-229673-index.htm",
        "finalLink": "https://www.sec.gov/Archives/edgar/data/717423/000119312506229673/d10q.htm"
    },
    {
        "date": "2006-06-30",
        "symbol": "MUR",
        "reportedCurrency": "USD",
        "cik": "0000717423",
        "fillingDate": "2006-08-04",
        "acceptedDate": "2006-08-04 14:06:54",
        "calendarYear": "2006",
        "period": "Q2",
        "revenue": 3798918000,
        "costOfRevenue": 3310058000,
        "grossProfit": 488860000,
        "grossProfitRatio": 0.1286840095,
        "researchAndDevelopmentExpenses": 0,
        "generalAndAdministrativeExpenses": 0,
        "sellingAndMarketingExpenses": 0,
        "sellingGeneralAndAdministrativeExpenses": 46559000,
        "otherExpenses": 102206000,
        "operatingExpenses": 148765000,
        "costAndExpenses": 3458823000,
        "interestIncome": 0,
        "interestExpense": 11678000,
        "depreciationAndAmortization": 107806000,
        "ebitda": 446043000,
        "ebitdaratio": 0.1174131687,
        "operatingIncome": 294468000,
        "operatingIncomeRatio": 0.0775136499,
        "totalOtherIncomeExpensesNet": -1753000,
        "incomeBeforeTax": 291829000,
        "incomeBeforeTaxRatio": 0.0768189785,
        "incomeTaxExpense": 77754000,
        "netIncome": 214075000,
        "netIncomeRatio": 0.0563515717,
        "eps": 1.16,
        "epsdiluted": 1.14,
        "weightedAverageShsOut": 185919897,
        "weightedAverageShsOutDil": 189101235,
        "link": "https://www.sec.gov/Archives/edgar/data/717423/000119312506162178/0001193125-06-162178-index.htm",
        "finalLink": "https://www.sec.gov/Archives/edgar/data/717423/000119312506162178/d10q.htm"
    },
    {
        "date": "2006-03-31",
        "symbol": "MUR",
        "reportedCurrency": "USD",
        "cik": "0000717423",
        "fillingDate": "2006-05-05",
        "acceptedDate": "2006-05-05 17:14:36",
        "calendarYear": "2006",
        "period": "Q1",
        "revenue": 2991263000,
        "costOfRevenue": 2602823000,
        "grossProfit": 388440000,
        "grossProfitRatio": 0.1298581903,
        "researchAndDevelopmentExpenses": 0,
        "generalAndAdministrativeExpenses": 0,
        "sellingAndMarketingExpenses": 0,
        "sellingGeneralAndAdministrativeExpenses": 40472000,
        "otherExpenses": 97358000,
        "operatingExpenses": 137830000,
        "costAndExpenses": 2740653000,
        "interestIncome": 0,
        "interestExpense": 10563000,
        "depreciationAndAmortization": 102788000,
        "ebitda": 361063000,
        "ebitdaratio": 0.1207058691,
        "operatingIncome": 212388000,
        "operatingIncomeRatio": 0.0710027838,
        "totalOtherIncomeExpensesNet": -974000,
        "incomeBeforeTax": 211414000,
        "incomeBeforeTaxRatio": 0.0706771688,
        "incomeTaxExpense": 97542000,
        "netIncome": 113872000,
        "netIncomeRatio": 0.0380682006,
        "eps": 0.62,
        "epsdiluted": 0.61,
        "weightedAverageShsOut": 185713673,
        "weightedAverageShsOutDil": 188636321,
        "link": "https://www.sec.gov/Archives/edgar/data/717423/000119312506102243/0001193125-06-102243-index.htm",
        "finalLink": "https://www.sec.gov/Archives/edgar/data/717423/000119312506102243/d10q.htm"
    },
    {
        "date": "2005-12-31",
        "symbol": "MUR",
        "reportedCurrency": "USD",
        "cik": "0000717423",
        "fillingDate": "2006-03-16",
        "acceptedDate": "2006-03-16 15:55:45",
        "calendarYear": "2005",
        "period": "Q4",
        "revenue": 3195418000,
        "costOfRevenue": 2843765000,
        "grossProfit": 351653000,
        "grossProfitRatio": 0.1100491391,
        "researchAndDevelopmentExpenses": 0,
        "generalAndAdministrativeExpenses": 0,
        "sellingAndMarketingExpenses": 0,
        "sellingGeneralAndAdministrativeExpenses": 6980000,
        "otherExpenses": 89313000,
        "operatingExpenses": 96293000,
        "costAndExpenses": 2940058000,
        "interestIncome": 0,
        "interestExpense": 0,
        "depreciationAndAmortization": 94613000,
        "ebitda": 349973000,
        "ebitdaratio": 0.1095233863,
        "operatingIncome": 245656000,
        "operatingIncomeRatio": 0.0768775791,
        "totalOtherIncomeExpensesNet": 7257000,
        "incomeBeforeTax": 252913000,
        "incomeBeforeTaxRatio": 0.0791486435,
        "incomeTaxExpense": 98355000,
        "netIncome": 154558000,
        "netIncomeRatio": 0.0483686328,
        "eps": 0.83,
        "epsdiluted": 0.83,
        "weightedAverageShsOut": 185168032,
        "weightedAverageShsOutDil": 185713673,
        "link": "https://www.sec.gov/Archives/edgar/data/717423/000119312506056655/0001193125-06-056655-index.htm",
        "finalLink": "https://www.sec.gov/Archives/edgar/data/717423/000119312506056655/d10ka.htm"
    },
    {
        "date": "2005-09-30",
        "symbol": "MUR",
        "reportedCurrency": "USD",
        "cik": "0000717423",
        "fillingDate": "2005-11-07",
        "acceptedDate": "2005-11-07 16:31:22",
        "calendarYear": "2005",
        "period": "Q3",
        "revenue": 3316919000,
        "costOfRevenue": 2790366000,
        "grossProfit": 526553000,
        "grossProfitRatio": 0.1587476209,
        "researchAndDevelopmentExpenses": 0,
        "generalAndAdministrativeExpenses": 0,
        "sellingAndMarketingExpenses": 0,
        "sellingGeneralAndAdministrativeExpenses": 75145000,
        "otherExpenses": 93769000,
        "operatingExpenses": 168914000,
        "costAndExpenses": 2959280000,
        "interestIncome": 0,
        "interestExpense": 12238000,
        "depreciationAndAmortization": 99181000,
        "ebitda": 456820000,
        "ebitdaratio": 0.1377241953,
        "operatingIncome": 357639000,
        "operatingIncomeRatio": 0.1078226511,
        "totalOtherIncomeExpensesNet": -3673000,
        "incomeBeforeTax": 353966000,
        "incomeBeforeTaxRatio": 0.1067152981,
        "incomeTaxExpense": 131567000,
        "netIncome": 230948000,
        "netIncomeRatio": 0.0696272655,
        "eps": 1.25,
        "epsdiluted": 1.23,
        "weightedAverageShsOut": 184355365,
        "weightedAverageShsOutDil": 188069208,
        "link": "https://www.sec.gov/Archives/edgar/data/717423/000119312505218238/0001193125-05-218238-index.htm",
        "finalLink": "https://www.sec.gov/Archives/edgar/data/717423/000119312505218238/d10q.htm"
    },
    {
        "date": "2005-06-30",
        "symbol": "MUR",
        "reportedCurrency": "USD",
        "cik": "0000717423",
        "fillingDate": "2005-08-05",
        "acceptedDate": "2005-08-05 12:30:49",
        "calendarYear": "2005",
        "period": "Q2",
        "revenue": 2949942000,
        "costOfRevenue": 2233248000,
        "grossProfit": 716694000,
        "grossProfitRatio": 0.2429518953,
        "researchAndDevelopmentExpenses": 0,
        "generalAndAdministrativeExpenses": 0,
        "sellingAndMarketingExpenses": 0,
        "sellingGeneralAndAdministrativeExpenses": 40459000,
        "otherExpenses": 109039000,
        "operatingExpenses": 149498000,
        "costAndExpenses": 2382746000,
        "interestIncome": 0,
        "interestExpense": 11501000,
        "depreciationAndAmortization": 114164000,
        "ebitda": 681360000,
        "ebitdaratio": 0.2309740327,
        "operatingIncome": 567196000,
        "operatingIncomeRatio": 0.1922736108,
        "totalOtherIncomeExpensesNet": -5239000,
        "incomeBeforeTax": 561957000,
        "incomeBeforeTaxRatio": 0.1904976437,
        "incomeTaxExpense": 214164000,
        "netIncome": 347793000,
        "netIncomeRatio": 0.1178982502,
        "eps": 1.89,
        "epsdiluted": 1.85,
        "weightedAverageShsOut": 183903885,
        "weightedAverageShsOutDil": 187682605,
        "link": "https://www.sec.gov/Archives/edgar/data/717423/000119312505158806/0001193125-05-158806-index.htm",
        "finalLink": "https://www.sec.gov/Archives/edgar/data/717423/000119312505158806/d10q.htm"
    },
    {
        "date": "2005-03-31",
        "symbol": "MUR",
        "reportedCurrency": "USD",
        "cik": "0000717423",
        "fillingDate": "2005-05-09",
        "acceptedDate": "2005-05-09 17:29:03",
        "calendarYear": "2005",
        "period": "Q1",
        "revenue": 2414872000,
        "costOfRevenue": 2063482000,
        "grossProfit": 351390000,
        "grossProfitRatio": 0.145510818,
        "researchAndDevelopmentExpenses": 0,
        "generalAndAdministrativeExpenses": 0,
        "sellingAndMarketingExpenses": 0,
        "sellingGeneralAndAdministrativeExpenses": 36305000,
        "otherExpenses": 104754000,
        "operatingExpenses": 141059000,
        "costAndExpenses": 2204541000,
        "interestIncome": 0,
        "interestExpense": 12036000,
        "depreciationAndAmortization": 111736000,
        "ebitda": 322067000,
        "ebitdaratio": 0.1333681454,
        "operatingIncome": 210331000,
        "operatingIncomeRatio": 0.0870981982,
        "totalOtherIncomeExpensesNet": -7108000,
        "incomeBeforeTax": 203223000,
        "incomeBeforeTaxRatio": 0.0841547709,
        "incomeTaxExpense": 90070000,
        "netIncome": 113153000,
        "netIncomeRatio": 0.0468567278,
        "eps": 0.62,
        "epsdiluted": 0.6,
        "weightedAverageShsOut": 184248272,
        "weightedAverageShsOutDil": 187806028,
        "link": "https://www.sec.gov/Archives/edgar/data/717423/000119312505101091/0001193125-05-101091-index.htm",
        "finalLink": "https://www.sec.gov/Archives/edgar/data/717423/000119312505101091/d10q.htm"
    },
    {
        "date": "2004-12-31",
        "symbol": "MUR",
        "reportedCurrency": "USD",
        "cik": "0000717423",
        "fillingDate": "2005-03-16",
        "acceptedDate": "2005-03-16 16:01:10",
        "calendarYear": "2004",
        "period": "Q4",
        "revenue": 2300965000,
        "costOfRevenue": 1962824000,
        "grossProfit": 338141000,
        "grossProfitRatio": 0.1469561684,
        "researchAndDevelopmentExpenses": 0,
        "generalAndAdministrativeExpenses": 0,
        "sellingAndMarketingExpenses": 0,
        "sellingGeneralAndAdministrativeExpenses": 34832000,
        "otherExpenses": 82942000,
        "operatingExpenses": 117774000,
        "costAndExpenses": 2080598000,
        "interestIncome": 0,
        "interestExpense": 0,
        "depreciationAndAmortization": 87652000,
        "ebitda": 308019000,
        "ebitdaratio": 0.1338651392,
        "operatingIncome": 210350000,
        "operatingIncomeRatio": 0.0914181659,
        "totalOtherIncomeExpensesNet": -4273000,
        "incomeBeforeTax": 206077000,
        "incomeBeforeTaxRatio": 0.0895611189,
        "incomeTaxExpense": 79286000,
        "netIncome": 134480000,
        "netIncomeRatio": 0.0584450437,
        "eps": 0.73,
        "epsdiluted": 0.73,
        "weightedAverageShsOut": 183944854,
        "weightedAverageShsOutDil": 184248272,
        "link": "https://www.sec.gov/Archives/edgar/data/717423/000119312505052706/0001193125-05-052706-index.htm",
        "finalLink": "https://www.sec.gov/Archives/edgar/data/717423/000119312505052706/d10k.htm"
    },
    {
        "date": "2004-09-30",
        "symbol": "MUR",
        "reportedCurrency": "USD",
        "cik": "0000717423",
        "fillingDate": "2004-11-05",
        "acceptedDate": "2004-11-05 16:17:21",
        "calendarYear": "2004",
        "period": "Q3",
        "revenue": 2293455000,
        "costOfRevenue": 1977407000,
        "grossProfit": 316048000,
        "grossProfitRatio": 0.1378043171,
        "researchAndDevelopmentExpenses": 0,
        "generalAndAdministrativeExpenses": 0,
        "sellingAndMarketingExpenses": 0,
        "sellingGeneralAndAdministrativeExpenses": 33622000,
        "otherExpenses": 75594000,
        "operatingExpenses": 109216000,
        "costAndExpenses": 2086623000,
        "interestIncome": 0,
        "interestExpense": 13858000,
        "depreciationAndAmortization": 79691000,
        "ebitda": 286523000,
        "ebitdaratio": 0.1249307268,
        "operatingIncome": 206832000,
        "operatingIncomeRatio": 0.0901835876,
        "totalOtherIncomeExpensesNet": -10416000,
        "incomeBeforeTax": 196416000,
        "incomeBeforeTaxRatio": 0.0856419681,
        "incomeTaxExpense": 80643000,
        "netIncome": 118723000,
        "netIncomeRatio": 0.0517660037,
        "eps": 0.64,
        "epsdiluted": 0.63,
        "weightedAverageShsOut": 184011626,
        "weightedAverageShsOutDil": 187136842,
        "link": "https://www.sec.gov/Archives/edgar/data/717423/000119312504187921/0001193125-04-187921-index.htm",
        "finalLink": "https://www.sec.gov/Archives/edgar/data/717423/000119312504187921/d10q.htm"
    },
    {
        "date": "2004-06-30",
        "symbol": "MUR",
        "reportedCurrency": "USD",
        "cik": "0000717423",
        "fillingDate": "2004-08-05",
        "acceptedDate": "2004-08-05 15:48:37",
        "calendarYear": "2004",
        "period": "Q2",
        "revenue": 2095767000,
        "costOfRevenue": 1710412000,
        "grossProfit": 385355000,
        "grossProfitRatio": 0.1838730164,
        "researchAndDevelopmentExpenses": 0,
        "generalAndAdministrativeExpenses": 0,
        "sellingAndMarketingExpenses": 0,
        "sellingGeneralAndAdministrativeExpenses": 33194000,
        "otherExpenses": 82714000,
        "operatingExpenses": 115908000,
        "costAndExpenses": 1826320000,
        "interestIncome": 0,
        "interestExpense": 14179000,
        "depreciationAndAmortization": 86415000,
        "ebitda": 355862000,
        "ebitdaratio": 0.1698003643,
        "operatingIncome": 269447000,
        "operatingIncomeRatio": 0.1285672501,
        "totalOtherIncomeExpensesNet": -11832000,
        "incomeBeforeTax": 257615000,
        "incomeBeforeTaxRatio": 0.1229215843,
        "incomeTaxExpense": 89480000,
        "netIncome": 349873000,
        "netIncomeRatio": 0.1669426993,
        "eps": 1.9,
        "epsdiluted": 1.87,
        "weightedAverageShsOut": 183989400,
        "weightedAverageShsOutDil": 186682352,
        "link": "https://www.sec.gov/Archives/edgar/data/717423/000119312504132594/0001193125-04-132594-index.htm",
        "finalLink": "https://www.sec.gov/Archives/edgar/data/717423/000119312504132594/d10q.htm"
    },
    {
        "date": "2004-03-31",
        "symbol": "MUR",
        "reportedCurrency": "USD",
        "cik": "0000717423",
        "fillingDate": "2004-05-07",
        "acceptedDate": "2004-05-07 11:12:46",
        "calendarYear": "2004",
        "period": "Q1",
        "revenue": 1648072000,
        "costOfRevenue": 1384824000,
        "grossProfit": 263248000,
        "grossProfitRatio": 0.1597308855,
        "researchAndDevelopmentExpenses": 0,
        "generalAndAdministrativeExpenses": 0,
        "sellingAndMarketingExpenses": 0,
        "sellingGeneralAndAdministrativeExpenses": 30681000,
        "otherExpenses": 80196000,
        "operatingExpenses": 110877000,
        "costAndExpenses": 1495701000,
        "interestIncome": 0,
        "interestExpense": 14288000,
        "depreciationAndAmortization": 84103000,
        "ebitda": 224852000,
        "ebitdaratio": 0.1364333597,
        "operatingIncome": 152371000,
        "operatingIncomeRatio": 0.0924540918,
        "totalOtherIncomeExpensesNet": -921000,
        "incomeBeforeTax": 139828000,
        "incomeBeforeTaxRatio": 0.0848433806,
        "incomeTaxExpense": 59132000,
        "netIncome": 98239000,
        "netIncomeRatio": 0.0596084394,
        "eps": 0.54,
        "epsdiluted": 0.53,
        "weightedAverageShsOut": 183851356,
        "weightedAverageShsOutDil": 186346398,
        "link": "https://www.sec.gov/Archives/edgar/data/717423/000119312504081571/0001193125-04-081571-index.htm",
        "finalLink": "https://www.sec.gov/Archives/edgar/data/717423/000119312504081571/d10q.htm"
    },
    {
        "date": "2003-12-31",
        "symbol": "MUR",
        "reportedCurrency": "USD",
        "cik": "0000717423",
        "fillingDate": "2004-03-12",
        "acceptedDate": "2004-03-12 11:06:40",
        "calendarYear": "2003",
        "period": "Q4",
        "revenue": 1452278000,
        "costOfRevenue": 1232385000,
        "grossProfit": 219893000,
        "grossProfitRatio": 0.1514124706,
        "researchAndDevelopmentExpenses": 0,
        "generalAndAdministrativeExpenses": 0,
        "sellingAndMarketingExpenses": 0,
        "sellingGeneralAndAdministrativeExpenses": 34974000,
        "otherExpenses": 90771000,
        "operatingExpenses": 125745000,
        "costAndExpenses": 1358130000,
        "interestIncome": 0,
        "interestExpense": 0,
        "depreciationAndAmortization": 97699000,
        "ebitda": 191847000,
        "ebitdaratio": 0.132100741,
        "operatingIncome": 106962000,
        "operatingIncomeRatio": 0.073651188,
        "totalOtherIncomeExpensesNet": -31611000,
        "incomeBeforeTax": 75351000,
        "incomeBeforeTaxRatio": 0.0518846943,
        "incomeTaxExpense": 16689000,
        "netIncome": 58662000,
        "netIncomeRatio": 0.0403930928,
        "eps": 0.32,
        "epsdiluted": 0.32,
        "weightedAverageShsOut": 183599102,
        "weightedAverageShsOutDil": 183851356,
        "link": "https://www.sec.gov/Archives/edgar/data/717423/000119312504039974/0001193125-04-039974-index.htm",
        "finalLink": "https://www.sec.gov/Archives/edgar/data/717423/000119312504039974/d10k.htm"
    },
    {
        "date": "2003-09-30",
        "symbol": "MUR",
        "reportedCurrency": "USD",
        "cik": "0000717423",
        "fillingDate": "2003-11-12",
        "acceptedDate": "2003-11-12 16:22:27",
        "calendarYear": "2003",
        "period": "Q3",
        "revenue": 1295266000,
        "costOfRevenue": 1079112000,
        "grossProfit": 216154000,
        "grossProfitRatio": 0.1668800077,
        "researchAndDevelopmentExpenses": 0,
        "generalAndAdministrativeExpenses": 0,
        "sellingAndMarketingExpenses": 0,
        "sellingGeneralAndAdministrativeExpenses": 31862000,
        "otherExpenses": 83994000,
        "operatingExpenses": 115856000,
        "costAndExpenses": 1194968000,
        "interestIncome": 0,
        "interestExpense": 0,
        "depreciationAndAmortization": 91076000,
        "ebitda": 194405000,
        "ebitdaratio": 0.1500888621,
        "operatingIncome": 93769000,
        "operatingIncomeRatio": 0.0723936242,
        "totalOtherIncomeExpensesNet": -3190000,
        "incomeBeforeTax": 90579000,
        "incomeBeforeTaxRatio": 0.0699308096,
        "incomeTaxExpense": 21842000,
        "netIncome": 68737000,
        "netIncomeRatio": 0.0530678641,
        "eps": 0.38,
        "epsdiluted": 0.37,
        "weightedAverageShsOut": 183700434,
        "weightedAverageShsOutDil": 185696616,
        "link": "https://www.sec.gov/Archives/edgar/data/717423/000119312503078496/0001193125-03-078496-index.htm",
        "finalLink": "https://www.sec.gov/Archives/edgar/data/717423/000119312503078496/d10q.htm"
    },
    {
        "date": "2003-06-30",
        "symbol": "MUR",
        "reportedCurrency": "USD",
        "cik": "0000717423",
        "fillingDate": "2003-08-11",
        "acceptedDate": "2003-08-11 14:30:12",
        "calendarYear": "2003",
        "period": "Q2",
        "revenue": 1227082000,
        "costOfRevenue": 1035442000,
        "grossProfit": 191640000,
        "grossProfitRatio": 0.1561753819,
        "researchAndDevelopmentExpenses": 0,
        "generalAndAdministrativeExpenses": 0,
        "sellingAndMarketingExpenses": 0,
        "sellingGeneralAndAdministrativeExpenses": 28931000,
        "otherExpenses": 77926000,
        "operatingExpenses": 106857000,
        "costAndExpenses": 1142299000,
        "interestIncome": 0,
        "interestExpense": 0,
        "depreciationAndAmortization": 84773000,
        "ebitda": 220145000,
        "ebitdaratio": 0.1794052883,
        "operatingIncome": 84783000,
        "operatingIncomeRatio": 0.069093182,
        "totalOtherIncomeExpensesNet": 10258000,
        "incomeBeforeTax": 127947000,
        "incomeBeforeTaxRatio": 0.1042693153,
        "incomeTaxExpense": 48261000,
        "netIncome": 79686000,
        "netIncomeRatio": 0.0649394254,
        "eps": 0.44,
        "epsdiluted": 0.43,
        "weightedAverageShsOut": 183634330,
        "weightedAverageShsOutDil": 185006484,
        "link": "https://www.sec.gov/Archives/edgar/data/717423/000119312503032870/0001193125-03-032870-index.htm",
        "finalLink": "https://www.sec.gov/Archives/edgar/data/717423/000119312503032870/d10q.htm"
    },
    {
        "date": "2003-03-31",
        "symbol": "MUR",
        "reportedCurrency": "USD",
        "cik": "0000717423",
        "fillingDate": "2003-05-13",
        "acceptedDate": "2003-05-13 10:42:30",
        "calendarYear": "2003",
        "period": "Q1",
        "revenue": 1322313000,
        "costOfRevenue": 1082856000,
        "grossProfit": 239457000,
        "grossProfitRatio": 0.1810895,
        "researchAndDevelopmentExpenses": 0,
        "generalAndAdministrativeExpenses": 0,
        "sellingAndMarketingExpenses": 0,
        "sellingGeneralAndAdministrativeExpenses": 30822000,
        "otherExpenses": 78920000,
        "operatingExpenses": 109742000,
        "costAndExpenses": 1192598000,
        "interestIncome": 0,
        "interestExpense": 13961000,
        "depreciationAndAmortization": 82137000,
        "ebitda": 211852000,
        "ebitdaratio": 0.1602132022,
        "operatingIncome": 129715000,
        "operatingIncomeRatio": 0.0980970466,
        "totalOtherIncomeExpensesNet": -4425000,
        "incomeBeforeTax": 125290000,
        "incomeBeforeTaxRatio": 0.0947506377,
        "incomeTaxExpense": 31185000,
        "netIncome": 87112000,
        "netIncomeRatio": 0.0658785023,
        "eps": 0.48,
        "epsdiluted": 0.47,
        "weightedAverageShsOut": 183476758,
        "weightedAverageShsOutDil": 184699332,
        "link": "https://www.sec.gov/Archives/edgar/data/717423/000119312503004583/0001193125-03-004583-index.htm",
        "finalLink": "https://www.sec.gov/Archives/edgar/data/717423/000119312503004583/d10q.htm"
    },
    {
        "date": "2002-12-31",
        "symbol": "MUR",
        "reportedCurrency": "USD",
        "cik": "0000717423",
        "fillingDate": "2003-03-26",
        "acceptedDate": "2003-03-26 14:55:40",
        "calendarYear": "2002",
        "period": "Q4",
        "revenue": 926930000,
        "costOfRevenue": 730118000,
        "grossProfit": 196812000,
        "grossProfitRatio": 0.2123267129,
        "researchAndDevelopmentExpenses": 0,
        "generalAndAdministrativeExpenses": 68657000,
        "sellingAndMarketingExpenses": -38752000,
        "sellingGeneralAndAdministrativeExpenses": 29905000,
        "otherExpenses": 76855000,
        "operatingExpenses": 106760000,
        "costAndExpenses": 836878000,
        "interestIncome": 0,
        "interestExpense": 0,
        "depreciationAndAmortization": 83120000,
        "ebitda": 173172000,
        "ebitdaratio": 0.186823169,
        "operatingIncome": 67566000,
        "operatingIncomeRatio": 0.0728922357,
        "totalOtherIncomeExpensesNet": -6774000,
        "incomeBeforeTax": 60792000,
        "incomeBeforeTaxRatio": 0.0655842404,
        "incomeTaxExpense": 17153000,
        "netIncome": 57637000,
        "netIncomeRatio": 0.0621805314,
        "eps": 0.31,
        "epsdiluted": 0.31,
        "weightedAverageShsOut": 183314688,
        "weightedAverageShsOutDil": 183476758,
        "link": "https://www.sec.gov/Archives/edgar/data/717423/000093066103001213/0000930661-03-001213-index.htm",
        "finalLink": "https://www.sec.gov/Archives/edgar/data/717423/000093066103001213/d10k.htm"
    },
    {
        "date": "2002-09-30",
        "symbol": "MUR",
        "reportedCurrency": "USD",
        "cik": "0000717423",
        "fillingDate": "2002-11-08",
        "acceptedDate": "2002-11-08 16:37:05",
        "calendarYear": "2002",
        "period": "Q3",
        "revenue": 1127046000,
        "costOfRevenue": 975707000,
        "grossProfit": 151339000,
        "grossProfitRatio": 0.1342793462,
        "researchAndDevelopmentExpenses": 0,
        "generalAndAdministrativeExpenses": 23166000,
        "sellingAndMarketingExpenses": 0,
        "sellingGeneralAndAdministrativeExpenses": 23166000,
        "otherExpenses": 67796000,
        "operatingExpenses": 90962000,
        "costAndExpenses": 1066669000,
        "interestIncome": 0,
        "interestExpense": 13961000,
        "depreciationAndAmortization": 73898000,
        "ebitda": 127371000,
        "ebitdaratio": 0.1130131334,
        "operatingIncome": 51223000,
        "operatingIncomeRatio": 0.0454488992,
        "totalOtherIncomeExpensesNet": -4358000,
        "incomeBeforeTax": 44794000,
        "incomeBeforeTaxRatio": 0.0397446067,
        "incomeTaxExpense": 7386000,
        "netIncome": 37408000,
        "netIncomeRatio": 0.0331911918,
        "eps": 0.21,
        "epsdiluted": 0.21,
        "weightedAverageShsOut": 183278000,
        "weightedAverageShsOutDil": 184294000,
        "link": "https://www.sec.gov/Archives/edgar/data/717423/000093066102003806/0000930661-02-003806-index.htm",
        "finalLink": "https://www.sec.gov/Archives/edgar/data/717423/000093066102003806/d10q.htm"
    },
    {
        "date": "2002-06-30",
        "symbol": "MUR",
        "reportedCurrency": "USD",
        "cik": "0000717423",
        "fillingDate": "2002-08-02",
        "acceptedDate": "2002-08-02 14:45:22",
        "calendarYear": "2002",
        "period": "Q2",
        "revenue": 1133718000,
        "costOfRevenue": 976161000,
        "grossProfit": 157557000,
        "grossProfitRatio": 0.138973713,
        "researchAndDevelopmentExpenses": 0,
        "generalAndAdministrativeExpenses": 23129000,
        "sellingAndMarketingExpenses": 0,
        "sellingGeneralAndAdministrativeExpenses": 23129000,
        "otherExpenses": 84682000,
        "operatingExpenses": 107811000,
        "costAndExpenses": 1083972000,
        "interestIncome": 0,
        "interestExpense": 13287000,
        "depreciationAndAmortization": 90887000,
        "ebitda": 140633000,
        "ebitdaratio": 0.1240458386,
        "operatingIncome": 49746000,
        "operatingIncomeRatio": 0.0438786365,
        "totalOtherIncomeExpensesNet": -9238000,
        "incomeBeforeTax": 42065000,
        "incomeBeforeTaxRatio": 0.0371035831,
        "incomeTaxExpense": 28136000,
        "netIncome": 13929000,
        "netIncomeRatio": 0.0122861241,
        "eps": 0.075,
        "epsdiluted": 0.075,
        "weightedAverageShsOut": 183136000,
        "weightedAverageShsOutDil": 184534000,
        "link": "https://www.sec.gov/Archives/edgar/data/717423/000093066102002613/0000930661-02-002613-index.htm",
        "finalLink": "https://www.sec.gov/Archives/edgar/data/717423/000093066102002613/d10q.htm"
    },
    {
        "date": "2002-03-31",
        "symbol": "MUR",
        "reportedCurrency": "USD",
        "cik": "0000717423",
        "fillingDate": "2002-05-06",
        "acceptedDate": "2002-05-06 09:22:02",
        "calendarYear": "2002",
        "period": "Q1",
        "revenue": 829903000,
        "costOfRevenue": 728103000,
        "grossProfit": 101800000,
        "grossProfitRatio": 0.122664938,
        "researchAndDevelopmentExpenses": 0,
        "generalAndAdministrativeExpenses": 22362000,
        "sellingAndMarketingExpenses": 0,
        "sellingGeneralAndAdministrativeExpenses": 22362000,
        "otherExpenses": 70689000,
        "operatingExpenses": 93051000,
        "costAndExpenses": 821154000,
        "interestIncome": 0,
        "interestExpense": 0,
        "depreciationAndAmortization": 76751000,
        "ebitda": 85500000,
        "ebitdaratio": 0.1030240884,
        "operatingIncome": 8749000,
        "operatingIncomeRatio": 0.0105421959,
        "totalOtherIncomeExpensesNet": -4725000,
        "incomeBeforeTax": 4024000,
        "incomeBeforeTaxRatio": 0.0048487594,
        "incomeTaxExpense": 1490000,
        "netIncome": 2534000,
        "netIncomeRatio": 0.0030533689,
        "eps": 0.015,
        "epsdiluted": 0.015,
        "weightedAverageShsOut": 182035812,
        "weightedAverageShsOutDil": 183612184,
        "link": "https://www.sec.gov/Archives/edgar/data/717423/000093066102001476/0000930661-02-001476-index.htm",
        "finalLink": "https://www.sec.gov/Archives/edgar/data/717423/000093066102001476/d10q.txt"
    },
    {
        "date": "2001-12-31",
        "symbol": "MUR",
        "reportedCurrency": "USD",
        "cik": "0000717423",
        "fillingDate": "2002-06-27",
        "acceptedDate": "2002-07-03 13:43:07",
        "calendarYear": "2001",
        "period": "Q4",
        "revenue": 849409000,
        "costOfRevenue": 717103000,
        "grossProfit": 132306000,
        "grossProfitRatio": 0.1557624183,
        "researchAndDevelopmentExpenses": 0,
        "generalAndAdministrativeExpenses": 26108000,
        "sellingAndMarketingExpenses": 0,
        "sellingGeneralAndAdministrativeExpenses": 26108000,
        "otherExpenses": 59409000,
        "operatingExpenses": 85517000,
        "costAndExpenses": 802620000,
        "interestIncome": 0,
        "interestExpense": 0,
        "depreciationAndAmortization": 65295000,
        "ebitda": 112084000,
        "ebitdaratio": 0.1319552771,
        "operatingIncome": 36311000,
        "operatingIncomeRatio": 0.0427485463,
        "totalOtherIncomeExpensesNet": -3028000,
        "incomeBeforeTax": 33283000,
        "incomeBeforeTaxRatio": 0.0391837148,
        "incomeTaxExpense": 4513000,
        "netIncome": 28770000,
        "netIncomeRatio": 0.0338706089,
        "eps": 0.16,
        "epsdiluted": 0.16,
        "weightedAverageShsOut": 180760896,
        "weightedAverageShsOutDil": 182035812,
        "link": "https://www.sec.gov/Archives/edgar/data/717423/999999999702037885/9999999997-02-037885-index.htm",
        "finalLink": "https://www.sec.gov/Archives/edgar/data/717423/999999999702037885/9999999997-02-037885.paper"
    },
    {
        "date": "2001-09-30",
        "symbol": "MUR",
        "reportedCurrency": "USD",
        "cik": "0000717423",
        "fillingDate": "2001-11-09",
        "acceptedDate": "2001-11-09 00:00:00",
        "calendarYear": "2001",
        "period": "Q3",
        "revenue": 1139336000,
        "costOfRevenue": 980663000,
        "grossProfit": 158673000,
        "grossProfitRatio": 0.1392679596,
        "researchAndDevelopmentExpenses": 0,
        "generalAndAdministrativeExpenses": 25698000,
        "sellingAndMarketingExpenses": 0,
        "sellingGeneralAndAdministrativeExpenses": 25698000,
        "otherExpenses": 58872000,
        "operatingExpenses": 84570000,
        "costAndExpenses": 1065233000,
        "interestIncome": 0,
        "interestExpense": 0,
        "depreciationAndAmortization": 65288000,
        "ebitda": 139391000,
        "ebitdaratio": 0.1223440671,
        "operatingIncome": 74103000,
        "operatingIncomeRatio": 0.0650405148,
        "totalOtherIncomeExpensesNet": -4451000,
        "incomeBeforeTax": 69652000,
        "incomeBeforeTaxRatio": 0.0611338534,
        "incomeTaxExpense": 27923000,
        "netIncome": 41729000,
        "netIncomeRatio": 0.0366257188,
        "eps": 0.23,
        "epsdiluted": 0.23,
        "weightedAverageShsOut": 181226696,
        "weightedAverageShsOutDil": 182732408,
        "link": "https://www.sec.gov/Archives/edgar/data/717423/000093066101502268/0000930661-01-502268-index.htm",
        "finalLink": "https://www.sec.gov/Archives/edgar/data/717423/000093066101502268/d10q.txt"
    },
    {
        "date": "2001-06-30",
        "symbol": "MUR",
        "reportedCurrency": "USD",
        "cik": "0000717423",
        "fillingDate": "2001-08-10",
        "acceptedDate": "2001-08-10 00:00:00",
        "calendarYear": "2001",
        "period": "Q2",
        "revenue": 1300379000,
        "costOfRevenue": 964002000,
        "grossProfit": 336377000,
        "grossProfitRatio": 0.2586761244,
        "researchAndDevelopmentExpenses": 0,
        "generalAndAdministrativeExpenses": 24983000,
        "sellingAndMarketingExpenses": 0,
        "sellingGeneralAndAdministrativeExpenses": 24983000,
        "otherExpenses": 59041000,
        "operatingExpenses": 84024000,
        "costAndExpenses": 1048026000,
        "interestIncome": 0,
        "interestExpense": 0,
        "depreciationAndAmortization": 64663000,
        "ebitda": 317016000,
        "ebitdaratio": 0.2437873881,
        "operatingIncome": 252353000,
        "operatingIncomeRatio": 0.194061116,
        "totalOtherIncomeExpensesNet": -2024000,
        "incomeBeforeTax": 246984000,
        "incomeBeforeTaxRatio": 0.1899323197,
        "incomeTaxExpense": 84416000,
        "netIncome": 162568000,
        "netIncomeRatio": 0.1250158608,
        "eps": 0.9,
        "epsdiluted": 0.89,
        "weightedAverageShsOut": 180826416,
        "weightedAverageShsOutDil": 182577828,
        "link": "https://www.sec.gov/Archives/edgar/data/717423/000093066101501495/0000930661-01-501495-index.htm",
        "finalLink": "https://www.sec.gov/Archives/edgar/data/717423/000093066101501495/d10q.txt"
    },
    {
        "date": "2001-03-31",
        "symbol": "MUR",
        "reportedCurrency": "USD",
        "cik": "0000717423",
        "fillingDate": "2001-05-08",
        "acceptedDate": "2001-05-08 00:00:00",
        "calendarYear": "2001",
        "period": "Q1",
        "revenue": 1189385000,
        "costOfRevenue": 951172000,
        "grossProfit": 238213000,
        "grossProfitRatio": 0.2002824989,
        "researchAndDevelopmentExpenses": 0,
        "generalAndAdministrativeExpenses": 21046000,
        "sellingAndMarketingExpenses": 0,
        "sellingGeneralAndAdministrativeExpenses": 21046000,
        "otherExpenses": 55020000,
        "operatingExpenses": 76066000,
        "costAndExpenses": 1027238000,
        "interestIncome": 0,
        "interestExpense": 0,
        "depreciationAndAmortization": 60250000,
        "ebitda": 222397000,
        "ebitdaratio": 0.1869848703,
        "operatingIncome": 162147000,
        "operatingIncomeRatio": 0.1363284386,
        "totalOtherIncomeExpensesNet": -6158000,
        "incomeBeforeTax": 155989000,
        "incomeBeforeTaxRatio": 0.131150973,
        "incomeTaxExpense": 58153000,
        "netIncome": 97836000,
        "netIncomeRatio": 0.0822576374,
        "eps": 0.54,
        "epsdiluted": 0.54,
        "weightedAverageShsOut": 180225228,
        "weightedAverageShsOutDil": 181259924,
        "link": "https://www.sec.gov/Archives/edgar/data/717423/000093066101500437/0000930661-01-500437-index.htm",
        "finalLink": "https://www.sec.gov/Archives/edgar/data/717423/000093066101500437/d10q.txt"
    },
    {
        "date": "2000-12-31",
        "symbol": "MUR",
        "reportedCurrency": "USD",
        "cik": "0000717423",
        "fillingDate": "2001-03-22",
        "acceptedDate": "2001-03-22 00:00:00",
        "calendarYear": "2000",
        "period": "Q4",
        "revenue": 2094333000,
        "costOfRevenue": 1865290000,
        "grossProfit": 229043000,
        "grossProfitRatio": 0.1093632197,
        "researchAndDevelopmentExpenses": 0,
        "generalAndAdministrativeExpenses": 23871000,
        "sellingAndMarketingExpenses": 0,
        "sellingGeneralAndAdministrativeExpenses": 23871000,
        "otherExpenses": 64722000,
        "operatingExpenses": 88593000,
        "costAndExpenses": 1953883000,
        "interestIncome": 0,
        "interestExpense": 0,
        "depreciationAndAmortization": 64722000,
        "ebitda": 205172000,
        "ebitdaratio": 0.0979653188,
        "operatingIncome": 133531000,
        "operatingIncomeRatio": 0.0637582467,
        "totalOtherIncomeExpensesNet": -1795000,
        "incomeBeforeTax": 131736000,
        "incomeBeforeTaxRatio": 0.0629011719,
        "incomeTaxExpense": 43369000,
        "netIncome": 79634000,
        "netIncomeRatio": 0.0380235617,
        "eps": 0.44,
        "epsdiluted": 0.44,
        "weightedAverageShsOut": 180225228,
        "weightedAverageShsOutDil": 180225228,
        "link": "https://www.sec.gov/Archives/edgar/data/717423/000093066101000634/0000930661-01-000634-index.htm",
        "finalLink": "https://www.sec.gov/Archives/edgar/data/717423/000093066101000634/0000930661-01-000634-0001.txt"
    },
    {
        "date": "2000-09-30",
        "symbol": "MUR",
        "reportedCurrency": "USD",
        "cik": "0000717423",
        "fillingDate": "2000-11-02",
        "acceptedDate": "2000-11-02 00:00:00",
        "calendarYear": "2000",
        "period": "Q3",
        "revenue": 918512000,
        "costOfRevenue": 709938000,
        "grossProfit": 208574000,
        "grossProfitRatio": 0.2270781438,
        "researchAndDevelopmentExpenses": 0,
        "generalAndAdministrativeExpenses": 22962000,
        "sellingAndMarketingExpenses": 0,
        "sellingGeneralAndAdministrativeExpenses": 22962000,
        "otherExpenses": 53077000,
        "operatingExpenses": 76039000,
        "costAndExpenses": 785977000,
        "interestIncome": 0,
        "interestExpense": 0,
        "depreciationAndAmortization": 53077000,
        "ebitda": 212430000,
        "ebitdaratio": 0.2312762381,
        "operatingIncome": 111538000,
        "operatingIncomeRatio": 0.1214333618,
        "totalOtherIncomeExpensesNet": -3496000,
        "incomeBeforeTax": 123087000,
        "incomeBeforeTaxRatio": 0.1340069591,
        "incomeTaxExpense": 37498000,
        "netIncome": 85589000,
        "netIncomeRatio": 0.0931822339,
        "eps": 0.5,
        "epsdiluted": 0.5,
        "weightedAverageShsOut": 180172244,
        "weightedAverageShsOutDil": 181222392,
        "link": "https://www.sec.gov/Archives/edgar/data/717423/000071742300000008/0000717423-00-000008-index.htm",
        "finalLink": "https://www.sec.gov/Archives/edgar/data/717423/000071742300000008/0000717423-00-000008-0001.txt"
    },
    {
        "date": "2000-06-30",
        "symbol": "MUR",
        "reportedCurrency": "USD",
        "cik": "0000717423",
        "fillingDate": "2000-08-09",
        "acceptedDate": "2000-08-09 00:00:00",
        "calendarYear": "2000",
        "period": "Q2",
        "revenue": 874039000,
        "costOfRevenue": 661817000,
        "grossProfit": 212222000,
        "grossProfitRatio": 0.242806099,
        "researchAndDevelopmentExpenses": 0,
        "generalAndAdministrativeExpenses": 20781000,
        "sellingAndMarketingExpenses": 0,
        "sellingGeneralAndAdministrativeExpenses": 20781000,
        "otherExpenses": 53972000,
        "operatingExpenses": 74753000,
        "costAndExpenses": 736570000,
        "interestIncome": 0,
        "interestExpense": 0,
        "depreciationAndAmortization": 53972000,
        "ebitda": 191441000,
        "ebitdaratio": 0.2190302721,
        "operatingIncome": 137469000,
        "operatingIncomeRatio": 0.1572801671,
        "totalOtherIncomeExpensesNet": 1119000,
        "incomeBeforeTax": 138588000,
        "incomeBeforeTaxRatio": 0.1585604304,
        "incomeTaxExpense": 54416000,
        "netIncome": 84172000,
        "netIncomeRatio": 0.0963023389,
        "eps": 0.41,
        "epsdiluted": 0.4,
        "weightedAverageShsOut": 180087552,
        "weightedAverageShsOutDil": 181023744,
        "link": "https://www.sec.gov/Archives/edgar/data/717423/000071742300000006/0000717423-00-000006-index.htm",
        "finalLink": "https://www.sec.gov/Archives/edgar/data/717423/000071742300000006/0000717423-00-000006-0001.txt"
    },
    {
        "date": "2000-03-31",
        "symbol": "MUR",
        "reportedCurrency": "USD",
        "cik": "0000717423",
        "fillingDate": "2000-05-03",
        "acceptedDate": "2000-05-03 00:00:00",
        "calendarYear": "2000",
        "period": "Q1",
        "revenue": 727457000,
        "costOfRevenue": 579444000,
        "grossProfit": 148013000,
        "grossProfitRatio": 0.2034663217,
        "researchAndDevelopmentExpenses": 0,
        "generalAndAdministrativeExpenses": 17860000,
        "sellingAndMarketingExpenses": 0,
        "sellingGeneralAndAdministrativeExpenses": 17860000,
        "otherExpenses": 55844000,
        "operatingExpenses": 73704000,
        "costAndExpenses": 653148000,
        "interestIncome": 0,
        "interestExpense": 0,
        "depreciationAndAmortization": 55844000,
        "ebitda": 130153000,
        "ebitdaratio": 0.1789150424,
        "operatingIncome": 74309000,
        "operatingIncomeRatio": 0.102148993,
        "totalOtherIncomeExpensesNet": -3595000,
        "incomeBeforeTax": 71923000,
        "incomeBeforeTaxRatio": 0.098869074,
        "incomeTaxExpense": 24490000,
        "netIncome": 47433000,
        "netIncomeRatio": 0.065203854,
        "eps": 0.23,
        "epsdiluted": 0.23,
        "weightedAverageShsOut": 180036356,
        "weightedAverageShsOutDil": 180637060,
        "link": "https://www.sec.gov/Archives/edgar/data/717423/000071742300000003/0000717423-00-000003-index.html",
        "finalLink": "https://www.sec.gov/Archives/edgar/data/717423/000071742300000003/"
    },
    {
        "date": "1999-12-31",
        "symbol": "MUR",
        "reportedCurrency": "USD",
        "cik": "0000717423",
        "fillingDate": "2000-03-23",
        "acceptedDate": "2000-03-23 00:00:00",
        "calendarYear": "1999",
        "period": "Q4",
        "revenue": 651600000,
        "costOfRevenue": 480300000,
        "grossProfit": 171300000,
        "grossProfitRatio": 0.2628913444,
        "researchAndDevelopmentExpenses": 0,
        "generalAndAdministrativeExpenses": 29300000,
        "sellingAndMarketingExpenses": 0,
        "sellingGeneralAndAdministrativeExpenses": 29300000,
        "otherExpenses": 57900000,
        "operatingExpenses": 87200000,
        "costAndExpenses": 567500000,
        "interestIncome": 0,
        "interestExpense": 0,
        "depreciationAndAmortization": 57900000,
        "ebitda": 142000000,
        "ebitdaratio": 0.2179251074,
        "operatingIncome": 84100000,
        "operatingIncomeRatio": 0.1290669122,
        "totalOtherIncomeExpensesNet": -3100000,
        "incomeBeforeTax": 81000000,
        "incomeBeforeTaxRatio": 0.1243093923,
        "incomeTaxExpense": 21500000,
        "netIncome": 59500000,
        "netIncomeRatio": 0.0913136894,
        "eps": 0.33,
        "epsdiluted": 0.33,
        "weightedAverageShsOut": 179965252,
        "weightedAverageShsOutDil": 180036356,
        "link": "https://www.sec.gov/Archives/edgar/data/717423/000093066100000647/0000930661-00-000647-index.html",
        "finalLink": "https://www.sec.gov/Archives/edgar/data/717423/000093066100000647/"
    },
    {
        "date": "1999-09-30",
        "symbol": "MUR",
        "reportedCurrency": "USD",
        "cik": "0000717423",
        "fillingDate": "1999-11-10",
        "acceptedDate": "1999-11-10 00:00:00",
        "calendarYear": "1999",
        "period": "Q3",
        "revenue": 632400000,
        "costOfRevenue": 473700000,
        "grossProfit": 158700000,
        "grossProfitRatio": 0.2509487666,
        "researchAndDevelopmentExpenses": 0,
        "generalAndAdministrativeExpenses": 19000000,
        "sellingAndMarketingExpenses": 0,
        "sellingGeneralAndAdministrativeExpenses": 19000000,
        "otherExpenses": 55000000,
        "operatingExpenses": 74000000,
        "costAndExpenses": 547700000,
        "interestIncome": 0,
        "interestExpense": 0,
        "depreciationAndAmortization": 55000000,
        "ebitda": 139700000,
        "ebitdaratio": 0.2209044908,
        "operatingIncome": 84700000,
        "operatingIncomeRatio": 0.1339342188,
        "totalOtherIncomeExpensesNet": -4200000,
        "incomeBeforeTax": 80500000,
        "incomeBeforeTaxRatio": 0.1272928526,
        "incomeTaxExpense": 29300000,
        "netIncome": 51200000,
        "netIncomeRatio": 0.0809614168,
        "eps": 0.28,
        "epsdiluted": 0.28,
        "weightedAverageShsOut": 179885240,
        "weightedAverageShsOutDil": 180240508,
        "link": "https://www.sec.gov/Archives/edgar/data/717423/000071742399000010/0000717423-99-000010-index.html",
        "finalLink": "https://www.sec.gov/Archives/edgar/data/717423/000071742399000010/"
    },
    {
        "date": "1999-06-30",
        "symbol": "MUR",
        "reportedCurrency": "USD",
        "cik": "0000717423",
        "fillingDate": "1999-08-12",
        "acceptedDate": "1999-08-12 00:00:00",
        "calendarYear": "1999",
        "period": "Q2",
        "revenue": 450000000,
        "costOfRevenue": 345800000,
        "grossProfit": 104200000,
        "grossProfitRatio": 0.2315555556,
        "researchAndDevelopmentExpenses": 0,
        "generalAndAdministrativeExpenses": 16900000,
        "sellingAndMarketingExpenses": 0,
        "sellingGeneralAndAdministrativeExpenses": 16900000,
        "otherExpenses": 53300000,
        "operatingExpenses": 70200000,
        "costAndExpenses": 416000000,
        "interestIncome": 0,
        "interestExpense": 0,
        "depreciationAndAmortization": 53300000,
        "ebitda": 87300000,
        "ebitdaratio": 0.194,
        "operatingIncome": 34000000,
        "operatingIncomeRatio": 0.0755555556,
        "totalOtherIncomeExpensesNet": -5762000,
        "incomeBeforeTax": 28200000,
        "incomeBeforeTaxRatio": 0.0626666667,
        "incomeTaxExpense": 12500000,
        "netIncome": 15700000,
        "netIncomeRatio": 0.0348888889,
        "eps": 0.0875,
        "epsdiluted": 0.0875,
        "weightedAverageShsOut": 179856000,
        "weightedAverageShsOutDil": 180140000,
        "link": "https://www.sec.gov/Archives/edgar/data/717423/000071742399000008/0000717423-99-000008-index.html",
        "finalLink": "https://www.sec.gov/Archives/edgar/data/717423/000071742399000008/"
    },
    {
        "date": "1999-03-31",
        "symbol": "MUR",
        "reportedCurrency": "USD",
        "cik": "0000717423",
        "fillingDate": "1999-05-11",
        "acceptedDate": "1999-05-11 00:00:00",
        "calendarYear": "1999",
        "period": "Q1",
        "revenue": 302900000,
        "costOfRevenue": 243700000,
        "grossProfit": 59200000,
        "grossProfitRatio": 0.1954440409,
        "researchAndDevelopmentExpenses": 0,
        "generalAndAdministrativeExpenses": 16500000,
        "sellingAndMarketingExpenses": 0,
        "sellingGeneralAndAdministrativeExpenses": 16500000,
        "otherExpenses": 49200000,
        "operatingExpenses": 65700000,
        "costAndExpenses": 309400000,
        "interestIncome": 0,
        "interestExpense": 0,
        "depreciationAndAmortization": 49200000,
        "ebitda": 42700000,
        "ebitdaratio": 0.1409706174,
        "operatingIncome": -8000000,
        "operatingIncomeRatio": -0.0264113569,
        "totalOtherIncomeExpensesNet": -3200000,
        "incomeBeforeTax": -11200000,
        "incomeBeforeTaxRatio": -0.0369758996,
        "incomeTaxExpense": -4500000,
        "netIncome": -6700000,
        "netIncomeRatio": -0.0221195114,
        "eps": -0.0373,
        "epsdiluted": -0.0373,
        "weightedAverageShsOut": 179820000,
        "weightedAverageShsOutDil": 179820000,
        "link": "https://www.sec.gov/Archives/edgar/data/717423/000071742399000003/0000717423-99-000003-index.html",
        "finalLink": "https://www.sec.gov/Archives/edgar/data/717423/"
    },
    {
        "date": "1998-12-31",
        "symbol": "MUR",
        "reportedCurrency": "USD",
        "cik": "0000717423",
        "fillingDate": "1999-03-24",
        "acceptedDate": "1999-03-24 00:00:00",
        "calendarYear": "1998",
        "period": "Q4",
        "revenue": 375400000,
        "costOfRevenue": 301200000,
        "grossProfit": 74200000,
        "grossProfitRatio": 0.1976558338,
        "researchAndDevelopmentExpenses": 0,
        "generalAndAdministrativeExpenses": 12400000,
        "sellingAndMarketingExpenses": 0,
        "sellingGeneralAndAdministrativeExpenses": 12400000,
        "otherExpenses": 56400000,
        "operatingExpenses": 68800000,
        "costAndExpenses": 370000000,
        "interestIncome": 0,
        "interestExpense": 0,
        "depreciationAndAmortization": 56400000,
        "ebitda": 61800000,
        "ebitdaratio": 0.1646244006,
        "operatingIncome": -82000000,
        "operatingIncomeRatio": -0.2184336708,
        "totalOtherIncomeExpensesNet": -3400000,
        "incomeBeforeTax": -85400000,
        "incomeBeforeTaxRatio": -0.2274906766,
        "incomeTaxExpense": -24200000,
        "netIncome": -61200000,
        "netIncomeRatio": -0.1630261055,
        "eps": -0.34,
        "epsdiluted": -0.34,
        "weightedAverageShsOut": 179820000,
        "weightedAverageShsOutDil": 179820000,
        "link": "https://www.sec.gov/Archives/edgar/data/717423/000093066199000531/0000930661-99-000531-index.html",
        "finalLink": "https://www.sec.gov/Archives/edgar/data/717423/"
    },
    {
        "date": "1998-09-30",
        "symbol": "MUR",
        "reportedCurrency": "USD",
        "cik": "0000717423",
        "fillingDate": "1998-11-12",
        "acceptedDate": "1998-11-12 00:00:00",
        "calendarYear": "1998",
        "period": "Q3",
        "revenue": 432000000,
        "costOfRevenue": 345600000,
        "grossProfit": 86400000,
        "grossProfitRatio": 0.2,
        "researchAndDevelopmentExpenses": 0,
        "generalAndAdministrativeExpenses": 15400000,
        "sellingAndMarketingExpenses": 0,
        "sellingGeneralAndAdministrativeExpenses": 15400000,
        "otherExpenses": 53600000,
        "operatingExpenses": 69000000,
        "costAndExpenses": 414600000,
        "interestIncome": 0,
        "interestExpense": 0,
        "depreciationAndAmortization": 53600000,
        "ebitda": 71200000,
        "ebitdaratio": 0.1648148148,
        "operatingIncome": 17400000,
        "operatingIncomeRatio": 0.0402777778,
        "totalOtherIncomeExpensesNet": -2200000,
        "incomeBeforeTax": 15400000,
        "incomeBeforeTaxRatio": 0.0356481481,
        "incomeTaxExpense": 6400000,
        "netIncome": 9000000,
        "netIncomeRatio": 0.0208333333,
        "eps": 0.05,
        "epsdiluted": 0.05,
        "weightedAverageShsOut": 180000000,
        "weightedAverageShsOutDil": 180000000,
        "link": "https://www.sec.gov/Archives/edgar/data/717423/000071742398000010/0000717423-98-000010-index.html",
        "finalLink": "https://www.sec.gov/Archives/edgar/data/717423/"
    },
    {
        "date": "1998-06-30",
        "symbol": "MUR",
        "reportedCurrency": "USD",
        "cik": "0000717423",
        "fillingDate": "1998-08-03",
        "acceptedDate": "1998-08-03 00:00:00",
        "calendarYear": "1998",
        "period": "Q2",
        "revenue": 447500000,
        "costOfRevenue": 343300000,
        "grossProfit": 104200000,
        "grossProfitRatio": 0.232849162,
        "researchAndDevelopmentExpenses": 0,
        "generalAndAdministrativeExpenses": 16900000,
        "sellingAndMarketingExpenses": 0,
        "sellingGeneralAndAdministrativeExpenses": 16900000,
        "otherExpenses": 50200000,
        "operatingExpenses": 67100000,
        "costAndExpenses": 410400000,
        "interestIncome": 0,
        "interestExpense": 0,
        "depreciationAndAmortization": 50200000,
        "ebitda": 87600000,
        "ebitdaratio": 0.1957541899,
        "operatingIncome": 37100000,
        "operatingIncomeRatio": 0.0829050279,
        "totalOtherIncomeExpensesNet": -500000,
        "incomeBeforeTax": 36900000,
        "incomeBeforeTaxRatio": 0.0824581006,
        "incomeTaxExpense": 14700000,
        "netIncome": 22200000,
        "netIncomeRatio": 0.0496089385,
        "eps": 0.12,
        "epsdiluted": 0.12,
        "weightedAverageShsOut": 181224490,
        "weightedAverageShsOutDil": 181224490,
        "link": "https://www.sec.gov/Archives/edgar/data/717423/000071742398000008/0000717423-98-000008-index.html",
        "finalLink": "https://www.sec.gov/Archives/edgar/data/717423/"
    },
    {
        "date": "1998-03-31",
        "symbol": "MUR",
        "reportedCurrency": "USD",
        "cik": "0000717423",
        "fillingDate": "1998-05-11",
        "acceptedDate": "1998-05-11 00:00:00",
        "calendarYear": "1998",
        "period": "Q1",
        "revenue": 439500000,
        "costOfRevenue": 344800000,
        "grossProfit": 94700000,
        "grossProfitRatio": 0.2154721274,
        "researchAndDevelopmentExpenses": 0,
        "generalAndAdministrativeExpenses": 16800000,
        "sellingAndMarketingExpenses": 0,
        "sellingGeneralAndAdministrativeExpenses": 16800000,
        "otherExpenses": 53000000,
        "operatingExpenses": 69800000,
        "costAndExpenses": 414600000,
        "interestIncome": 0,
        "interestExpense": 0,
        "depreciationAndAmortization": 53000000,
        "ebitda": 78100000,
        "ebitdaratio": 0.177701934,
        "operatingIncome": 24900000,
        "operatingIncomeRatio": 0.0566552901,
        "totalOtherIncomeExpensesNet": -300000,
        "incomeBeforeTax": 24800000,
        "incomeBeforeTaxRatio": 0.0564277588,
        "incomeTaxExpense": 9300000,
        "netIncome": 15500000,
        "netIncomeRatio": 0.0352673493,
        "eps": 0.0875,
        "epsdiluted": 0.0875,
        "weightedAverageShsOut": 177142857,
        "weightedAverageShsOutDil": 177142857,
        "link": "https://www.sec.gov/Archives/edgar/data/717423/000071742398000005/0000717423-98-000005-index.html",
        "finalLink": "https://www.sec.gov/Archives/edgar/data/717423/"
    },
    {
        "date": "1997-12-31",
        "symbol": "MUR",
        "reportedCurrency": "USD",
        "cik": "0000717423",
        "fillingDate": "1998-03-27",
        "acceptedDate": "1998-03-27 00:00:00",
        "calendarYear": "1997",
        "period": "Q4",
        "revenue": 563600000,
        "costOfRevenue": 416500000,
        "grossProfit": 147100000,
        "grossProfitRatio": 0.2610007097,
        "researchAndDevelopmentExpenses": 0,
        "generalAndAdministrativeExpenses": 13100000,
        "sellingAndMarketingExpenses": 0,
        "sellingGeneralAndAdministrativeExpenses": 13100000,
        "otherExpenses": 56100000,
        "operatingExpenses": 69200000,
        "costAndExpenses": 485700000,
        "interestIncome": 0,
        "interestExpense": 0,
        "depreciationAndAmortization": 56100000,
        "ebitda": 134000000,
        "ebitdaratio": 0.2377572747,
        "operatingIncome": 49800000,
        "operatingIncomeRatio": 0.0883605394,
        "totalOtherIncomeExpensesNet": 1400000,
        "incomeBeforeTax": 51200000,
        "incomeBeforeTaxRatio": 0.0908445706,
        "incomeTaxExpense": 19300000,
        "netIncome": 31900000,
        "netIncomeRatio": 0.0566004258,
        "eps": 0.18,
        "epsdiluted": 0.18,
        "weightedAverageShsOut": 177142857,
        "weightedAverageShsOutDil": 177142857,
        "link": "https://www.sec.gov/Archives/edgar/data/717423/000093066198000614/0000930661-98-000614-index.html",
        "finalLink": "https://www.sec.gov/Archives/edgar/data/717423/"
    },
    {
        "date": "1997-09-30",
        "symbol": "MUR",
        "reportedCurrency": "USD",
        "cik": "0000717423",
        "fillingDate": "1997-11-12",
        "acceptedDate": "1997-11-12 00:00:00",
        "calendarYear": "1997",
        "period": "Q3",
        "revenue": 555200000,
        "costOfRevenue": 409200000,
        "grossProfit": 146000000,
        "grossProfitRatio": 0.2629682997,
        "researchAndDevelopmentExpenses": 0,
        "generalAndAdministrativeExpenses": 23800000,
        "sellingAndMarketingExpenses": 0,
        "sellingGeneralAndAdministrativeExpenses": 23800000,
        "otherExpenses": 59100000,
        "operatingExpenses": 82900000,
        "costAndExpenses": 492100000,
        "interestIncome": 0,
        "interestExpense": 0,
        "depreciationAndAmortization": 59100000,
        "ebitda": 122200000,
        "ebitdaratio": 0.2201008646,
        "operatingIncome": 63100000,
        "operatingIncomeRatio": 0.1136527378,
        "totalOtherIncomeExpensesNet": 1100000,
        "incomeBeforeTax": 64200000,
        "incomeBeforeTaxRatio": 0.1156340058,
        "incomeTaxExpense": 21900000,
        "netIncome": 42300000,
        "netIncomeRatio": 0.0761887608,
        "eps": 0.24,
        "epsdiluted": 0.24,
        "weightedAverageShsOut": 180000000,
        "weightedAverageShsOutDil": 180000000,
        "link": "https://www.sec.gov/Archives/edgar/data/717423/000071742397000010/0000717423-97-000010-index.html",
        "finalLink": "https://www.sec.gov/Archives/edgar/data/717423/"
    },
    {
        "date": "1997-06-30",
        "symbol": "MUR",
        "reportedCurrency": "USD",
        "cik": "0000717423",
        "fillingDate": "1997-08-08",
        "acceptedDate": "1997-08-08 00:00:00",
        "calendarYear": "1997",
        "period": "Q2",
        "revenue": 506300000,
        "costOfRevenue": 373600000,
        "grossProfit": 132700000,
        "grossProfitRatio": 0.2620975706,
        "researchAndDevelopmentExpenses": 0,
        "generalAndAdministrativeExpenses": 38000000,
        "sellingAndMarketingExpenses": 0,
        "sellingGeneralAndAdministrativeExpenses": 38000000,
        "otherExpenses": 53400000,
        "operatingExpenses": 91400000,
        "costAndExpenses": 465000000,
        "interestIncome": 0,
        "interestExpense": 0,
        "depreciationAndAmortization": 53400000,
        "ebitda": 94700000,
        "ebitdaratio": 0.187043255,
        "operatingIncome": 41300000,
        "operatingIncomeRatio": 0.0815721904,
        "totalOtherIncomeExpensesNet": 1500000,
        "incomeBeforeTax": 42800000,
        "incomeBeforeTaxRatio": 0.0845348608,
        "incomeTaxExpense": 15200000,
        "netIncome": 27600000,
        "netIncomeRatio": 0.0545131345,
        "eps": 0.15,
        "epsdiluted": 0.15,
        "weightedAverageShsOut": 180983607,
        "weightedAverageShsOutDil": 180983607,
        "link": "https://www.sec.gov/Archives/edgar/data/717423/000071742397000007/0000717423-97-000007-index.html",
        "finalLink": "https://www.sec.gov/Archives/edgar/data/717423/"
    },
    {
        "date": "1997-03-31",
        "symbol": "MUR",
        "reportedCurrency": "USD",
        "cik": "0000717423",
        "fillingDate": "1997-05-09",
        "acceptedDate": "1997-05-09 00:00:00",
        "calendarYear": "1997",
        "period": "Q1",
        "revenue": 507200000,
        "costOfRevenue": 360700000,
        "grossProfit": 146500000,
        "grossProfitRatio": 0.288840694,
        "researchAndDevelopmentExpenses": 0,
        "generalAndAdministrativeExpenses": 42900000,
        "sellingAndMarketingExpenses": 0,
        "sellingGeneralAndAdministrativeExpenses": 42900000,
        "otherExpenses": 51300000,
        "operatingExpenses": 94200000,
        "costAndExpenses": 454900000,
        "interestIncome": 0,
        "interestExpense": 0,
        "depreciationAndAmortization": 51300000,
        "ebitda": 103600000,
        "ebitdaratio": 0.2042586751,
        "operatingIncome": 52300000,
        "operatingIncomeRatio": 0.103115142,
        "totalOtherIncomeExpensesNet": 1100000,
        "incomeBeforeTax": 53400000,
        "incomeBeforeTaxRatio": 0.1052839117,
        "incomeTaxExpense": 22800000,
        "netIncome": 30600000,
        "netIncomeRatio": 0.0603312303,
        "eps": 0.17,
        "epsdiluted": 0.17,
        "weightedAverageShsOut": 180000000,
        "weightedAverageShsOutDil": 180000000,
        "link": "https://www.sec.gov/Archives/edgar/data/717423/000071742397000004/0000717423-97-000004-index.html",
        "finalLink": "https://www.sec.gov/Archives/edgar/data/717423/"
    },
    {
        "date": "1996-12-31",
        "symbol": "MUR",
        "reportedCurrency": "USD",
        "cik": "0000717423",
        "fillingDate": "1997-03-27",
        "acceptedDate": "1997-03-27 00:00:00",
        "calendarYear": "1996",
        "period": "Q4",
        "revenue": 644200000,
        "costOfRevenue": 423000000,
        "grossProfit": 221200000,
        "grossProfitRatio": 0.3433716237,
        "researchAndDevelopmentExpenses": 0,
        "generalAndAdministrativeExpenses": 47000000,
        "sellingAndMarketingExpenses": 0,
        "sellingGeneralAndAdministrativeExpenses": 47000000,
        "otherExpenses": 41100000,
        "operatingExpenses": 88100000,
        "costAndExpenses": 511100000,
        "interestIncome": 0,
        "interestExpense": 0,
        "depreciationAndAmortization": 41100000,
        "ebitda": 174200000,
        "ebitdaratio": 0.2704129152,
        "operatingIncome": 133100000,
        "operatingIncomeRatio": 0.2066128532,
        "totalOtherIncomeExpensesNet": -65100000,
        "incomeBeforeTax": 68000000,
        "incomeBeforeTaxRatio": 0.1055572803,
        "incomeTaxExpense": 27600000,
        "netIncome": 43500000,
        "netIncomeRatio": 0.0675256132,
        "eps": 0.24,
        "epsdiluted": 0.24,
        "weightedAverageShsOut": 179268497,
        "weightedAverageShsOutDil": 180000000,
        "link": "https://www.sec.gov/Archives/edgar/data/717423/000093066197000702/0000930661-97-000702-index.html",
        "finalLink": "https://www.sec.gov/Archives/edgar/data/717423/"
    },
    {
        "date": "1996-09-30",
        "symbol": "MUR",
        "reportedCurrency": "USD",
        "cik": "0000717423",
        "fillingDate": "1996-09-30",
        "acceptedDate": "1996-09-29 20:00:00",
        "calendarYear": "1996",
        "period": "Q3",
        "revenue": 477900000,
        "costOfRevenue": 378400000,
        "grossProfit": 99500000,
        "grossProfitRatio": 0.2082025528,
        "researchAndDevelopmentExpenses": 0,
        "generalAndAdministrativeExpenses": 35200000,
        "sellingAndMarketingExpenses": 0,
        "sellingGeneralAndAdministrativeExpenses": 35200000,
        "otherExpenses": 42400000,
        "operatingExpenses": 77600000,
        "costAndExpenses": 456000000,
        "interestIncome": 0,
        "interestExpense": 0,
        "depreciationAndAmortization": 42400000,
        "ebitda": 64300000,
        "ebitdaratio": 0.1345469764,
        "operatingIncome": 21900000,
        "operatingIncomeRatio": 0.0458254865,
        "totalOtherIncomeExpensesNet": 48600000,
        "incomeBeforeTax": 70500000,
        "incomeBeforeTaxRatio": 0.1475204018,
        "incomeTaxExpense": 30000000,
        "netIncome": 42300000,
        "netIncomeRatio": 0.0885122411,
        "eps": 0.24,
        "epsdiluted": 0.24,
        "weightedAverageShsOut": 180000000,
        "weightedAverageShsOutDil": 180000000,
        "link": "",
        "finalLink": ""
    },
    {
        "date": "1996-06-30",
        "symbol": "MUR",
        "reportedCurrency": "USD",
        "cik": "0000717423",
        "fillingDate": "1996-08-06",
        "acceptedDate": "1996-08-06 00:00:00",
        "calendarYear": "1996",
        "period": "Q2",
        "revenue": 499800000,
        "costOfRevenue": 394900000,
        "grossProfit": 104900000,
        "grossProfitRatio": 0.2098839536,
        "researchAndDevelopmentExpenses": 0,
        "generalAndAdministrativeExpenses": 29200000,
        "sellingAndMarketingExpenses": 0,
        "sellingGeneralAndAdministrativeExpenses": 29200000,
        "otherExpenses": 47600000,
        "operatingExpenses": 76800000,
        "costAndExpenses": 471700000,
        "interestIncome": 0,
        "interestExpense": 0,
        "depreciationAndAmortization": 47600000,
        "ebitda": 75700000,
        "ebitdaratio": 0.1514605842,
        "operatingIncome": 28100000,
        "operatingIncomeRatio": 0.056222489,
        "totalOtherIncomeExpensesNet": 17800000,
        "incomeBeforeTax": 45900000,
        "incomeBeforeTaxRatio": 0.0918367347,
        "incomeTaxExpense": 17800000,
        "netIncome": 28100000,
        "netIncomeRatio": 0.056222489,
        "eps": 0.16,
        "epsdiluted": 0.16,
        "weightedAverageShsOut": 181290323,
        "weightedAverageShsOutDil": 181290323,
        "link": "https://www.sec.gov/Archives/edgar/data/717423/000071742396000008/0000717423-96-000008-index.html",
        "finalLink": "https://www.sec.gov/Archives/edgar/data/717423/"
    },
    {
        "date": "1996-03-31",
        "symbol": "MUR",
        "reportedCurrency": "USD",
        "cik": "0000717423",
        "fillingDate": "1996-05-09",
        "acceptedDate": "1996-05-09 00:00:00",
        "calendarYear": "1996",
        "period": "Q1",
        "revenue": 421400000,
        "costOfRevenue": 314300000,
        "grossProfit": 107100000,
        "grossProfitRatio": 0.2541528239,
        "researchAndDevelopmentExpenses": 0,
        "generalAndAdministrativeExpenses": 27100000,
        "sellingAndMarketingExpenses": 0,
        "sellingGeneralAndAdministrativeExpenses": 27100000,
        "otherExpenses": 51300000,
        "operatingExpenses": 78400000,
        "costAndExpenses": 392700000,
        "interestIncome": 0,
        "interestExpense": 0,
        "depreciationAndAmortization": 51300000,
        "ebitda": 80000000,
        "ebitdaratio": 0.1898433792,
        "operatingIncome": 28700000,
        "operatingIncomeRatio": 0.0681063123,
        "totalOtherIncomeExpensesNet": 14800000,
        "incomeBeforeTax": 43500000,
        "incomeBeforeTaxRatio": 0.1032273374,
        "incomeTaxExpense": 19500000,
        "netIncome": 24000000,
        "netIncomeRatio": 0.0569530138,
        "eps": 0.14,
        "epsdiluted": 0.14,
        "weightedAverageShsOut": 177777778,
        "weightedAverageShsOutDil": 177777778,
        "link": "https://www.sec.gov/Archives/edgar/data/717423/000071742396000006/0000717423-96-000006-index.html",
        "finalLink": "https://www.sec.gov/Archives/edgar/data/717423/"
    },
    {
        "date": "1995-12-31",
        "symbol": "MUR",
        "reportedCurrency": "USD",
        "cik": "0000717423",
        "fillingDate": "1996-03-27",
        "acceptedDate": "1996-03-27 00:00:00",
        "calendarYear": "1995",
        "period": "Q4",
        "revenue": 435900000,
        "costOfRevenue": 345300000,
        "grossProfit": 90600000,
        "grossProfitRatio": 0.2078458362,
        "researchAndDevelopmentExpenses": 0,
        "generalAndAdministrativeExpenses": 16500000,
        "sellingAndMarketingExpenses": 0,
        "sellingGeneralAndAdministrativeExpenses": 16500000,
        "otherExpenses": 47900000,
        "operatingExpenses": 64400000,
        "costAndExpenses": 409700000,
        "interestIncome": 0,
        "interestExpense": 0,
        "depreciationAndAmortization": 47900000,
        "ebitda": 74100000,
        "ebitdaratio": 0.1699931177,
        "operatingIncome": 26200000,
        "operatingIncomeRatio": 0.0601055288,
        "totalOtherIncomeExpensesNet": -224700000,
        "incomeBeforeTax": -198500000,
        "incomeBeforeTaxRatio": -0.4553796742,
        "incomeTaxExpense": -35700000,
        "netIncome": -162800000,
        "netIncomeRatio": -0.373480156,
        "eps": -0.92,
        "epsdiluted": -0.92,
        "weightedAverageShsOut": 177777778,
        "weightedAverageShsOutDil": 177777778,
        "link": "https://www.sec.gov/Archives/edgar/data/717423/000093066196000195/0000930661-96-000195-index.html",
        "finalLink": "https://www.sec.gov/Archives/edgar/data/717423/"
    },
    {
        "date": "1995-09-30",
        "symbol": "MUR",
        "reportedCurrency": "USD",
        "cik": "0000717423",
        "fillingDate": "1995-11-13",
        "acceptedDate": "1995-11-13 00:00:00",
        "calendarYear": "1995",
        "period": "Q3",
        "revenue": 420300000,
        "costOfRevenue": 342400000,
        "grossProfit": 77900000,
        "grossProfitRatio": 0.185343802,
        "researchAndDevelopmentExpenses": 0,
        "generalAndAdministrativeExpenses": 16300000,
        "sellingAndMarketingExpenses": 0,
        "sellingGeneralAndAdministrativeExpenses": 16300000,
        "otherExpenses": 62000000,
        "operatingExpenses": 78300000,
        "costAndExpenses": 420700000,
        "interestIncome": 0,
        "interestExpense": 0,
        "depreciationAndAmortization": 62000000,
        "ebitda": 61600000,
        "ebitdaratio": 0.1465619795,
        "operatingIncome": -400000,
        "operatingIncomeRatio": -0.0009517012,
        "totalOtherIncomeExpensesNet": 1700000,
        "incomeBeforeTax": 1300000,
        "incomeBeforeTaxRatio": 0.0030930288,
        "incomeTaxExpense": -6300000,
        "netIncome": 7600000,
        "netIncomeRatio": 0.0180823222,
        "eps": 0.0425,
        "epsdiluted": 0.0425,
        "weightedAverageShsOut": 178823529,
        "weightedAverageShsOutDil": 178823529,
        "link": "https://www.sec.gov/Archives/edgar/data/717423/000071742395000012/0000717423-95-000012-index.html",
        "finalLink": "https://www.sec.gov/Archives/edgar/data/717423/"
    },
    {
        "date": "1995-06-30",
        "symbol": "MUR",
        "reportedCurrency": "USD",
        "cik": "0000717423",
        "fillingDate": "1995-08-10",
        "acceptedDate": "1995-08-10 00:00:00",
        "calendarYear": "1995",
        "period": "Q2",
        "revenue": 447300000,
        "costOfRevenue": 330600000,
        "grossProfit": 116700000,
        "grossProfitRatio": 0.2608987257,
        "researchAndDevelopmentExpenses": 0,
        "generalAndAdministrativeExpenses": 17200000,
        "sellingAndMarketingExpenses": 0,
        "sellingGeneralAndAdministrativeExpenses": 17200000,
        "otherExpenses": 62100000,
        "operatingExpenses": 79300000,
        "costAndExpenses": 409900000,
        "interestIncome": 0,
        "interestExpense": 0,
        "depreciationAndAmortization": 62100000,
        "ebitda": 99500000,
        "ebitdaratio": 0.2224457858,
        "operatingIncome": 37400000,
        "operatingIncomeRatio": 0.0836127878,
        "totalOtherIncomeExpensesNet": 300000,
        "incomeBeforeTax": 37700000,
        "incomeBeforeTaxRatio": 0.0842834786,
        "incomeTaxExpense": 17100000,
        "netIncome": 20600000,
        "netIncomeRatio": 0.0460541024,
        "eps": 0.12,
        "epsdiluted": 0.12,
        "weightedAverageShsOut": 179130435,
        "weightedAverageShsOutDil": 179130435,
        "link": "https://www.sec.gov/Archives/edgar/data/717423/000071742395000009/0000717423-95-000009-index.html",
        "finalLink": "https://www.sec.gov/Archives/edgar/data/717423/"
    },
    {
        "date": "1995-03-31",
        "symbol": "MUR",
        "reportedCurrency": "USD",
        "cik": "0000717423",
        "fillingDate": "1995-05-09",
        "acceptedDate": "1995-05-09 00:00:00",
        "calendarYear": "1995",
        "period": "Q1",
        "revenue": 407800000,
        "costOfRevenue": 311800000,
        "grossProfit": 96000000,
        "grossProfitRatio": 0.2354095145,
        "researchAndDevelopmentExpenses": 0,
        "generalAndAdministrativeExpenses": 17600000,
        "sellingAndMarketingExpenses": 0,
        "sellingGeneralAndAdministrativeExpenses": 17600000,
        "otherExpenses": 64600000,
        "operatingExpenses": 82200000,
        "costAndExpenses": 394000000,
        "interestIncome": 0,
        "interestExpense": 0,
        "depreciationAndAmortization": 64600000,
        "ebitda": 78400000,
        "ebitdaratio": 0.1922511035,
        "operatingIncome": 13800000,
        "operatingIncomeRatio": 0.0338401177,
        "totalOtherIncomeExpensesNet": 11800000,
        "incomeBeforeTax": 25600000,
        "incomeBeforeTaxRatio": 0.0627758705,
        "incomeTaxExpense": 9600000,
        "netIncome": 16000000,
        "netIncomeRatio": 0.0392349191,
        "eps": 0.09,
        "epsdiluted": 0.09,
        "weightedAverageShsOut": 177777778,
        "weightedAverageShsOutDil": 177777778,
        "link": "https://www.sec.gov/Archives/edgar/data/717423/000071742395000006/0000717423-95-000006-index.html",
        "finalLink": "https://www.sec.gov/Archives/edgar/data/717423/"
    },
    {
        "date": "1994-12-31",
        "symbol": "MUR",
        "reportedCurrency": "USD",
        "cik": "0000717423",
        "fillingDate": "1995-03-29",
        "acceptedDate": "1995-03-29 00:00:00",
        "calendarYear": "1994",
        "period": "Q4",
        "revenue": 401100000,
        "costOfRevenue": 360300000,
        "grossProfit": 40800000,
        "grossProfitRatio": 0.1017202693,
        "researchAndDevelopmentExpenses": 0,
        "generalAndAdministrativeExpenses": -14800000,
        "sellingAndMarketingExpenses": 0,
        "sellingGeneralAndAdministrativeExpenses": -14800000,
        "otherExpenses": 61800000,
        "operatingExpenses": 47000000,
        "costAndExpenses": 407300000,
        "interestIncome": 0,
        "interestExpense": 0,
        "depreciationAndAmortization": 61800000,
        "ebitda": 55600000,
        "ebitdaratio": 0.1386187983,
        "operatingIncome": -6200000,
        "operatingIncomeRatio": -0.0154574919,
        "totalOtherIncomeExpensesNet": 30300000,
        "incomeBeforeTax": 24100000,
        "incomeBeforeTaxRatio": 0.0600847669,
        "incomeTaxExpense": 6000000,
        "netIncome": 18100000,
        "netIncomeRatio": 0.0451259038,
        "eps": 0.1,
        "epsdiluted": 0.1,
        "weightedAverageShsOut": 177777778,
        "weightedAverageShsOutDil": 177777778,
        "link": "https://www.sec.gov/Archives/edgar/data/717423/000095010995000957/0000950109-95-000957-index.html",
        "finalLink": "https://www.sec.gov/Archives/edgar/data/717423/"
    },
    {
        "date": "1994-09-30",
        "symbol": "MUR",
        "reportedCurrency": "USD",
        "cik": "0000717423",
        "fillingDate": "1994-11-10",
        "acceptedDate": "1994-11-10 00:00:00",
        "calendarYear": "1994",
        "period": "Q3",
        "revenue": 492800000,
        "costOfRevenue": 356200000,
        "grossProfit": 136600000,
        "grossProfitRatio": 0.2771915584,
        "researchAndDevelopmentExpenses": 0,
        "generalAndAdministrativeExpenses": 27200000,
        "sellingAndMarketingExpenses": 0,
        "sellingGeneralAndAdministrativeExpenses": 27200000,
        "otherExpenses": 51100000,
        "operatingExpenses": 78300000,
        "costAndExpenses": 434500000,
        "interestIncome": 0,
        "interestExpense": 0,
        "depreciationAndAmortization": 51100000,
        "ebitda": 109400000,
        "ebitdaratio": 0.2219967532,
        "operatingIncome": 58300000,
        "operatingIncomeRatio": 0.1183035714,
        "totalOtherIncomeExpensesNet": -400000,
        "incomeBeforeTax": 57900000,
        "incomeBeforeTaxRatio": 0.1174918831,
        "incomeTaxExpense": 20600000,
        "netIncome": 37300000,
        "netIncomeRatio": 0.0756899351,
        "eps": 0.21,
        "epsdiluted": 0.21,
        "weightedAverageShsOut": 179759036,
        "weightedAverageShsOutDil": 179759036,
        "link": "https://www.sec.gov/Archives/edgar/data/717423/000071742394000016/0000717423-94-000016-index.html",
        "finalLink": "https://www.sec.gov/Archives/edgar/data/717423/"
    },
    {
        "date": "1994-06-30",
        "symbol": "MUR",
        "reportedCurrency": "USD",
        "cik": "0000717423",
        "fillingDate": "1994-08-11",
        "acceptedDate": "1994-08-11 00:00:00",
        "calendarYear": "1994",
        "period": "Q2",
        "revenue": 434800000,
        "costOfRevenue": 322200000,
        "grossProfit": 112600000,
        "grossProfitRatio": 0.2589696412,
        "researchAndDevelopmentExpenses": 0,
        "generalAndAdministrativeExpenses": 25600000,
        "sellingAndMarketingExpenses": 0,
        "sellingGeneralAndAdministrativeExpenses": 25600000,
        "otherExpenses": 52200000,
        "operatingExpenses": 77800000,
        "costAndExpenses": 400000000,
        "interestIncome": 0,
        "interestExpense": 0,
        "depreciationAndAmortization": 52200000,
        "ebitda": 87000000,
        "ebitdaratio": 0.2000919963,
        "operatingIncome": 34800000,
        "operatingIncomeRatio": 0.0800367985,
        "totalOtherIncomeExpensesNet": -1100000,
        "incomeBeforeTax": 33700000,
        "incomeBeforeTaxRatio": 0.0775068997,
        "incomeTaxExpense": 6200000,
        "netIncome": 27500000,
        "netIncomeRatio": 0.0632474701,
        "eps": 0.15,
        "epsdiluted": 0.15,
        "weightedAverageShsOut": 180327869,
        "weightedAverageShsOutDil": 180327869,
        "link": "https://www.sec.gov/Archives/edgar/data/717423/000071742394000007/0000717423-94-000007-index.html",
        "finalLink": "https://www.sec.gov/Archives/edgar/data/717423/"
    },
    {
        "date": "1994-03-31",
        "symbol": "MUR",
        "reportedCurrency": "USD",
        "cik": "0000717423",
        "fillingDate": "1994-05-10",
        "acceptedDate": "1994-05-10 00:00:00",
        "calendarYear": "1994",
        "period": "Q1",
        "revenue": 409500000,
        "costOfRevenue": 285600000,
        "grossProfit": 123900000,
        "grossProfitRatio": 0.3025641026,
        "researchAndDevelopmentExpenses": 0,
        "generalAndAdministrativeExpenses": 28600000,
        "sellingAndMarketingExpenses": 0,
        "sellingGeneralAndAdministrativeExpenses": 28600000,
        "otherExpenses": 53100000,
        "operatingExpenses": 81700000,
        "costAndExpenses": 367300000,
        "interestIncome": 0,
        "interestExpense": 0,
        "depreciationAndAmortization": 53100000,
        "ebitda": 95300000,
        "ebitdaratio": 0.2327228327,
        "operatingIncome": 42200000,
        "operatingIncomeRatio": 0.1030525031,
        "totalOtherIncomeExpensesNet": -1100000,
        "incomeBeforeTax": 41100000,
        "incomeBeforeTaxRatio": 0.1003663004,
        "incomeTaxExpense": 17400000,
        "netIncome": 23700000,
        "netIncomeRatio": 0.0578754579,
        "eps": 0.13,
        "epsdiluted": 0.13,
        "weightedAverageShsOut": 178867925,
        "weightedAverageShsOutDil": 178867925,
        "link": "https://www.sec.gov/Archives/edgar/data/717423/000071742394000003/0000717423-94-000003-index.html",
        "finalLink": "https://www.sec.gov/Archives/edgar/data/717423/"
    },
    {
        "date": "1993-12-31",
        "symbol": "MUR",
        "reportedCurrency": "USD",
        "cik": "0000717423",
        "fillingDate": "1994-06-28",
        "acceptedDate": "1994-06-28 00:00:00",
        "calendarYear": "1993",
        "period": "Q4",
        "revenue": 387900000,
        "costOfRevenue": 320100000,
        "grossProfit": 67800000,
        "grossProfitRatio": 0.1747873163,
        "researchAndDevelopmentExpenses": 0,
        "generalAndAdministrativeExpenses": 0,
        "sellingAndMarketingExpenses": 0,
        "sellingGeneralAndAdministrativeExpenses": 15700000,
        "otherExpenses": 51700000,
        "operatingExpenses": 67400000,
        "costAndExpenses": 387500000,
        "interestIncome": 0,
        "interestExpense": 0,
        "depreciationAndAmortization": 51700000,
        "ebitda": 52100000,
        "ebitdaratio": 0.1343129673,
        "operatingIncome": 400000,
        "operatingIncomeRatio": 0.0010311936,
        "totalOtherIncomeExpensesNet": 33900000,
        "incomeBeforeTax": 34300000,
        "incomeBeforeTaxRatio": 0.0884248518,
        "incomeTaxExpense": 14200000,
        "netIncome": 20100000,
        "netIncomeRatio": 0.0518174787,
        "eps": 0.11,
        "epsdiluted": 0.11,
        "weightedAverageShsOut": 178786310,
        "weightedAverageShsOutDil": 179555556,
        "link": "https://www.sec.gov/Archives/edgar/data/717423/000071742394000005/0000717423-94-000005-index.html",
        "finalLink": "https://www.sec.gov/Archives/edgar/data/717423/"
    },
    {
        "date": "1993-09-30",
        "symbol": "MUR",
        "reportedCurrency": "USD",
        "cik": "0000717423",
        "fillingDate": "1993-09-30",
        "acceptedDate": "1993-09-30 00:00:00",
        "calendarYear": "1993",
        "period": "Q3",
        "revenue": 420000000,
        "costOfRevenue": 327000000,
        "grossProfit": 93000000,
        "grossProfitRatio": 0.2214285714,
        "researchAndDevelopmentExpenses": 0,
        "generalAndAdministrativeExpenses": 0,
        "sellingAndMarketingExpenses": 0,
        "sellingGeneralAndAdministrativeExpenses": 16500000,
        "otherExpenses": 42700000,
        "operatingExpenses": 59200000,
        "costAndExpenses": 386200000,
        "interestIncome": 0,
        "interestExpense": 0,
        "depreciationAndAmortization": 45700000,
        "ebitda": 79500000,
        "ebitdaratio": 0.1892857143,
        "operatingIncome": 33800000,
        "operatingIncomeRatio": 0.0804761905,
        "totalOtherIncomeExpensesNet": 0,
        "incomeBeforeTax": 33800000,
        "incomeBeforeTaxRatio": 0.0804761905,
        "incomeTaxExpense": 13600000,
        "netIncome": 20200000,
        "netIncomeRatio": 0.0480952381,
        "eps": 0.11,
        "epsdiluted": 0.11,
        "weightedAverageShsOut": 179555556,
        "weightedAverageShsOutDil": 179555556,
        "link": null,
        "finalLink": null
    },
    {
        "date": "1993-06-30",
        "symbol": "MUR",
        "reportedCurrency": "USD",
        "cik": "0000717423",
        "fillingDate": "1993-06-30",
        "acceptedDate": "1993-06-30 00:00:00",
        "calendarYear": "1993",
        "period": "Q2",
        "revenue": 430300000,
        "costOfRevenue": 329200000,
        "grossProfit": 101100000,
        "grossProfitRatio": 0.2349523588,
        "researchAndDevelopmentExpenses": 0,
        "generalAndAdministrativeExpenses": 0,
        "sellingAndMarketingExpenses": 0,
        "sellingGeneralAndAdministrativeExpenses": 16800000,
        "otherExpenses": 41600000,
        "operatingExpenses": 58400000,
        "costAndExpenses": 387600000,
        "interestIncome": 0,
        "interestExpense": 0,
        "depreciationAndAmortization": 48100000,
        "ebitda": 90800000,
        "ebitdaratio": 0.2110155705,
        "operatingIncome": 42700000,
        "operatingIncomeRatio": 0.0992330932,
        "totalOtherIncomeExpensesNet": -500000,
        "incomeBeforeTax": 42200000,
        "incomeBeforeTaxRatio": 0.0980711132,
        "incomeTaxExpense": 19500000,
        "netIncome": 22700000,
        "netIncomeRatio": 0.0527538926,
        "eps": 0.13,
        "epsdiluted": 0.13,
        "weightedAverageShsOut": 178039216,
        "weightedAverageShsOutDil": 178039216,
        "link": null,
        "finalLink": null
    },
    {
        "date": "1993-03-31",
        "symbol": "MUR",
        "reportedCurrency": "USD",
        "cik": "0000717423",
        "fillingDate": "1993-03-31",
        "acceptedDate": "1993-03-31 00:00:00",
        "calendarYear": "1993",
        "period": "Q1",
        "revenue": 398500000,
        "costOfRevenue": 315000000,
        "grossProfit": 83500000,
        "grossProfitRatio": 0.2095357591,
        "researchAndDevelopmentExpenses": 0,
        "generalAndAdministrativeExpenses": 0,
        "sellingAndMarketingExpenses": 0,
        "sellingGeneralAndAdministrativeExpenses": 16200000,
        "otherExpenses": 42800000,
        "operatingExpenses": 59000000,
        "costAndExpenses": 374000000,
        "interestIncome": 0,
        "interestExpense": 0,
        "depreciationAndAmortization": 42800000,
        "ebitda": 67300000,
        "ebitdaratio": 0.1688833124,
        "operatingIncome": 24500000,
        "operatingIncomeRatio": 0.0614805521,
        "totalOtherIncomeExpensesNet": -1100000,
        "incomeBeforeTax": 23400000,
        "incomeBeforeTaxRatio": 0.0587202008,
        "incomeTaxExpense": -400000,
        "netIncome": 39100000,
        "netIncomeRatio": 0.0981179423,
        "eps": 0.22,
        "epsdiluted": 0.22,
        "weightedAverageShsOut": 179770115,
        "weightedAverageShsOutDil": 179770115,
        "link": null,
        "finalLink": null
    },
    {
        "date": "1992-12-31",
        "symbol": "MUR",
        "reportedCurrency": "USD",
        "cik": "0000717423",
        "fillingDate": "1992-12-31",
        "acceptedDate": "1992-12-31 00:00:00",
        "calendarYear": "1992",
        "period": "Q4",
        "revenue": 475100000,
        "costOfRevenue": 347500000,
        "grossProfit": 127600000,
        "grossProfitRatio": 0.2685750368,
        "researchAndDevelopmentExpenses": 0,
        "generalAndAdministrativeExpenses": 0,
        "sellingAndMarketingExpenses": 0,
        "sellingGeneralAndAdministrativeExpenses": 18700000,
        "otherExpenses": 58800000,
        "operatingExpenses": 77500000,
        "costAndExpenses": 425000000,
        "interestIncome": 0,
        "interestExpense": 0,
        "depreciationAndAmortization": 58800000,
        "ebitda": 108900000,
        "ebitdaratio": 0.2292149021,
        "operatingIncome": 50100000,
        "operatingIncomeRatio": 0.1054514839,
        "totalOtherIncomeExpensesNet": -21100000,
        "incomeBeforeTax": 29000000,
        "incomeBeforeTaxRatio": 0.0610397811,
        "incomeTaxExpense": 7300000,
        "netIncome": 31200000,
        "netIncomeRatio": 0.0656703852,
        "eps": 0.17,
        "epsdiluted": 0.17,
        "weightedAverageShsOut": 177887814,
        "weightedAverageShsOutDil": 180000000,
        "link": null,
        "finalLink": null
    },
    {
        "date": "1992-09-30",
        "symbol": "MUR",
        "reportedCurrency": "USD",
        "cik": "0000717423",
        "fillingDate": "1992-09-30",
        "acceptedDate": "1992-09-30 00:00:00",
        "calendarYear": "1992",
        "period": "Q3",
        "revenue": 404800000,
        "costOfRevenue": 362300000,
        "grossProfit": 42500000,
        "grossProfitRatio": 0.1049901186,
        "researchAndDevelopmentExpenses": 0,
        "generalAndAdministrativeExpenses": 0,
        "sellingAndMarketingExpenses": 0,
        "sellingGeneralAndAdministrativeExpenses": 18500000,
        "otherExpenses": 37600000,
        "operatingExpenses": 56100000,
        "costAndExpenses": 418400000,
        "interestIncome": 0,
        "interestExpense": 0,
        "depreciationAndAmortization": 37600000,
        "ebitda": 24000000,
        "ebitdaratio": 0.0592885375,
        "operatingIncome": -13600000,
        "operatingIncomeRatio": -0.0335968379,
        "totalOtherIncomeExpensesNet": 12600000,
        "incomeBeforeTax": -1000000,
        "incomeBeforeTaxRatio": -0.0024703557,
        "incomeTaxExpense": -15700000,
        "netIncome": 17100000,
        "netIncomeRatio": 0.042243083,
        "eps": 0.095,
        "epsdiluted": 0.095,
        "weightedAverageShsOut": 180000000,
        "weightedAverageShsOutDil": 180000000,
        "link": null,
        "finalLink": null
    },
    {
        "date": "1992-06-30",
        "symbol": "MUR",
        "reportedCurrency": "USD",
        "cik": "0000717423",
        "fillingDate": "1992-06-30",
        "acceptedDate": "1992-06-30 00:00:00",
        "calendarYear": "1992",
        "period": "Q2",
        "revenue": 409900000,
        "costOfRevenue": 322000000,
        "grossProfit": 87900000,
        "grossProfitRatio": 0.214442547,
        "researchAndDevelopmentExpenses": 0,
        "generalAndAdministrativeExpenses": 0,
        "sellingAndMarketingExpenses": 0,
        "sellingGeneralAndAdministrativeExpenses": 37200000,
        "otherExpenses": 42600000,
        "operatingExpenses": 79800000,
        "costAndExpenses": 401800000,
        "interestIncome": 0,
        "interestExpense": 0,
        "depreciationAndAmortization": 42600000,
        "ebitda": 50700000,
        "ebitdaratio": 0.1236887046,
        "operatingIncome": 8100000,
        "operatingIncomeRatio": 0.0197609173,
        "totalOtherIncomeExpensesNet": 28000000,
        "incomeBeforeTax": 36100000,
        "incomeBeforeTaxRatio": 0.088070261,
        "incomeTaxExpense": 8600000,
        "netIncome": 33900000,
        "netIncomeRatio": 0.0827030983,
        "eps": 0.19,
        "epsdiluted": 0.19,
        "weightedAverageShsOut": 180800000,
        "weightedAverageShsOutDil": 180800000,
        "link": null,
        "finalLink": null
    },
    {
        "date": "1992-03-31",
        "symbol": "MUR",
        "reportedCurrency": "USD",
        "cik": "0000717423",
        "fillingDate": "1992-03-31",
        "acceptedDate": "1992-03-31 00:00:00",
        "calendarYear": "1992",
        "period": "Q1",
        "revenue": 366000000,
        "costOfRevenue": 295700000,
        "grossProfit": 70300000,
        "grossProfitRatio": 0.1920765027,
        "researchAndDevelopmentExpenses": 0,
        "generalAndAdministrativeExpenses": 0,
        "sellingAndMarketingExpenses": 0,
        "sellingGeneralAndAdministrativeExpenses": 17200000,
        "otherExpenses": 43200000,
        "operatingExpenses": 60400000,
        "costAndExpenses": 356100000,
        "interestIncome": 0,
        "interestExpense": 0,
        "depreciationAndAmortization": 43200000,
        "ebitda": 53100000,
        "ebitdaratio": 0.1450819672,
        "operatingIncome": 9900000,
        "operatingIncomeRatio": 0.0270491803,
        "totalOtherIncomeExpensesNet": -4600000,
        "incomeBeforeTax": 5300000,
        "incomeBeforeTaxRatio": 0.0144808743,
        "incomeTaxExpense": 6400000,
        "netIncome": 23300000,
        "netIncomeRatio": 0.0636612022,
        "eps": 0.13,
        "epsdiluted": 0.095,
        "weightedAverageShsOut": 179230769,
        "weightedAverageShsOutDil": 179230769,
        "link": null,
        "finalLink": null
    },
    {
        "date": "1991-12-31",
        "symbol": "MUR",
        "reportedCurrency": "USD",
        "cik": "0000717423",
        "fillingDate": "1991-12-31",
        "acceptedDate": "1991-12-31 00:00:00",
        "calendarYear": "1991",
        "period": "Q4",
        "revenue": 183200000,
        "costOfRevenue": 203600000,
        "grossProfit": -20400000,
        "grossProfitRatio": -0.1113537118,
        "researchAndDevelopmentExpenses": 0,
        "generalAndAdministrativeExpenses": 0,
        "sellingAndMarketingExpenses": 0,
        "sellingGeneralAndAdministrativeExpenses": 3400000,
        "otherExpenses": 17800000,
        "operatingExpenses": 21200000,
        "costAndExpenses": 224800000,
        "interestIncome": 0,
        "interestExpense": 0,
        "depreciationAndAmortization": 17800000,
        "ebitda": -23800000,
        "ebitdaratio": -0.1299126638,
        "operatingIncome": -41600000,
        "operatingIncomeRatio": -0.2270742358,
        "totalOtherIncomeExpensesNet": 75600000,
        "incomeBeforeTax": 34000000,
        "incomeBeforeTaxRatio": 0.1855895197,
        "incomeTaxExpense": 6500000,
        "netIncome": 25900000,
        "netIncomeRatio": 0.1413755459,
        "eps": 0.14,
        "epsdiluted": 0.14,
        "weightedAverageShsOut": 179793814,
        "weightedAverageShsOutDil": 179793814,
        "link": null,
        "finalLink": null
    },
    {
        "date": "1991-09-30",
        "symbol": "MUR",
        "reportedCurrency": "USD",
        "cik": "0000717423",
        "fillingDate": "1991-09-30",
        "acceptedDate": "1991-09-30 00:00:00",
        "calendarYear": "1991",
        "period": "Q3",
        "revenue": 469600000,
        "costOfRevenue": 343500000,
        "grossProfit": 126100000,
        "grossProfitRatio": 0.2685264055,
        "researchAndDevelopmentExpenses": 0,
        "generalAndAdministrativeExpenses": 0,
        "sellingAndMarketingExpenses": 0,
        "sellingGeneralAndAdministrativeExpenses": 23100000,
        "otherExpenses": 44400000,
        "operatingExpenses": 67500000,
        "costAndExpenses": 411000000,
        "interestIncome": 0,
        "interestExpense": 0,
        "depreciationAndAmortization": 44400000,
        "ebitda": 103000000,
        "ebitdaratio": 0.2193356048,
        "operatingIncome": 58600000,
        "operatingIncomeRatio": 0.1247870528,
        "totalOtherIncomeExpensesNet": -6400000,
        "incomeBeforeTax": 52200000,
        "incomeBeforeTaxRatio": 0.1111584327,
        "incomeTaxExpense": 8600000,
        "netIncome": 43600000,
        "netIncomeRatio": 0.0928449744,
        "eps": 0.24,
        "epsdiluted": 0.24,
        "weightedAverageShsOut": 179793814,
        "weightedAverageShsOutDil": 179793814,
        "link": null,
        "finalLink": null
    },
    {
        "date": "1991-06-30",
        "symbol": "MUR",
        "reportedCurrency": "USD",
        "cik": "0000717423",
        "fillingDate": "1991-06-30",
        "acceptedDate": "1991-06-30 00:00:00",
        "calendarYear": "1991",
        "period": "Q2",
        "revenue": 477100000,
        "costOfRevenue": 386400000,
        "grossProfit": 90700000,
        "grossProfitRatio": 0.1901068958,
        "researchAndDevelopmentExpenses": 0,
        "generalAndAdministrativeExpenses": 0,
        "sellingAndMarketingExpenses": 0,
        "sellingGeneralAndAdministrativeExpenses": 151600000,
        "otherExpenses": 41500000,
        "operatingExpenses": 193100000,
        "costAndExpenses": 579500000,
        "interestIncome": 0,
        "interestExpense": 0,
        "depreciationAndAmortization": 41500000,
        "ebitda": -60900000,
        "ebitdaratio": -0.1276461958,
        "operatingIncome": -102400000,
        "operatingIncomeRatio": -0.2146300566,
        "totalOtherIncomeExpensesNet": -4500000,
        "incomeBeforeTax": -106900000,
        "incomeBeforeTaxRatio": -0.2240620415,
        "incomeTaxExpense": -1800000,
        "netIncome": -105100000,
        "netIncomeRatio": -0.2202892475,
        "eps": -0.78,
        "epsdiluted": -0.78,
        "weightedAverageShsOut": 135612903,
        "weightedAverageShsOutDil": 135612903,
        "link": null,
        "finalLink": null
    },
    {
        "date": "1991-03-31",
        "symbol": "MUR",
        "reportedCurrency": "USD",
        "cik": "0000717423",
        "fillingDate": "1991-03-31",
        "acceptedDate": "1991-03-31 00:00:00",
        "calendarYear": "1991",
        "period": "Q1",
        "revenue": 470900000,
        "costOfRevenue": 347700000,
        "grossProfit": 123200000,
        "grossProfitRatio": 0.2616266723,
        "researchAndDevelopmentExpenses": 0,
        "generalAndAdministrativeExpenses": 0,
        "sellingAndMarketingExpenses": 0,
        "sellingGeneralAndAdministrativeExpenses": 22900000,
        "otherExpenses": 45900000,
        "operatingExpenses": 68800000,
        "costAndExpenses": 416500000,
        "interestIncome": 0,
        "interestExpense": 0,
        "depreciationAndAmortization": 45900000,
        "ebitda": 100300000,
        "ebitdaratio": 0.2129963899,
        "operatingIncome": 54400000,
        "operatingIncomeRatio": 0.1155234657,
        "totalOtherIncomeExpensesNet": -5800000,
        "incomeBeforeTax": 48600000,
        "incomeBeforeTaxRatio": 0.1032066256,
        "incomeTaxExpense": 24100000,
        "netIncome": 24500000,
        "netIncomeRatio": 0.0520280314,
        "eps": 0.18,
        "epsdiluted": 0.18,
        "weightedAverageShsOut": 134246575,
        "weightedAverageShsOutDil": 134246575,
        "link": null,
        "finalLink": null
    },
    {
        "date": "1990-12-31",
        "symbol": "MUR",
        "reportedCurrency": "USD",
        "cik": "0000717423",
        "fillingDate": "1990-12-31",
        "acceptedDate": "1990-12-31 00:00:00",
        "calendarYear": "1990",
        "period": "Q4",
        "revenue": 538600000,
        "costOfRevenue": 478400000,
        "grossProfit": 60200000,
        "grossProfitRatio": 0.1117712588,
        "researchAndDevelopmentExpenses": 0,
        "generalAndAdministrativeExpenses": 0,
        "sellingAndMarketingExpenses": 0,
        "sellingGeneralAndAdministrativeExpenses": 91000000,
        "otherExpenses": 45800000,
        "operatingExpenses": 136800000,
        "costAndExpenses": 615200000,
        "interestIncome": 0,
        "interestExpense": 0,
        "depreciationAndAmortization": 45800000,
        "ebitda": -30800000,
        "ebitdaratio": -0.0571852952,
        "operatingIncome": -76600000,
        "operatingIncomeRatio": -0.1422205719,
        "totalOtherIncomeExpensesNet": 118100000,
        "incomeBeforeTax": 41500000,
        "incomeBeforeTaxRatio": 0.0770516153,
        "incomeTaxExpense": 23600000,
        "netIncome": 17900000,
        "netIncomeRatio": 0.0332343112,
        "eps": 0.13,
        "epsdiluted": 0.13,
        "weightedAverageShsOut": 135495495,
        "weightedAverageShsOutDil": 135495495,
        "link": null,
        "finalLink": null
    },
    {
        "date": "1990-09-30",
        "symbol": "MUR",
        "reportedCurrency": "USD",
        "cik": "0000717423",
        "fillingDate": "1990-09-30",
        "acceptedDate": "1990-09-30 00:00:00",
        "calendarYear": "1990",
        "period": "Q3",
        "revenue": 577500000,
        "costOfRevenue": 407600000,
        "grossProfit": 169900000,
        "grossProfitRatio": 0.2941991342,
        "researchAndDevelopmentExpenses": 0,
        "generalAndAdministrativeExpenses": 0,
        "sellingAndMarketingExpenses": 0,
        "sellingGeneralAndAdministrativeExpenses": 22300000,
        "otherExpenses": 70900000,
        "operatingExpenses": 93200000,
        "costAndExpenses": 500800000,
        "interestIncome": 0,
        "interestExpense": 0,
        "depreciationAndAmortization": 70900000,
        "ebitda": 147600000,
        "ebitdaratio": 0.2555844156,
        "operatingIncome": 76700000,
        "operatingIncomeRatio": 0.1328138528,
        "totalOtherIncomeExpensesNet": -13100000,
        "incomeBeforeTax": 63600000,
        "incomeBeforeTaxRatio": 0.1101298701,
        "incomeTaxExpense": 26000000,
        "netIncome": 37600000,
        "netIncomeRatio": 0.0651082251,
        "eps": 0.28,
        "epsdiluted": 0.28,
        "weightedAverageShsOut": 135495495,
        "weightedAverageShsOutDil": 135495495,
        "link": null,
        "finalLink": null
    },
    {
        "date": "1990-06-30",
        "symbol": "MUR",
        "reportedCurrency": "USD",
        "cik": "0000717423",
        "fillingDate": "1990-06-30",
        "acceptedDate": "1990-06-30 00:00:00",
        "calendarYear": "1990",
        "period": "Q2",
        "revenue": 436900000,
        "costOfRevenue": 292300000,
        "grossProfit": 144600000,
        "grossProfitRatio": 0.3309681849,
        "researchAndDevelopmentExpenses": 0,
        "generalAndAdministrativeExpenses": 0,
        "sellingAndMarketingExpenses": 0,
        "sellingGeneralAndAdministrativeExpenses": 20100000,
        "otherExpenses": 47200000,
        "operatingExpenses": 67300000,
        "costAndExpenses": 359600000,
        "interestIncome": 0,
        "interestExpense": 0,
        "depreciationAndAmortization": 47200000,
        "ebitda": 124500000,
        "ebitdaratio": 0.2849622339,
        "operatingIncome": 77300000,
        "operatingIncomeRatio": 0.1769283589,
        "totalOtherIncomeExpensesNet": -13900000,
        "incomeBeforeTax": 63400000,
        "incomeBeforeTaxRatio": 0.1451132982,
        "incomeTaxExpense": 34900000,
        "netIncome": 28500000,
        "netIncomeRatio": 0.0652323186,
        "eps": 0.21,
        "epsdiluted": 0.21,
        "weightedAverageShsOut": 135714286,
        "weightedAverageShsOutDil": 135714286,
        "link": null,
        "finalLink": null
    },
    {
        "date": "1990-03-31",
        "symbol": "MUR",
        "reportedCurrency": "USD",
        "cik": "0000717423",
        "fillingDate": "1990-03-31",
        "acceptedDate": "1990-03-31 00:00:00",
        "calendarYear": "1990",
        "period": "Q1",
        "revenue": 459600000,
        "costOfRevenue": 330400000,
        "grossProfit": 129200000,
        "grossProfitRatio": 0.2811140122,
        "researchAndDevelopmentExpenses": 0,
        "generalAndAdministrativeExpenses": 0,
        "sellingAndMarketingExpenses": 0,
        "sellingGeneralAndAdministrativeExpenses": 20600000,
        "otherExpenses": 49600000,
        "operatingExpenses": 70200000,
        "costAndExpenses": 400600000,
        "interestIncome": 0,
        "interestExpense": 0,
        "depreciationAndAmortization": 49600000,
        "ebitda": 108600000,
        "ebitdaratio": 0.2362924282,
        "operatingIncome": 59000000,
        "operatingIncomeRatio": 0.1283724978,
        "totalOtherIncomeExpensesNet": -13600000,
        "incomeBeforeTax": 45400000,
        "incomeBeforeTaxRatio": 0.0987815492,
        "incomeTaxExpense": 27500000,
        "netIncome": 17900000,
        "netIncomeRatio": 0.0389469104,
        "eps": 0.13,
        "epsdiluted": 0.13,
        "weightedAverageShsOut": 135094340,
        "weightedAverageShsOutDil": 135094340,
        "link": null,
        "finalLink": null
    },
    {
        "date": "1989-12-31",
        "symbol": "MUR",
        "reportedCurrency": "USD",
        "cik": "0000717423",
        "fillingDate": "1989-12-31",
        "acceptedDate": "1989-12-31 00:00:00",
        "calendarYear": "1989",
        "period": "Q4",
        "revenue": 424400000,
        "costOfRevenue": 272400000,
        "grossProfit": 152000000,
        "grossProfitRatio": 0.3581526861,
        "researchAndDevelopmentExpenses": 0,
        "generalAndAdministrativeExpenses": 0,
        "sellingAndMarketingExpenses": 0,
        "sellingGeneralAndAdministrativeExpenses": 70400000,
        "otherExpenses": 53300000,
        "operatingExpenses": 123700000,
        "costAndExpenses": 396100000,
        "interestIncome": 0,
        "interestExpense": 0,
        "depreciationAndAmortization": 53300000,
        "ebitda": 81600000,
        "ebitdaratio": 0.192271442,
        "operatingIncome": 28300000,
        "operatingIncomeRatio": 0.0666823751,
        "totalOtherIncomeExpensesNet": 17200000,
        "incomeBeforeTax": 45500000,
        "incomeBeforeTaxRatio": 0.1072101791,
        "incomeTaxExpense": 24600000,
        "netIncome": 20900000,
        "netIncomeRatio": 0.0492459943,
        "eps": 0.17,
        "epsdiluted": 0.17,
        "weightedAverageShsOut": 125000000,
        "weightedAverageShsOutDil": 125000000,
        "link": null,
        "finalLink": null
    },
    {
        "date": "1989-09-30",
        "symbol": "MUR",
        "reportedCurrency": "USD",
        "cik": "0000717423",
        "fillingDate": "1989-09-30",
        "acceptedDate": "1989-09-29 20:00:00",
        "calendarYear": "1989",
        "period": "Q3",
        "revenue": 406800000,
        "costOfRevenue": 304700000,
        "grossProfit": 102100000,
        "grossProfitRatio": 0.2509832842,
        "researchAndDevelopmentExpenses": 0,
        "generalAndAdministrativeExpenses": 0,
        "sellingAndMarketingExpenses": 0,
        "sellingGeneralAndAdministrativeExpenses": 20400000,
        "otherExpenses": 55300000,
        "operatingExpenses": 75700000,
        "costAndExpenses": 380400000,
        "interestIncome": 0,
        "interestExpense": 0,
        "depreciationAndAmortization": 55300000,
        "ebitda": 81700000,
        "ebitdaratio": 0.2008357915,
        "operatingIncome": 26400000,
        "operatingIncomeRatio": 0.0648967552,
        "totalOtherIncomeExpensesNet": -7000000,
        "incomeBeforeTax": 19400000,
        "incomeBeforeTaxRatio": 0.0476892822,
        "incomeTaxExpense": 16900000,
        "netIncome": 2500000,
        "netIncomeRatio": 0.0061455261,
        "eps": 0.02,
        "epsdiluted": 0.02,
        "weightedAverageShsOut": 125000000,
        "weightedAverageShsOutDil": 125000000,
        "link": "",
        "finalLink": ""
    },
    {
        "date": "1989-06-30",
        "symbol": "MUR",
        "reportedCurrency": "USD",
        "cik": "0000717423",
        "fillingDate": "1989-06-30",
        "acceptedDate": "1989-06-29 20:00:00",
        "calendarYear": "1989",
        "period": "Q2",
        "revenue": 434900000,
        "costOfRevenue": 0,
        "grossProfit": 434900000,
        "grossProfitRatio": 1,
        "researchAndDevelopmentExpenses": 0,
        "generalAndAdministrativeExpenses": 0,
        "sellingAndMarketingExpenses": 0,
        "sellingGeneralAndAdministrativeExpenses": 0,
        "otherExpenses": 0,
        "operatingExpenses": 0,
        "costAndExpenses": 0,
        "interestIncome": 0,
        "interestExpense": 0,
        "depreciationAndAmortization": 0,
        "ebitda": 434900000,
        "ebitdaratio": 1,
        "operatingIncome": 434900000,
        "operatingIncomeRatio": 1,
        "totalOtherIncomeExpensesNet": -434900000,
        "incomeBeforeTax": 0,
        "incomeBeforeTaxRatio": 0,
        "incomeTaxExpense": 0,
        "netIncome": 16800000,
        "netIncomeRatio": 0.03862957,
        "eps": 0.12,
        "epsdiluted": 0.12,
        "weightedAverageShsOut": 135500000,
        "weightedAverageShsOutDil": 135500000,
        "link": "",
        "finalLink": ""
    },
    {
        "date": "1989-03-31",
        "symbol": "MUR",
        "reportedCurrency": "USD",
        "cik": "0000717423",
        "fillingDate": "1989-03-31",
        "acceptedDate": "1989-03-30 19:00:00",
        "calendarYear": "1989",
        "period": "Q1",
        "revenue": 386600000,
        "costOfRevenue": 0,
        "grossProfit": 386600000,
        "grossProfitRatio": 1,
        "researchAndDevelopmentExpenses": 0,
        "generalAndAdministrativeExpenses": 0,
        "sellingAndMarketingExpenses": 0,
        "sellingGeneralAndAdministrativeExpenses": 0,
        "otherExpenses": 0,
        "operatingExpenses": 0,
        "costAndExpenses": 0,
        "interestIncome": 0,
        "interestExpense": 0,
        "depreciationAndAmortization": 0,
        "ebitda": 386600000,
        "ebitdaratio": 1,
        "operatingIncome": 386600000,
        "operatingIncomeRatio": 1,
        "totalOtherIncomeExpensesNet": -386600000,
        "incomeBeforeTax": 0,
        "incomeBeforeTaxRatio": 0,
        "incomeTaxExpense": 0,
        "netIncome": 6400000,
        "netIncomeRatio": 0.0165545784,
        "eps": 0.0475,
        "epsdiluted": 0.0475,
        "weightedAverageShsOut": 135472000,
        "weightedAverageShsOutDil": 135472000,
        "link": "",
        "finalLink": ""
    },
    {
        "date": "1988-12-31",
        "symbol": "MUR",
        "reportedCurrency": "USD",
        "cik": "0000717423",
        "fillingDate": "1988-12-31",
        "acceptedDate": "1988-12-30 19:00:00",
        "calendarYear": "1988",
        "period": "Q4",
        "revenue": 364000000,
        "costOfRevenue": 0,
        "grossProfit": 364000000,
        "grossProfitRatio": 1,
        "researchAndDevelopmentExpenses": 0,
        "generalAndAdministrativeExpenses": 0,
        "sellingAndMarketingExpenses": 0,
        "sellingGeneralAndAdministrativeExpenses": 0,
        "otherExpenses": -1440900000,
        "operatingExpenses": -1440900000,
        "costAndExpenses": -1440900000,
        "interestIncome": 0,
        "interestExpense": 0,
        "depreciationAndAmortization": 0,
        "ebitda": -1076900000,
        "ebitdaratio": -2.9585164835,
        "operatingIncome": -1076900000,
        "operatingIncomeRatio": -2.9585164835,
        "totalOtherIncomeExpensesNet": 1076900000,
        "incomeBeforeTax": 0,
        "incomeBeforeTaxRatio": 0,
        "incomeTaxExpense": 0,
        "netIncome": 25700000,
        "netIncomeRatio": 0.0706043956,
        "eps": 0.1897070981,
        "epsdiluted": 0.1897070981,
        "weightedAverageShsOut": 135472000,
        "weightedAverageShsOutDil": 135472000,
        "link": "",
        "finalLink": ""
    },
    {
        "date": "1988-09-30",
        "symbol": "MUR",
        "reportedCurrency": "USD",
        "cik": "0000717423",
        "fillingDate": "1988-09-30",
        "acceptedDate": "1988-09-29 20:00:00",
        "calendarYear": "1988",
        "period": "Q3",
        "revenue": 381800000,
        "costOfRevenue": 0,
        "grossProfit": 381800000,
        "grossProfitRatio": 1,
        "researchAndDevelopmentExpenses": 0,
        "generalAndAdministrativeExpenses": 0,
        "sellingAndMarketingExpenses": 0,
        "sellingGeneralAndAdministrativeExpenses": 0,
        "otherExpenses": 0,
        "operatingExpenses": 0,
        "costAndExpenses": 0,
        "interestIncome": 0,
        "interestExpense": 0,
        "depreciationAndAmortization": 0,
        "ebitda": 381800000,
        "ebitdaratio": 1,
        "operatingIncome": 381800000,
        "operatingIncomeRatio": 1,
        "totalOtherIncomeExpensesNet": -381800000,
        "incomeBeforeTax": 0,
        "incomeBeforeTaxRatio": 0,
        "incomeTaxExpense": 0,
        "netIncome": 10100000,
        "netIncomeRatio": 0.0264536406,
        "eps": 0.075,
        "epsdiluted": 0.075,
        "weightedAverageShsOut": 135472000,
        "weightedAverageShsOutDil": 135472000,
        "link": "",
        "finalLink": ""
    },
    {
        "date": "1988-06-30",
        "symbol": "MUR",
        "reportedCurrency": "USD",
        "cik": "0000717423",
        "fillingDate": "1988-06-30",
        "acceptedDate": "1988-06-29 20:00:00",
        "calendarYear": "1988",
        "period": "Q2",
        "revenue": 370900000,
        "costOfRevenue": 0,
        "grossProfit": 370900000,
        "grossProfitRatio": 1,
        "researchAndDevelopmentExpenses": 0,
        "generalAndAdministrativeExpenses": 0,
        "sellingAndMarketingExpenses": 0,
        "sellingGeneralAndAdministrativeExpenses": 0,
        "otherExpenses": 0,
        "operatingExpenses": 0,
        "costAndExpenses": 0,
        "interestIncome": 0,
        "interestExpense": 0,
        "depreciationAndAmortization": 0,
        "ebitda": 370900000,
        "ebitdaratio": 1,
        "operatingIncome": 370900000,
        "operatingIncomeRatio": 1,
        "totalOtherIncomeExpensesNet": -370900000,
        "incomeBeforeTax": 0,
        "incomeBeforeTaxRatio": 0,
        "incomeTaxExpense": 0,
        "netIncome": 9400000,
        "netIncomeRatio": 0.0253437584,
        "eps": 0.07,
        "epsdiluted": 0.07,
        "weightedAverageShsOut": 135472000,
        "weightedAverageShsOutDil": 135472000,
        "link": "",
        "finalLink": ""
    },
    {
        "date": "1988-03-31",
        "symbol": "MUR",
        "reportedCurrency": "USD",
        "cik": "0000717423",
        "fillingDate": "1988-03-31",
        "acceptedDate": "1988-03-30 19:00:00",
        "calendarYear": "1988",
        "period": "Q1",
        "revenue": 356900000,
        "costOfRevenue": 0,
        "grossProfit": 356900000,
        "grossProfitRatio": 1,
        "researchAndDevelopmentExpenses": 0,
        "generalAndAdministrativeExpenses": 0,
        "sellingAndMarketingExpenses": 0,
        "sellingGeneralAndAdministrativeExpenses": 0,
        "otherExpenses": 0,
        "operatingExpenses": 0,
        "costAndExpenses": 0,
        "interestIncome": 0,
        "interestExpense": 0,
        "depreciationAndAmortization": 0,
        "ebitda": 356900000,
        "ebitdaratio": 1,
        "operatingIncome": 356900000,
        "operatingIncomeRatio": 1,
        "totalOtherIncomeExpensesNet": -356900000,
        "incomeBeforeTax": 0,
        "incomeBeforeTaxRatio": 0,
        "incomeTaxExpense": 0,
        "netIncome": -6400000,
        "netIncomeRatio": -0.0179321939,
        "eps": -0.0475,
        "epsdiluted": -0.0475,
        "weightedAverageShsOut": 134504000,
        "weightedAverageShsOutDil": 134504000,
        "link": "",
        "finalLink": ""
    },
    {
        "date": "1987-12-31",
        "symbol": "MUR",
        "reportedCurrency": "USD",
        "cik": "0000717423",
        "fillingDate": "1987-12-31",
        "acceptedDate": "1987-12-30 19:00:00",
        "calendarYear": "1987",
        "period": "Q4",
        "revenue": 344900000,
        "costOfRevenue": 0,
        "grossProfit": 344900000,
        "grossProfitRatio": 1,
        "researchAndDevelopmentExpenses": 0,
        "generalAndAdministrativeExpenses": 0,
        "sellingAndMarketingExpenses": 0,
        "sellingGeneralAndAdministrativeExpenses": 0,
        "otherExpenses": -1472400000,
        "operatingExpenses": -1472400000,
        "costAndExpenses": -1472400000,
        "interestIncome": 0,
        "interestExpense": 0,
        "depreciationAndAmortization": 0,
        "ebitda": -1127500000,
        "ebitdaratio": -3.2690634967,
        "operatingIncome": -1127500000,
        "operatingIncomeRatio": -3.2690634967,
        "totalOtherIncomeExpensesNet": 1127500000,
        "incomeBeforeTax": 0,
        "incomeBeforeTaxRatio": 0,
        "incomeTaxExpense": 0,
        "netIncome": -61600000,
        "netIncomeRatio": -0.1786024935,
        "eps": -0.4580334305,
        "epsdiluted": -0.4580334305,
        "weightedAverageShsOut": 134488000,
        "weightedAverageShsOutDil": 134488000,
        "link": "",
        "finalLink": ""
    },
    {
        "date": "1987-09-30",
        "symbol": "MUR",
        "reportedCurrency": "USD",
        "cik": "0000717423",
        "fillingDate": "1987-09-30",
        "acceptedDate": "1987-09-29 20:00:00",
        "calendarYear": "1987",
        "period": "Q3",
        "revenue": 427200000,
        "costOfRevenue": 0,
        "grossProfit": 427200000,
        "grossProfitRatio": 1,
        "researchAndDevelopmentExpenses": 0,
        "generalAndAdministrativeExpenses": 0,
        "sellingAndMarketingExpenses": 0,
        "sellingGeneralAndAdministrativeExpenses": 0,
        "otherExpenses": 0,
        "operatingExpenses": 0,
        "costAndExpenses": 0,
        "interestIncome": 0,
        "interestExpense": 0,
        "depreciationAndAmortization": 0,
        "ebitda": 427200000,
        "ebitdaratio": 1,
        "operatingIncome": 427200000,
        "operatingIncomeRatio": 1,
        "totalOtherIncomeExpensesNet": -427200000,
        "incomeBeforeTax": 0,
        "incomeBeforeTaxRatio": 0,
        "incomeTaxExpense": 0,
        "netIncome": 7800000,
        "netIncomeRatio": 0.018258427,
        "eps": 0.06,
        "epsdiluted": 0.06,
        "weightedAverageShsOut": 134488000,
        "weightedAverageShsOutDil": 134488000,
        "link": "",
        "finalLink": ""
    },
    {
        "date": "1987-06-30",
        "symbol": "MUR",
        "reportedCurrency": "USD",
        "cik": "0000717423",
        "fillingDate": "1987-06-30",
        "acceptedDate": "1987-06-29 20:00:00",
        "calendarYear": "1987",
        "period": "Q2",
        "revenue": 368400000,
        "costOfRevenue": 0,
        "grossProfit": 368400000,
        "grossProfitRatio": 1,
        "researchAndDevelopmentExpenses": 0,
        "generalAndAdministrativeExpenses": 0,
        "sellingAndMarketingExpenses": 0,
        "sellingGeneralAndAdministrativeExpenses": 0,
        "otherExpenses": 0,
        "operatingExpenses": 0,
        "costAndExpenses": 0,
        "interestIncome": 0,
        "interestExpense": 0,
        "depreciationAndAmortization": 0,
        "ebitda": 368400000,
        "ebitdaratio": 1,
        "operatingIncome": 368400000,
        "operatingIncomeRatio": 1,
        "totalOtherIncomeExpensesNet": -368400000,
        "incomeBeforeTax": 0,
        "incomeBeforeTaxRatio": 0,
        "incomeTaxExpense": 0,
        "netIncome": 7100000,
        "netIncomeRatio": 0.0192725299,
        "eps": 0.0525,
        "epsdiluted": 0.0525,
        "weightedAverageShsOut": 134444000,
        "weightedAverageShsOutDil": 134444000,
        "link": "",
        "finalLink": ""
    },
    {
        "date": "1987-03-31",
        "symbol": "MUR",
        "reportedCurrency": "USD",
        "cik": "0000717423",
        "fillingDate": "1987-03-31",
        "acceptedDate": "1987-03-30 19:00:00",
        "calendarYear": "1987",
        "period": "Q1",
        "revenue": 333500000,
        "costOfRevenue": 0,
        "grossProfit": 333500000,
        "grossProfitRatio": 1,
        "researchAndDevelopmentExpenses": 0,
        "generalAndAdministrativeExpenses": 0,
        "sellingAndMarketingExpenses": 0,
        "sellingGeneralAndAdministrativeExpenses": 0,
        "otherExpenses": 0,
        "operatingExpenses": 0,
        "costAndExpenses": 0,
        "interestIncome": 0,
        "interestExpense": 0,
        "depreciationAndAmortization": 0,
        "ebitda": 333500000,
        "ebitdaratio": 1,
        "operatingIncome": 333500000,
        "operatingIncomeRatio": 1,
        "totalOtherIncomeExpensesNet": -333500000,
        "incomeBeforeTax": 0,
        "incomeBeforeTaxRatio": 0,
        "incomeTaxExpense": 0,
        "netIncome": 3100000,
        "netIncomeRatio": 0.0092953523,
        "eps": 0.0225,
        "epsdiluted": 0.0225,
        "weightedAverageShsOut": 134364000,
        "weightedAverageShsOutDil": 134364000,
        "link": "",
        "finalLink": ""
    },
    {
        "date": "1986-12-31",
        "symbol": "MUR",
        "reportedCurrency": "USD",
        "cik": "0000717423",
        "fillingDate": "1986-12-31",
        "acceptedDate": "1986-12-30 19:00:00",
        "calendarYear": "1986",
        "period": "Q4",
        "revenue": 327700000,
        "costOfRevenue": 0,
        "grossProfit": 327700000,
        "grossProfitRatio": 1,
        "researchAndDevelopmentExpenses": 0,
        "generalAndAdministrativeExpenses": 0,
        "sellingAndMarketingExpenses": 0,
        "sellingGeneralAndAdministrativeExpenses": 0,
        "otherExpenses": -1316300000,
        "operatingExpenses": -1316300000,
        "costAndExpenses": -1316300000,
        "interestIncome": 0,
        "interestExpense": 0,
        "depreciationAndAmortization": 0,
        "ebitda": -988600000,
        "ebitdaratio": -3.0167836436,
        "operatingIncome": -988600000,
        "operatingIncomeRatio": -3.0167836436,
        "totalOtherIncomeExpensesNet": 988600000,
        "incomeBeforeTax": 0,
        "incomeBeforeTaxRatio": 0,
        "incomeTaxExpense": 0,
        "netIncome": -207800000,
        "netIncomeRatio": -0.63411657,
        "eps": -1.5465452056,
        "epsdiluted": -1.5465452056,
        "weightedAverageShsOut": 134364000,
        "weightedAverageShsOutDil": 134364000,
        "link": "",
        "finalLink": ""
    },
    {
        "date": "1986-09-30",
        "symbol": "MUR",
        "reportedCurrency": "USD",
        "cik": "0000717423",
        "fillingDate": "1986-09-30",
        "acceptedDate": "1986-09-29 20:00:00",
        "calendarYear": "1986",
        "period": "Q3",
        "revenue": 327600000,
        "costOfRevenue": 0,
        "grossProfit": 327600000,
        "grossProfitRatio": 1,
        "researchAndDevelopmentExpenses": 0,
        "generalAndAdministrativeExpenses": 0,
        "sellingAndMarketingExpenses": 0,
        "sellingGeneralAndAdministrativeExpenses": 0,
        "otherExpenses": 0,
        "operatingExpenses": 0,
        "costAndExpenses": 0,
        "interestIncome": 0,
        "interestExpense": 0,
        "depreciationAndAmortization": 0,
        "ebitda": 327600000,
        "ebitdaratio": 1,
        "operatingIncome": 327600000,
        "operatingIncomeRatio": 1,
        "totalOtherIncomeExpensesNet": -327600000,
        "incomeBeforeTax": 0,
        "incomeBeforeTaxRatio": 0,
        "incomeTaxExpense": 0,
        "netIncome": -500000,
        "netIncomeRatio": -0.0015262515,
        "eps": -0.005,
        "epsdiluted": -0.005,
        "weightedAverageShsOut": 134364000,
        "weightedAverageShsOutDil": 134364000,
        "link": "",
        "finalLink": ""
    },
    {
        "date": "1986-06-30",
        "symbol": "MUR",
        "reportedCurrency": "USD",
        "cik": "0000717423",
        "fillingDate": "1986-06-30",
        "acceptedDate": "1986-06-29 20:00:00",
        "calendarYear": "1986",
        "period": "Q2",
        "revenue": 327600000,
        "costOfRevenue": 0,
        "grossProfit": 327600000,
        "grossProfitRatio": 1,
        "researchAndDevelopmentExpenses": 0,
        "generalAndAdministrativeExpenses": 0,
        "sellingAndMarketingExpenses": 0,
        "sellingGeneralAndAdministrativeExpenses": 0,
        "otherExpenses": 0,
        "operatingExpenses": 0,
        "costAndExpenses": 0,
        "interestIncome": 0,
        "interestExpense": 0,
        "depreciationAndAmortization": 0,
        "ebitda": 327600000,
        "ebitdaratio": 1,
        "operatingIncome": 327600000,
        "operatingIncomeRatio": 1,
        "totalOtherIncomeExpensesNet": -327600000,
        "incomeBeforeTax": 0,
        "incomeBeforeTaxRatio": 0,
        "incomeTaxExpense": 0,
        "netIncome": 2600000,
        "netIncomeRatio": 0.0079365079,
        "eps": 0.02,
        "epsdiluted": 0.02,
        "weightedAverageShsOut": 134364000,
        "weightedAverageShsOutDil": 134364000,
        "link": "",
        "finalLink": ""
    },
    {
        "date": "1986-03-31",
        "symbol": "MUR",
        "reportedCurrency": "USD",
        "cik": "0000717423",
        "fillingDate": "1986-03-31",
        "acceptedDate": "1986-03-30 19:00:00",
        "calendarYear": "1986",
        "period": "Q1",
        "revenue": 327600000,
        "costOfRevenue": 0,
        "grossProfit": 327600000,
        "grossProfitRatio": 1,
        "researchAndDevelopmentExpenses": 0,
        "generalAndAdministrativeExpenses": 0,
        "sellingAndMarketingExpenses": 0,
        "sellingGeneralAndAdministrativeExpenses": 0,
        "otherExpenses": 0,
        "operatingExpenses": 0,
        "costAndExpenses": 0,
        "interestIncome": 0,
        "interestExpense": 0,
        "depreciationAndAmortization": 0,
        "ebitda": 327600000,
        "ebitdaratio": 1,
        "operatingIncome": 327600000,
        "operatingIncomeRatio": 1,
        "totalOtherIncomeExpensesNet": -327600000,
        "incomeBeforeTax": 0,
        "incomeBeforeTaxRatio": 0,
        "incomeTaxExpense": 0,
        "netIncome": 10900000,
        "netIncomeRatio": 0.0332722833,
        "eps": 0.08,
        "epsdiluted": 0.08,
        "weightedAverageShsOut": 134364000,
        "weightedAverageShsOutDil": 134364000,
        "link": "",
        "finalLink": ""
    },
    {
        "date": "1985-12-31",
        "symbol": "MUR",
        "reportedCurrency": "USD",
        "cik": "0000717423",
        "fillingDate": "1985-12-31",
        "acceptedDate": "1985-12-30 19:00:00",
        "calendarYear": "1985",
        "period": "Q4",
        "revenue": 507000000,
        "costOfRevenue": 0,
        "grossProfit": 507000000,
        "grossProfitRatio": 1,
        "researchAndDevelopmentExpenses": 0,
        "generalAndAdministrativeExpenses": 0,
        "sellingAndMarketingExpenses": 0,
        "sellingGeneralAndAdministrativeExpenses": 0,
        "otherExpenses": -1852900000,
        "operatingExpenses": -1852900000,
        "costAndExpenses": -1852900000,
        "interestIncome": 0,
        "interestExpense": 0,
        "depreciationAndAmortization": 0,
        "ebitda": -1345900000,
        "ebitdaratio": -2.6546351085,
        "operatingIncome": -1345900000,
        "operatingIncomeRatio": -2.6546351085,
        "totalOtherIncomeExpensesNet": 1345900000,
        "incomeBeforeTax": 0,
        "incomeBeforeTaxRatio": 0,
        "incomeTaxExpense": 0,
        "netIncome": 17100000,
        "netIncomeRatio": 0.0337278107,
        "eps": 0.1238484269,
        "epsdiluted": 0.1207763589,
        "weightedAverageShsOut": 138072000,
        "weightedAverageShsOutDil": 141584000,
        "link": "",
        "finalLink": ""
    },
    {
        "date": "1985-09-30",
        "symbol": "MUR",
        "reportedCurrency": "USD",
        "cik": "0000717423",
        "fillingDate": "1985-09-30",
        "acceptedDate": "1985-09-29 20:00:00",
        "calendarYear": "1985",
        "period": "Q3",
        "revenue": 576000000,
        "costOfRevenue": 0,
        "grossProfit": 576000000,
        "grossProfitRatio": 1,
        "researchAndDevelopmentExpenses": 0,
        "generalAndAdministrativeExpenses": 0,
        "sellingAndMarketingExpenses": 0,
        "sellingGeneralAndAdministrativeExpenses": 0,
        "otherExpenses": 0,
        "operatingExpenses": 0,
        "costAndExpenses": 0,
        "interestIncome": 0,
        "interestExpense": 0,
        "depreciationAndAmortization": 0,
        "ebitda": 576000000,
        "ebitdaratio": 1,
        "operatingIncome": 576000000,
        "operatingIncomeRatio": 1,
        "totalOtherIncomeExpensesNet": -576000000,
        "incomeBeforeTax": 0,
        "incomeBeforeTaxRatio": 0,
        "incomeTaxExpense": 0,
        "netIncome": 18600000,
        "netIncomeRatio": 0.0322916667,
        "eps": 0.14,
        "epsdiluted": 0.14,
        "weightedAverageShsOut": 141584000,
        "weightedAverageShsOutDil": 141584000,
        "link": "",
        "finalLink": ""
    }
]