[
    {
        "date": "2016-09-30",
        "symbol": "MWW",
        "reportedCurrency": "USD",
        "cik": "0001020416",
        "fillingDate": "2016-10-31",
        "acceptedDate": "2016-10-31 17:03:21",
        "calendarYear": "2016",
        "period": "Q3",
        "revenue": 144753000,
        "costOfRevenue": 0,
        "grossProfit": 144753000,
        "grossProfitRatio": 1,
        "researchAndDevelopmentExpenses": 0,
        "generalAndAdministrativeExpenses": 19637000,
        "sellingAndMarketingExpenses": 28287000,
        "sellingGeneralAndAdministrativeExpenses": 47924000,
        "otherExpenses": 290040000,
        "operatingExpenses": 337964000,
        "costAndExpenses": 337964000,
        "interestIncome": 0,
        "interestExpense": 0,
        "depreciationAndAmortization": 10956000,
        "ebitda": -185450000,
        "ebitdaratio": -1.2811478864,
        "operatingIncome": -193211000,
        "operatingIncomeRatio": -1.3347633555,
        "totalOtherIncomeExpensesNet": -3195000,
        "incomeBeforeTax": -196406000,
        "incomeBeforeTaxRatio": -1.3568354369,
        "incomeTaxExpense": 26128000,
        "netIncome": -222534000,
        "netIncomeRatio": -1.5373360138,
        "eps": -2.5,
        "epsdiluted": -2.5,
        "weightedAverageShsOut": 88846000,
        "weightedAverageShsOutDil": 88846000,
        "link": "https://www.sec.gov/Archives/edgar/data/1020416/000102041616000216/0001020416-16-000216-index.html",
        "finalLink": "https://www.sec.gov/Archives/edgar/data/1020416/000102041616000216/mww10q-9302016.htm"
    },
    {
        "date": "2016-06-30",
        "symbol": "MWW",
        "reportedCurrency": "USD",
        "cik": "0001020416",
        "fillingDate": "2016-08-09",
        "acceptedDate": "2016-08-09 07:07:46",
        "calendarYear": "2016",
        "period": "Q2",
        "revenue": 150912000,
        "costOfRevenue": 0,
        "grossProfit": 150912000,
        "grossProfitRatio": 1,
        "researchAndDevelopmentExpenses": 0,
        "generalAndAdministrativeExpenses": 10961000,
        "sellingAndMarketingExpenses": 33426000,
        "sellingGeneralAndAdministrativeExpenses": 44387000,
        "otherExpenses": 257145000,
        "operatingExpenses": 301532000,
        "costAndExpenses": 301532000,
        "interestIncome": 0,
        "interestExpense": 0,
        "depreciationAndAmortization": 10230000,
        "ebitda": -143569000,
        "ebitdaratio": -0.9513425042,
        "operatingIncome": -150620000,
        "operatingIncomeRatio": -0.9980650975,
        "totalOtherIncomeExpensesNet": -2929000,
        "incomeBeforeTax": -153549000,
        "incomeBeforeTaxRatio": -1.0174737595,
        "incomeTaxExpense": -29435000,
        "netIncome": -124364000,
        "netIncomeRatio": -0.8240829092,
        "eps": -1.4,
        "epsdiluted": -1.4,
        "weightedAverageShsOut": 88802000,
        "weightedAverageShsOutDil": 88802000,
        "link": "https://www.sec.gov/Archives/edgar/data/1020416/000102041616000191/0001020416-16-000191-index.html",
        "finalLink": "https://www.sec.gov/Archives/edgar/data/1020416/000102041616000191/mww10q-6302016.htm"
    },
    {
        "date": "2016-03-31",
        "symbol": "MWW",
        "reportedCurrency": "USD",
        "cik": "0001020416",
        "fillingDate": "2016-05-05",
        "acceptedDate": "2016-05-05 16:14:31",
        "calendarYear": "2016",
        "period": "Q1",
        "revenue": 157787000,
        "costOfRevenue": 0,
        "grossProfit": 157787000,
        "grossProfitRatio": 1,
        "researchAndDevelopmentExpenses": 0,
        "generalAndAdministrativeExpenses": 12299000,
        "sellingAndMarketingExpenses": 29482000,
        "sellingGeneralAndAdministrativeExpenses": 41781000,
        "otherExpenses": 107631000,
        "operatingExpenses": 149412000,
        "costAndExpenses": 149412000,
        "interestIncome": 0,
        "interestExpense": 0,
        "depreciationAndAmortization": 10025000,
        "ebitda": 15173000,
        "ebitdaratio": 0.0961612807,
        "operatingIncome": 8375000,
        "operatingIncomeRatio": 0.0530778835,
        "totalOtherIncomeExpensesNet": -3477000,
        "incomeBeforeTax": 4898000,
        "incomeBeforeTaxRatio": 0.0310418476,
        "incomeTaxExpense": 3307000,
        "netIncome": 1841000,
        "netIncomeRatio": 0.0116676279,
        "eps": 0.0207,
        "epsdiluted": 0.0205,
        "weightedAverageShsOut": 88922000,
        "weightedAverageShsOutDil": 89786000,
        "link": "https://www.sec.gov/Archives/edgar/data/1020416/000102041616000153/0001020416-16-000153-index.html",
        "finalLink": "https://www.sec.gov/Archives/edgar/data/1020416/000102041616000153/mww10q-3312016.htm"
    },
    {
        "date": "2015-12-31",
        "symbol": "MWW",
        "reportedCurrency": "USD",
        "cik": "0001020416",
        "fillingDate": "2016-02-11",
        "acceptedDate": "2016-02-11 17:00:56",
        "calendarYear": "2015",
        "period": "Q4",
        "revenue": 159209000,
        "costOfRevenue": 0,
        "grossProfit": 159209000,
        "grossProfitRatio": 1,
        "researchAndDevelopmentExpenses": 0,
        "generalAndAdministrativeExpenses": 20467000,
        "sellingAndMarketingExpenses": 28086000,
        "sellingGeneralAndAdministrativeExpenses": 48553000,
        "otherExpenses": 103453000,
        "operatingExpenses": 152006000,
        "costAndExpenses": 152006000,
        "interestIncome": 0,
        "interestExpense": 0,
        "depreciationAndAmortization": 10797000,
        "ebitda": 72880000,
        "ebitdaratio": 0.4577630662,
        "operatingIncome": 7203000,
        "operatingIncomeRatio": 0.0452424172,
        "totalOtherIncomeExpensesNet": -3423000,
        "incomeBeforeTax": 3780000,
        "incomeBeforeTaxRatio": 0.0237423764,
        "incomeTaxExpense": 6018000,
        "netIncome": 56065000,
        "netIncomeRatio": 0.3521471776,
        "eps": 0.62,
        "epsdiluted": 0.59,
        "weightedAverageShsOut": 89942000,
        "weightedAverageShsOutDil": 94867000,
        "link": "https://www.sec.gov/Archives/edgar/data/1020416/000102041616000126/0001020416-16-000126-index.html",
        "finalLink": "https://www.sec.gov/Archives/edgar/data/1020416/000102041616000126/mww1231201510-k.htm"
    },
    {
        "date": "2015-09-30",
        "symbol": "MWW",
        "reportedCurrency": "USD",
        "cik": "0001020416",
        "fillingDate": "2015-10-29",
        "acceptedDate": "2015-10-29 16:19:30",
        "calendarYear": "2015",
        "period": "Q3",
        "revenue": 143587000,
        "costOfRevenue": 0,
        "grossProfit": 143587000,
        "grossProfitRatio": 1,
        "researchAndDevelopmentExpenses": 0,
        "generalAndAdministrativeExpenses": 17428000,
        "sellingAndMarketingExpenses": 23690000,
        "sellingGeneralAndAdministrativeExpenses": 41118000,
        "otherExpenses": 97117000,
        "operatingExpenses": 138235000,
        "costAndExpenses": 138235000,
        "interestIncome": 0,
        "interestExpense": 0,
        "depreciationAndAmortization": 11388000,
        "ebitda": 17650000,
        "ebitdaratio": 0.1229219915,
        "operatingIncome": 5352000,
        "operatingIncomeRatio": 0.0372735693,
        "totalOtherIncomeExpensesNet": -3832000,
        "incomeBeforeTax": 1520000,
        "incomeBeforeTaxRatio": 0.0105859166,
        "incomeTaxExpense": -4158000,
        "netIncome": 10420000,
        "netIncomeRatio": 0.0725692437,
        "eps": 0.12,
        "epsdiluted": 0.11,
        "weightedAverageShsOut": 89853000,
        "weightedAverageShsOutDil": 94573000,
        "link": "https://www.sec.gov/Archives/edgar/data/1020416/000102041615000110/0001020416-15-000110-index.html",
        "finalLink": "https://www.sec.gov/Archives/edgar/data/1020416/000102041615000110/mww10q-9302015.htm"
    },
    {
        "date": "2015-06-30",
        "symbol": "MWW",
        "reportedCurrency": "USD",
        "cik": "0001020416",
        "fillingDate": "2015-07-30",
        "acceptedDate": "2015-07-30 16:05:30",
        "calendarYear": "2015",
        "period": "Q2",
        "revenue": 180414000,
        "costOfRevenue": 0,
        "grossProfit": 180414000,
        "grossProfitRatio": 1,
        "researchAndDevelopmentExpenses": 0,
        "generalAndAdministrativeExpenses": 10030000,
        "sellingAndMarketingExpenses": 34240000,
        "sellingGeneralAndAdministrativeExpenses": 44270000,
        "otherExpenses": 130132000,
        "operatingExpenses": 174402000,
        "costAndExpenses": 174402000,
        "interestIncome": 0,
        "interestExpense": 0,
        "depreciationAndAmortization": 11430000,
        "ebitda": 14384000,
        "ebitdaratio": 0.0797277373,
        "operatingIncome": 6012000,
        "operatingIncomeRatio": 0.0333233563,
        "totalOtherIncomeExpensesNet": -3350000,
        "incomeBeforeTax": 2662000,
        "incomeBeforeTaxRatio": 0.0147549525,
        "incomeTaxExpense": 2816000,
        "netIncome": 138000,
        "netIncomeRatio": 0.0007649074,
        "eps": 0.0015,
        "epsdiluted": 0.0015,
        "weightedAverageShsOut": 89605000,
        "weightedAverageShsOutDil": 93218000,
        "link": "https://www.sec.gov/Archives/edgar/data/1020416/000102041615000099/0001020416-15-000099-index.html",
        "finalLink": "https://www.sec.gov/Archives/edgar/data/1020416/000102041615000099/mww10q-6302015.htm"
    },
    {
        "date": "2015-03-31",
        "symbol": "MWW",
        "reportedCurrency": "USD",
        "cik": "0001020416",
        "fillingDate": "2015-05-07",
        "acceptedDate": "2015-05-07 16:27:06",
        "calendarYear": "2015",
        "period": "Q1",
        "revenue": 183693000,
        "costOfRevenue": 0,
        "grossProfit": 183693000,
        "grossProfitRatio": 1,
        "researchAndDevelopmentExpenses": 0,
        "generalAndAdministrativeExpenses": 12881000,
        "sellingAndMarketingExpenses": 33161000,
        "sellingGeneralAndAdministrativeExpenses": 46042000,
        "otherExpenses": 147129000,
        "operatingExpenses": 193171000,
        "costAndExpenses": 193171000,
        "interestIncome": 0,
        "interestExpense": 0,
        "depreciationAndAmortization": 11807000,
        "ebitda": 6832000,
        "ebitdaratio": 0.0371924896,
        "operatingIncome": -3736000,
        "operatingIncomeRatio": -0.0203382818,
        "totalOtherIncomeExpensesNet": 0,
        "incomeBeforeTax": -3736000,
        "incomeBeforeTaxRatio": -0.0203382818,
        "incomeTaxExpense": -13145000,
        "netIncome": 8170000,
        "netIncomeRatio": 0.0444763818,
        "eps": 0.0917,
        "epsdiluted": 0.0893,
        "weightedAverageShsOut": 89137000,
        "weightedAverageShsOutDil": 91474000,
        "link": "https://www.sec.gov/Archives/edgar/data/1020416/000102041615000077/0001020416-15-000077-index.html",
        "finalLink": "https://www.sec.gov/Archives/edgar/data/1020416/000102041615000077/mww10q-3312015.htm"
    },
    {
        "date": "2014-12-31",
        "symbol": "MWW",
        "reportedCurrency": "USD",
        "cik": "0001020416",
        "fillingDate": "2015-02-10",
        "acceptedDate": "2015-02-10 17:13:39",
        "calendarYear": "2014",
        "period": "Q4",
        "revenue": 186203000,
        "costOfRevenue": 0,
        "grossProfit": 186203000,
        "grossProfitRatio": 1,
        "researchAndDevelopmentExpenses": 0,
        "generalAndAdministrativeExpenses": 17957000,
        "sellingAndMarketingExpenses": 32493000,
        "sellingGeneralAndAdministrativeExpenses": 50450000,
        "otherExpenses": 465630000,
        "operatingExpenses": 516080000,
        "costAndExpenses": 516080000,
        "interestIncome": 0,
        "interestExpense": 0,
        "depreciationAndAmortization": 12095000,
        "ebitda": -321599000,
        "ebitdaratio": -1.7271418828,
        "operatingIncome": -329877000,
        "operatingIncomeRatio": -1.771598739,
        "totalOtherIncomeExpensesNet": -3739000,
        "incomeBeforeTax": -333616000,
        "incomeBeforeTaxRatio": -1.791678974,
        "incomeTaxExpense": -45503000,
        "netIncome": -288191000,
        "netIncomeRatio": -1.547724795,
        "eps": -3.27,
        "epsdiluted": -3.27,
        "weightedAverageShsOut": 88045000,
        "weightedAverageShsOutDil": 88045000,
        "link": "https://www.sec.gov/Archives/edgar/data/1020416/000119312515041781/0001193125-15-041781-index.htm",
        "finalLink": "https://www.sec.gov/Archives/edgar/data/1020416/000119312515041781/d851892d10k.htm"
    },
    {
        "date": "2014-09-30",
        "symbol": "MWW",
        "reportedCurrency": "USD",
        "cik": "0001020416",
        "fillingDate": "2014-11-07",
        "acceptedDate": "2014-11-07 12:04:30",
        "calendarYear": "2014",
        "period": "Q3",
        "revenue": 191220000,
        "costOfRevenue": 0,
        "grossProfit": 191220000,
        "grossProfitRatio": 1,
        "researchAndDevelopmentExpenses": 0,
        "generalAndAdministrativeExpenses": 17077000,
        "sellingAndMarketingExpenses": 35109000,
        "sellingGeneralAndAdministrativeExpenses": 52186000,
        "otherExpenses": 135696000,
        "operatingExpenses": 187882000,
        "costAndExpenses": 187882000,
        "interestIncome": 0,
        "interestExpense": 0,
        "depreciationAndAmortization": 12194000,
        "ebitda": 13777000,
        "ebitdaratio": 0.0720479029,
        "operatingIncome": 3338000,
        "operatingIncomeRatio": 0.017456333,
        "totalOtherIncomeExpensesNet": -1830000,
        "incomeBeforeTax": 1508000,
        "incomeBeforeTaxRatio": 0.0078862044,
        "incomeTaxExpense": 1934000,
        "netIncome": -351000,
        "netIncomeRatio": -0.0018355821,
        "eps": -0.004,
        "epsdiluted": -0.0038,
        "weightedAverageShsOut": 88236000,
        "weightedAverageShsOutDil": 91235000,
        "link": "https://www.sec.gov/Archives/edgar/data/1020416/000119312514402729/0001193125-14-402729-index.html",
        "finalLink": "https://www.sec.gov/Archives/edgar/data/1020416/000119312514402729/d798972d10q.htm"
    },
    {
        "date": "2014-06-30",
        "symbol": "MWW",
        "reportedCurrency": "USD",
        "cik": "0001020416",
        "fillingDate": "2014-08-05",
        "acceptedDate": "2014-08-05 16:31:23",
        "calendarYear": "2014",
        "period": "Q2",
        "revenue": 194441000,
        "costOfRevenue": 0,
        "grossProfit": 194441000,
        "grossProfitRatio": 1,
        "researchAndDevelopmentExpenses": 0,
        "generalAndAdministrativeExpenses": 11754000,
        "sellingAndMarketingExpenses": 37377000,
        "sellingGeneralAndAdministrativeExpenses": 49131000,
        "otherExpenses": 140597000,
        "operatingExpenses": 189728000,
        "costAndExpenses": 189728000,
        "interestIncome": 0,
        "interestExpense": 0,
        "depreciationAndAmortization": 11835000,
        "ebitda": 13484000,
        "ebitdaratio": 0.0693475142,
        "operatingIncome": 4713000,
        "operatingIncomeRatio": 0.0242387151,
        "totalOtherIncomeExpensesNet": -1660000,
        "incomeBeforeTax": 3053000,
        "incomeBeforeTaxRatio": 0.015701421,
        "incomeTaxExpense": 1615000,
        "netIncome": 34000,
        "netIncomeRatio": 0.0001748602,
        "eps": 0.0004,
        "epsdiluted": 0.0004,
        "weightedAverageShsOut": 89080000,
        "weightedAverageShsOutDil": 92174000,
        "link": "https://www.sec.gov/Archives/edgar/data/1020416/000119312514295864/0001193125-14-295864-index.html",
        "finalLink": "https://www.sec.gov/Archives/edgar/data/1020416/000119312514295864/d758935d10q.htm"
    },
    {
        "date": "2014-03-31",
        "symbol": "MWW",
        "reportedCurrency": "USD",
        "cik": "0001020416",
        "fillingDate": "2014-05-01",
        "acceptedDate": "2014-05-01 16:58:18",
        "calendarYear": "2014",
        "period": "Q1",
        "revenue": 198149000,
        "costOfRevenue": 0,
        "grossProfit": 198149000,
        "grossProfitRatio": 1,
        "researchAndDevelopmentExpenses": 0,
        "generalAndAdministrativeExpenses": 13794000,
        "sellingAndMarketingExpenses": 41413000,
        "sellingGeneralAndAdministrativeExpenses": 55207000,
        "otherExpenses": 143412000,
        "operatingExpenses": 198619000,
        "costAndExpenses": 198619000,
        "interestIncome": 0,
        "interestExpense": 0,
        "depreciationAndAmortization": 12519000,
        "ebitda": 21247000,
        "ebitdaratio": 0.1072273895,
        "operatingIncome": -470000,
        "operatingIncomeRatio": -0.0023719524,
        "totalOtherIncomeExpensesNet": 7205000,
        "incomeBeforeTax": 6735000,
        "incomeBeforeTaxRatio": 0.0339895735,
        "incomeTaxExpense": 6663000,
        "netIncome": 2065000,
        "netIncomeRatio": 0.0104214505,
        "eps": 0.0227,
        "epsdiluted": 0.0219,
        "weightedAverageShsOut": 91102000,
        "weightedAverageShsOutDil": 94416000,
        "link": "https://www.sec.gov/Archives/edgar/data/1020416/000119312514177391/0001193125-14-177391-index.html",
        "finalLink": "https://www.sec.gov/Archives/edgar/data/1020416/000119312514177391/d715846d10q.htm"
    },
    {
        "date": "2013-12-31",
        "symbol": "MWW",
        "reportedCurrency": "USD",
        "cik": "0001020416",
        "fillingDate": "2014-02-10",
        "acceptedDate": "2014-02-10 16:32:57",
        "calendarYear": "2013",
        "period": "Q4",
        "revenue": 198718000,
        "costOfRevenue": 0,
        "grossProfit": 198718000,
        "grossProfitRatio": 1,
        "researchAndDevelopmentExpenses": 0,
        "generalAndAdministrativeExpenses": 11621000,
        "sellingAndMarketingExpenses": 38840000,
        "sellingGeneralAndAdministrativeExpenses": 50461000,
        "otherExpenses": 138273000,
        "operatingExpenses": 188734000,
        "costAndExpenses": 188734000,
        "interestIncome": 0,
        "interestExpense": 0,
        "depreciationAndAmortization": 12782000,
        "ebitda": 71731000,
        "ebitdaratio": 0.3609688101,
        "operatingIncome": 9984000,
        "operatingIncomeRatio": 0.0502420516,
        "totalOtherIncomeExpensesNet": -1663000,
        "incomeBeforeTax": 8321000,
        "incomeBeforeTaxRatio": 0.0418734085,
        "incomeTaxExpense": 28157000,
        "netIncome": 30792000,
        "netIncomeRatio": 0.1549532503,
        "eps": 0.29,
        "epsdiluted": 0.29,
        "weightedAverageShsOut": 106947000,
        "weightedAverageShsOutDil": 107913000,
        "link": "https://www.sec.gov/Archives/edgar/data/1020416/000119312514043296/0001193125-14-043296-index.htm",
        "finalLink": "https://www.sec.gov/Archives/edgar/data/1020416/000119312514043296/d660386d10k.htm"
    },
    {
        "date": "2013-09-30",
        "symbol": "MWW",
        "reportedCurrency": "USD",
        "cik": "0001020416",
        "fillingDate": "2013-11-07",
        "acceptedDate": "2013-11-07 16:31:58",
        "calendarYear": "2013",
        "period": "Q3",
        "revenue": 196817000,
        "costOfRevenue": 0,
        "grossProfit": 196817000,
        "grossProfitRatio": 1,
        "researchAndDevelopmentExpenses": 0,
        "generalAndAdministrativeExpenses": 13453000,
        "sellingAndMarketingExpenses": 38089000,
        "sellingGeneralAndAdministrativeExpenses": 51542000,
        "otherExpenses": 131020000,
        "operatingExpenses": 182562000,
        "costAndExpenses": 182562000,
        "interestIncome": 0,
        "interestExpense": 0,
        "depreciationAndAmortization": 14545000,
        "ebitda": 30294000,
        "ebitdaratio": 0.1539196309,
        "operatingIncome": 14255000,
        "operatingIncomeRatio": 0.0724276866,
        "totalOtherIncomeExpensesNet": 1494000,
        "incomeBeforeTax": 15749000,
        "incomeBeforeTaxRatio": 0.0800184943,
        "incomeTaxExpense": 4480000,
        "netIncome": 11269000,
        "netIncomeRatio": 0.0572562329,
        "eps": 0.1,
        "epsdiluted": 0.1,
        "weightedAverageShsOut": 109221000,
        "weightedAverageShsOutDil": 110247000,
        "link": "https://www.sec.gov/Archives/edgar/data/1020416/000119312513432936/0001193125-13-432936-index.html",
        "finalLink": "https://www.sec.gov/Archives/edgar/data/1020416/000119312513432936/d605483d10q.htm"
    },
    {
        "date": "2013-06-30",
        "symbol": "MWW",
        "reportedCurrency": "USD",
        "cik": "0001020416",
        "fillingDate": "2013-08-01",
        "acceptedDate": "2013-08-01 16:16:59",
        "calendarYear": "2013",
        "period": "Q2",
        "revenue": 200058000,
        "costOfRevenue": 0,
        "grossProfit": 200058000,
        "grossProfitRatio": 1,
        "researchAndDevelopmentExpenses": 0,
        "generalAndAdministrativeExpenses": 8868000,
        "sellingAndMarketingExpenses": 43394000,
        "sellingGeneralAndAdministrativeExpenses": 52262000,
        "otherExpenses": 139689000,
        "operatingExpenses": 191951000,
        "costAndExpenses": 191951000,
        "interestIncome": 0,
        "interestExpense": 0,
        "depreciationAndAmortization": 15725000,
        "ebitda": 21471000,
        "ebitdaratio": 0.1073238761,
        "operatingIncome": 8107000,
        "operatingIncomeRatio": 0.0405232483,
        "totalOtherIncomeExpensesNet": -2361000,
        "incomeBeforeTax": 5746000,
        "incomeBeforeTaxRatio": 0.0287216707,
        "incomeTaxExpense": 2366000,
        "netIncome": 3380000,
        "netIncomeRatio": 0.0168951004,
        "eps": 0.0304,
        "epsdiluted": 0.0301,
        "weightedAverageShsOut": 111166000,
        "weightedAverageShsOutDil": 112419000,
        "link": "https://www.sec.gov/Archives/edgar/data/1020416/000119312513315089/0001193125-13-315089-index.html",
        "finalLink": "https://www.sec.gov/Archives/edgar/data/1020416/000119312513315089/d565741d10q.htm"
    },
    {
        "date": "2013-03-31",
        "symbol": "MWW",
        "reportedCurrency": "USD",
        "cik": "0001020416",
        "fillingDate": "2013-05-02",
        "acceptedDate": "2013-05-02 16:22:31",
        "calendarYear": "2013",
        "period": "Q1",
        "revenue": 211986000,
        "costOfRevenue": 0,
        "grossProfit": 211986000,
        "grossProfitRatio": 1,
        "researchAndDevelopmentExpenses": 0,
        "generalAndAdministrativeExpenses": 1865000,
        "sellingAndMarketingExpenses": 49267000,
        "sellingGeneralAndAdministrativeExpenses": 51132000,
        "otherExpenses": 160009000,
        "operatingExpenses": 211141000,
        "costAndExpenses": 211141000,
        "interestIncome": 0,
        "interestExpense": 0,
        "depreciationAndAmortization": 16104000,
        "ebitda": 9089000,
        "ebitdaratio": 0.0428754729,
        "operatingIncome": 845000,
        "operatingIncomeRatio": 0.0039861123,
        "totalOtherIncomeExpensesNet": -1268000,
        "incomeBeforeTax": -423000,
        "incomeBeforeTaxRatio": -0.0019954148,
        "incomeTaxExpense": -11999000,
        "netIncome": 4984000,
        "netIncomeRatio": 0.0235109866,
        "eps": 0.0447,
        "epsdiluted": 0.0442,
        "weightedAverageShsOut": 111402000,
        "weightedAverageShsOutDil": 112637000,
        "link": "https://www.sec.gov/Archives/edgar/data/1020416/000119312513196153/0001193125-13-196153-index.html",
        "finalLink": "https://www.sec.gov/Archives/edgar/data/1020416/000119312513196153/d516188d10q.htm"
    },
    {
        "date": "2012-12-31",
        "symbol": "MWW",
        "reportedCurrency": "USD",
        "cik": "0001020416",
        "fillingDate": "2013-02-13",
        "acceptedDate": "2013-02-13 10:29:15",
        "calendarYear": "2012",
        "period": "Q4",
        "revenue": 208421000,
        "costOfRevenue": 0,
        "grossProfit": 208421000,
        "grossProfitRatio": 1,
        "researchAndDevelopmentExpenses": 0,
        "generalAndAdministrativeExpenses": 8220000,
        "sellingAndMarketingExpenses": 39809000,
        "sellingGeneralAndAdministrativeExpenses": 48029000,
        "otherExpenses": 151027000,
        "operatingExpenses": 199056000,
        "costAndExpenses": 199056000,
        "interestIncome": 0,
        "interestExpense": 0,
        "depreciationAndAmortization": 17259000,
        "ebitda": -41043000,
        "ebitdaratio": -0.1969235346,
        "operatingIncome": 9365000,
        "operatingIncomeRatio": 0.0449330922,
        "totalOtherIncomeExpensesNet": 227285000,
        "incomeBeforeTax": 236650000,
        "incomeBeforeTaxRatio": 1.1354422059,
        "incomeTaxExpense": 6144000,
        "netIncome": -64446000,
        "netIncomeRatio": -0.3092106841,
        "eps": -0.57,
        "epsdiluted": -0.57,
        "weightedAverageShsOut": 112866000,
        "weightedAverageShsOutDil": 113995000,
        "link": "https://www.sec.gov/Archives/edgar/data/1020416/000119312513053858/0001193125-13-053858-index.html",
        "finalLink": "https://www.sec.gov/Archives/edgar/data/1020416/000119312513053858/d469496d10k.htm"
    },
    {
        "date": "2012-09-30",
        "symbol": "MWW",
        "reportedCurrency": "USD",
        "cik": "0001020416",
        "fillingDate": "2012-11-09",
        "acceptedDate": "2012-11-09 12:10:18",
        "calendarYear": "2012",
        "period": "Q3",
        "revenue": 198894000,
        "costOfRevenue": 0,
        "grossProfit": 198894000,
        "grossProfitRatio": 1,
        "researchAndDevelopmentExpenses": 0,
        "generalAndAdministrativeExpenses": 20304000,
        "sellingAndMarketingExpenses": 32425000,
        "sellingGeneralAndAdministrativeExpenses": 52729000,
        "otherExpenses": 122440000,
        "operatingExpenses": 175169000,
        "costAndExpenses": 175169000,
        "interestIncome": 0,
        "interestExpense": 0,
        "depreciationAndAmortization": 17778000,
        "ebitda": 40809000,
        "ebitdaratio": 0.2051796434,
        "operatingIncome": 23725000,
        "operatingIncomeRatio": 0.1192846441,
        "totalOtherIncomeExpensesNet": -1149000,
        "incomeBeforeTax": 22576000,
        "incomeBeforeTaxRatio": 0.1135076976,
        "incomeTaxExpense": -26162000,
        "netIncome": 49193000,
        "netIncomeRatio": 0.2473327501,
        "eps": 0.43,
        "epsdiluted": 0.43,
        "weightedAverageShsOut": 113460000,
        "weightedAverageShsOutDil": 114622000,
        "link": "https://www.sec.gov/Archives/edgar/data/1020416/000119312512462440/0001193125-12-462440-index.html",
        "finalLink": "https://www.sec.gov/Archives/edgar/data/1020416/000119312512462440/d403207d10q.htm"
    },
    {
        "date": "2012-06-30",
        "symbol": "MWW",
        "reportedCurrency": "USD",
        "cik": "0001020416",
        "fillingDate": "2012-08-02",
        "acceptedDate": "2012-08-02 16:53:05",
        "calendarYear": "2012",
        "period": "Q2",
        "revenue": 237000000,
        "costOfRevenue": 0,
        "grossProfit": 237000000,
        "grossProfitRatio": 1,
        "researchAndDevelopmentExpenses": 0,
        "generalAndAdministrativeExpenses": 5257000,
        "sellingAndMarketingExpenses": 57693000,
        "sellingGeneralAndAdministrativeExpenses": 62950000,
        "otherExpenses": 164785000,
        "operatingExpenses": 227735000,
        "costAndExpenses": 227735000,
        "interestIncome": 0,
        "interestExpense": 0,
        "depreciationAndAmortization": 17518000,
        "ebitda": 24973000,
        "ebitdaratio": 0.105371308,
        "operatingIncome": 9265000,
        "operatingIncomeRatio": 0.039092827,
        "totalOtherIncomeExpensesNet": -1810000,
        "incomeBeforeTax": 7455000,
        "incomeBeforeTaxRatio": 0.0314556962,
        "incomeTaxExpense": 2653000,
        "netIncome": 4802000,
        "netIncomeRatio": 0.0202616034,
        "eps": 0.0419,
        "epsdiluted": 0.0415,
        "weightedAverageShsOut": 114568000,
        "weightedAverageShsOutDil": 115825000,
        "link": "https://www.sec.gov/Archives/edgar/data/1020416/000119312512332096/0001193125-12-332096-index.html",
        "finalLink": "https://www.sec.gov/Archives/edgar/data/1020416/000119312512332096/d354932d10q.htm"
    },
    {
        "date": "2012-03-31",
        "symbol": "MWW",
        "reportedCurrency": "USD",
        "cik": "0001020416",
        "fillingDate": "2012-04-27",
        "acceptedDate": "2012-04-27 16:43:19",
        "calendarYear": "2012",
        "period": "Q1",
        "revenue": 246077000,
        "costOfRevenue": 0,
        "grossProfit": 246077000,
        "grossProfitRatio": 1,
        "researchAndDevelopmentExpenses": 0,
        "generalAndAdministrativeExpenses": -856000,
        "sellingAndMarketingExpenses": 58399000,
        "sellingGeneralAndAdministrativeExpenses": 57543000,
        "otherExpenses": 198737000,
        "operatingExpenses": 256280000,
        "costAndExpenses": 256280000,
        "interestIncome": 0,
        "interestExpense": 0,
        "depreciationAndAmortization": 17445000,
        "ebitda": 5574000,
        "ebitdaratio": 0.0226514465,
        "operatingIncome": -10203000,
        "operatingIncomeRatio": -0.0414626316,
        "totalOtherIncomeExpensesNet": -1468000,
        "incomeBeforeTax": -11671000,
        "incomeBeforeTaxRatio": -0.047428244,
        "incomeTaxExpense": -15613000,
        "netIncome": 3742000,
        "netIncomeRatio": 0.0152066223,
        "eps": 0.0322,
        "epsdiluted": 0.0318,
        "weightedAverageShsOut": 116199000,
        "weightedAverageShsOutDil": 117611000,
        "link": "https://www.sec.gov/Archives/edgar/data/1020416/000119312512191355/0001193125-12-191355-index.htm",
        "finalLink": "https://www.sec.gov/Archives/edgar/data/1020416/000119312512191355/d320830d10q.htm"
    },
    {
        "date": "2011-12-31",
        "symbol": "MWW",
        "reportedCurrency": "USD",
        "cik": "0001020416",
        "fillingDate": "2012-01-31",
        "acceptedDate": "2012-01-31 16:36:35",
        "calendarYear": "2011",
        "period": "Q4",
        "revenue": 249979000,
        "costOfRevenue": 0,
        "grossProfit": 249979000,
        "grossProfitRatio": 1,
        "researchAndDevelopmentExpenses": 0,
        "generalAndAdministrativeExpenses": 5654000,
        "sellingAndMarketingExpenses": 52594000,
        "sellingGeneralAndAdministrativeExpenses": 58248000,
        "otherExpenses": 174779000,
        "operatingExpenses": 233027000,
        "costAndExpenses": 233027000,
        "interestIncome": 0,
        "interestExpense": 0,
        "depreciationAndAmortization": 18302000,
        "ebitda": 34329000,
        "ebitdaratio": 0.1373275355,
        "operatingIncome": 16952000,
        "operatingIncomeRatio": 0.0678136964,
        "totalOtherIncomeExpensesNet": -679000,
        "incomeBeforeTax": 16273000,
        "incomeBeforeTaxRatio": 0.0650974682,
        "incomeTaxExpense": 5121000,
        "netIncome": 10906000,
        "netIncomeRatio": 0.0436276647,
        "eps": 0.0894,
        "epsdiluted": 0.088,
        "weightedAverageShsOut": 122002000,
        "weightedAverageShsOutDil": 123923000,
        "link": "https://www.sec.gov/Archives/edgar/data/1020416/000119312512032158/0001193125-12-032158-index.html",
        "finalLink": "https://www.sec.gov/Archives/edgar/data/1020416/000119312512032158/d250308d10k.htm"
    },
    {
        "date": "2011-09-30",
        "symbol": "MWW",
        "reportedCurrency": "USD",
        "cik": "0001020416",
        "fillingDate": "2011-10-27",
        "acceptedDate": "2011-10-27 17:15:26",
        "calendarYear": "2011",
        "period": "Q3",
        "revenue": 259048000,
        "costOfRevenue": 0,
        "grossProfit": 259048000,
        "grossProfitRatio": 1,
        "researchAndDevelopmentExpenses": 0,
        "generalAndAdministrativeExpenses": 10956000,
        "sellingAndMarketingExpenses": 46527000,
        "sellingGeneralAndAdministrativeExpenses": 57483000,
        "otherExpenses": 160439000,
        "operatingExpenses": 217922000,
        "costAndExpenses": 217922000,
        "interestIncome": 0,
        "interestExpense": 0,
        "depreciationAndAmortization": 18844000,
        "ebitda": 58124000,
        "ebitdaratio": 0.2243754053,
        "operatingIncome": 41126000,
        "operatingIncomeRatio": 0.1587582224,
        "totalOtherIncomeExpensesNet": -1846000,
        "incomeBeforeTax": 39280000,
        "incomeBeforeTaxRatio": 0.15163213,
        "incomeTaxExpense": 7453000,
        "netIncome": 31827000,
        "netIncomeRatio": 0.1228614002,
        "eps": 0.26,
        "epsdiluted": 0.26,
        "weightedAverageShsOut": 122212000,
        "weightedAverageShsOutDil": 124338000,
        "link": "https://www.sec.gov/Archives/edgar/data/1020416/000119312511284355/0001193125-11-284355-index.html",
        "finalLink": "https://www.sec.gov/Archives/edgar/data/1020416/000119312511284355/d235662d10q.htm"
    },
    {
        "date": "2011-06-30",
        "symbol": "MWW",
        "reportedCurrency": "USD",
        "cik": "0001020416",
        "fillingDate": "2011-07-28",
        "acceptedDate": "2011-07-28 13:42:48",
        "calendarYear": "2011",
        "period": "Q2",
        "revenue": 531078000,
        "costOfRevenue": 0,
        "grossProfit": 531078000,
        "grossProfitRatio": 1,
        "researchAndDevelopmentExpenses": 0,
        "generalAndAdministrativeExpenses": 70017000,
        "sellingAndMarketingExpenses": 58524000,
        "sellingGeneralAndAdministrativeExpenses": 128541000,
        "otherExpenses": 384096000,
        "operatingExpenses": 512637000,
        "costAndExpenses": 512637000,
        "interestIncome": 0,
        "interestExpense": 0,
        "depreciationAndAmortization": 37454000,
        "ebitda": 54315000,
        "ebitdaratio": 0.1022731124,
        "operatingIncome": 18441000,
        "operatingIncomeRatio": 0.0347237129,
        "totalOtherIncomeExpensesNet": -1580000,
        "incomeBeforeTax": 16861000,
        "incomeBeforeTaxRatio": 0.031748632,
        "incomeTaxExpense": 5797000,
        "netIncome": 11064000,
        "netIncomeRatio": 0.020833098,
        "eps": 0.0908,
        "epsdiluted": 0.0889,
        "weightedAverageShsOut": 121815000,
        "weightedAverageShsOutDil": 124513000,
        "link": "https://www.sec.gov/Archives/edgar/data/1020416/000119312511200498/0001193125-11-200498-index.html",
        "finalLink": "https://www.sec.gov/Archives/edgar/data/1020416/000119312511200498/d10q.htm"
    },
    {
        "date": "2011-03-31",
        "symbol": "MWW",
        "reportedCurrency": "USD",
        "cik": "0001020416",
        "fillingDate": "2011-04-29",
        "acceptedDate": "2011-04-29 14:22:51",
        "calendarYear": "2011",
        "period": "Q1",
        "revenue": 261382000,
        "costOfRevenue": 0,
        "grossProfit": 261382000,
        "grossProfitRatio": 1,
        "researchAndDevelopmentExpenses": 0,
        "generalAndAdministrativeExpenses": 202231000,
        "sellingAndMarketingExpenses": 57698000,
        "sellingGeneralAndAdministrativeExpenses": 259929000,
        "otherExpenses": 0,
        "operatingExpenses": 259929000,
        "costAndExpenses": 259929000,
        "interestIncome": 0,
        "interestExpense": 0,
        "depreciationAndAmortization": 18401000,
        "ebitda": 18835000,
        "ebitdaratio": 0.0720592849,
        "operatingIncome": 1453000,
        "operatingIncomeRatio": 0.0055589138,
        "totalOtherIncomeExpensesNet": -441000,
        "incomeBeforeTax": 1012000,
        "incomeBeforeTaxRatio": 0.003871728,
        "incomeTaxExpense": 356000,
        "netIncome": 78000,
        "netIncomeRatio": 0.0002984138,
        "eps": 0.0006,
        "epsdiluted": 0.0006,
        "weightedAverageShsOut": 120608000,
        "weightedAverageShsOutDil": 120608000,
        "link": "https://www.sec.gov/Archives/edgar/data/1020416/000095012311041811/0000950123-11-041811-index.html",
        "finalLink": "https://www.sec.gov/Archives/edgar/data/1020416/000095012311041811/c15149e10vq.htm"
    },
    {
        "date": "2010-12-31",
        "symbol": "MWW",
        "reportedCurrency": "USD",
        "cik": "0001020416",
        "fillingDate": "2011-02-02",
        "acceptedDate": "2011-02-02 13:19:15",
        "calendarYear": "2010",
        "period": "Q4",
        "revenue": 255069000,
        "costOfRevenue": 0,
        "grossProfit": 255069000,
        "grossProfitRatio": 1,
        "researchAndDevelopmentExpenses": 0,
        "generalAndAdministrativeExpenses": 188549000,
        "sellingAndMarketingExpenses": 64399000,
        "sellingGeneralAndAdministrativeExpenses": 252948000,
        "otherExpenses": 0,
        "operatingExpenses": 252948000,
        "costAndExpenses": 252948000,
        "interestIncome": 0,
        "interestExpense": 0,
        "depreciationAndAmortization": 18318000,
        "ebitda": 19604000,
        "ebitdaratio": 0.0768576346,
        "operatingIncome": 2121000,
        "operatingIncomeRatio": 0.008315397,
        "totalOtherIncomeExpensesNet": -835000,
        "incomeBeforeTax": 1286000,
        "incomeBeforeTaxRatio": 0.005041773,
        "incomeTaxExpense": -14405000,
        "netIncome": 15691000,
        "netIncomeRatio": 0.0615166876,
        "eps": 0.13,
        "epsdiluted": 0.13,
        "weightedAverageShsOut": 120509000,
        "weightedAverageShsOutDil": 120509000,
        "link": "https://www.sec.gov/Archives/edgar/data/1020416/000095012311008219/0000950123-11-008219-index.htm",
        "finalLink": "https://www.sec.gov/Archives/edgar/data/1020416/000095012311008219/y89381e10vk.htm"
    },
    {
        "date": "2010-09-30",
        "symbol": "MWW",
        "reportedCurrency": "USD",
        "cik": "0001020416",
        "fillingDate": "2010-10-29",
        "acceptedDate": "2010-10-29 13:36:28",
        "calendarYear": "2010",
        "period": "Q3",
        "revenue": 228842000,
        "costOfRevenue": 0,
        "grossProfit": 228842000,
        "grossProfitRatio": 1,
        "researchAndDevelopmentExpenses": 0,
        "generalAndAdministrativeExpenses": 182569000,
        "sellingAndMarketingExpenses": 51661000,
        "sellingGeneralAndAdministrativeExpenses": 234230000,
        "otherExpenses": 0,
        "operatingExpenses": 234230000,
        "costAndExpenses": 234230000,
        "interestIncome": 0,
        "interestExpense": 0,
        "depreciationAndAmortization": 16482000,
        "ebitda": -1562000,
        "ebitdaratio": -0.0068256701,
        "operatingIncome": -5636000,
        "operatingIncomeRatio": -0.0246283462,
        "totalOtherIncomeExpensesNet": -1038000,
        "incomeBeforeTax": -6674000,
        "incomeBeforeTaxRatio": -0.0291642268,
        "incomeTaxExpense": -1038000,
        "netIncome": -18044000,
        "netIncomeRatio": -0.0788491623,
        "eps": -0.15,
        "epsdiluted": -0.15,
        "weightedAverageShsOut": 120367000,
        "weightedAverageShsOutDil": 120367000,
        "link": "https://www.sec.gov/Archives/edgar/data/1020416/000095012310098024/0000950123-10-098024-index.html",
        "finalLink": "https://www.sec.gov/Archives/edgar/data/1020416/000095012310098024/c06113e10vq.htm"
    },
    {
        "date": "2010-06-30",
        "symbol": "MWW",
        "reportedCurrency": "USD",
        "cik": "0001020416",
        "fillingDate": "2010-07-30",
        "acceptedDate": "2010-07-30 07:38:46",
        "calendarYear": "2010",
        "period": "Q2",
        "revenue": 214917000,
        "costOfRevenue": 0,
        "grossProfit": 214917000,
        "grossProfitRatio": 1,
        "researchAndDevelopmentExpenses": -2194000000,
        "generalAndAdministrativeExpenses": -18883925000,
        "sellingAndMarketingExpenses": 46925000,
        "sellingGeneralAndAdministrativeExpenses": -18837000000,
        "otherExpenses": 21249797000,
        "operatingExpenses": 218797000,
        "costAndExpenses": 218797000,
        "interestIncome": 0,
        "interestExpense": -12404000000,
        "depreciationAndAmortization": -2643000000,
        "ebitda": -17113957000,
        "ebitdaratio": -79.6305410926,
        "operatingIncome": -2979000,
        "operatingIncomeRatio": -0.013861165,
        "totalOtherIncomeExpensesNet": 0,
        "incomeBeforeTax": -2979000,
        "incomeBeforeTaxRatio": -0.013861165,
        "incomeTaxExpense": -2064000000,
        "netIncome": -2957000,
        "netIncomeRatio": -0.0137587999,
        "eps": -0.0245,
        "epsdiluted": -0.0245,
        "weightedAverageShsOut": 120895000,
        "weightedAverageShsOutDil": 120895000,
        "link": "https://www.sec.gov/Archives/edgar/data/1020416/000095012310070167/0000950123-10-070167-index.html",
        "finalLink": "https://www.sec.gov/Archives/edgar/data/1020416/000095012310070167/c02733e10vq.htm"
    },
    {
        "date": "2010-03-31",
        "symbol": "MWW",
        "reportedCurrency": "USD",
        "cik": "0001020416",
        "fillingDate": "2010-04-30",
        "acceptedDate": "2010-04-30 12:47:12",
        "calendarYear": "2010",
        "period": "Q1",
        "revenue": 215305000,
        "costOfRevenue": 0,
        "grossProfit": 215305000,
        "grossProfitRatio": 1,
        "researchAndDevelopmentExpenses": 0,
        "generalAndAdministrativeExpenses": 190598000,
        "sellingAndMarketingExpenses": 59581000,
        "sellingGeneralAndAdministrativeExpenses": 250179000,
        "otherExpenses": 0,
        "operatingExpenses": 250179000,
        "costAndExpenses": 250179000,
        "interestIncome": 0,
        "interestExpense": 653000,
        "depreciationAndAmortization": 16604000,
        "ebitda": -6922000,
        "ebitdaratio": -0.0321497411,
        "operatingIncome": -35527000,
        "operatingIncomeRatio": -0.1650077797,
        "totalOtherIncomeExpensesNet": 0,
        "incomeBeforeTax": -35527000,
        "incomeBeforeTaxRatio": -0.1650077797,
        "incomeTaxExpense": 653000,
        "netIncome": -24179000,
        "netIncomeRatio": -0.1123011542,
        "eps": -0.2,
        "epsdiluted": -0.2,
        "weightedAverageShsOut": 120895000,
        "weightedAverageShsOutDil": 120895000,
        "link": "https://www.sec.gov/Archives/edgar/data/1020416/000095012310041454/0000950123-10-041454-index.html",
        "finalLink": "https://www.sec.gov/Archives/edgar/data/1020416/000095012310041454/c97525e10vq.htm"
    },
    {
        "date": "2009-12-31",
        "symbol": "MWW",
        "reportedCurrency": "USD",
        "cik": "0001020416",
        "fillingDate": "2010-02-04",
        "acceptedDate": "2010-02-04 16:23:22",
        "calendarYear": "2009",
        "period": "Q4",
        "revenue": 213149000,
        "costOfRevenue": 0,
        "grossProfit": 213149000,
        "grossProfitRatio": 1,
        "researchAndDevelopmentExpenses": 0,
        "generalAndAdministrativeExpenses": 164519000,
        "sellingAndMarketingExpenses": 45260000,
        "sellingGeneralAndAdministrativeExpenses": 209779000,
        "otherExpenses": 0,
        "operatingExpenses": 209779000,
        "costAndExpenses": 209779000,
        "interestIncome": 0,
        "interestExpense": 1431000,
        "depreciationAndAmortization": 17849000,
        "ebitda": 14747000,
        "ebitdaratio": 0.0691863438,
        "operatingIncome": 3370000,
        "operatingIncomeRatio": 0.0158105363,
        "totalOtherIncomeExpensesNet": -7059000,
        "incomeBeforeTax": -3689000,
        "incomeBeforeTaxRatio": -0.017307142,
        "incomeTaxExpense": -2420000,
        "netIncome": -2113000,
        "netIncomeRatio": -0.0099132532,
        "eps": -0.0177,
        "epsdiluted": -0.0174,
        "weightedAverageShsOut": 119359000,
        "weightedAverageShsOutDil": 121170000,
        "link": "https://www.sec.gov/Archives/edgar/data/1020416/000095012310008799/0000950123-10-008799-index.html",
        "finalLink": "https://www.sec.gov/Archives/edgar/data/1020416/000095012310008799/c95506e10vk.htm"
    },
    {
        "date": "2009-09-30",
        "symbol": "MWW",
        "reportedCurrency": "USD",
        "cik": "0001020416",
        "fillingDate": "2009-10-30",
        "acceptedDate": "2009-10-30 10:23:15",
        "calendarYear": "2009",
        "period": "Q3",
        "revenue": 214533000,
        "costOfRevenue": 0,
        "grossProfit": 214533000,
        "grossProfitRatio": 1,
        "researchAndDevelopmentExpenses": 0,
        "generalAndAdministrativeExpenses": 165824000,
        "sellingAndMarketingExpenses": 45757000,
        "sellingGeneralAndAdministrativeExpenses": 211581000,
        "otherExpenses": 0,
        "operatingExpenses": 211581000,
        "costAndExpenses": 211581000,
        "interestIncome": 0,
        "interestExpense": 0,
        "depreciationAndAmortization": 17419000,
        "ebitda": 16850000,
        "ebitdaratio": 0.0785426951,
        "operatingIncome": 2952000,
        "operatingIncomeRatio": 0.0137601208,
        "totalOtherIncomeExpensesNet": -48000,
        "incomeBeforeTax": 2904000,
        "incomeBeforeTaxRatio": 0.013536379,
        "incomeTaxExpense": -30891000,
        "netIncome": 30322000,
        "netIncomeRatio": 0.1413395608,
        "eps": 0.25,
        "epsdiluted": 0.25,
        "weightedAverageShsOut": 119206000,
        "weightedAverageShsOutDil": 120853000,
        "link": "https://www.sec.gov/Archives/edgar/data/1020416/000095012309055299/0000950123-09-055299-index.html",
        "finalLink": "https://www.sec.gov/Archives/edgar/data/1020416/000095012309055299/c91613e10vq.htm"
    },
    {
        "date": "2009-06-30",
        "symbol": "MWW",
        "reportedCurrency": "USD",
        "cik": "0001020416",
        "fillingDate": "2009-07-31",
        "acceptedDate": "2009-07-31 15:37:33",
        "calendarYear": "2009",
        "period": "Q2",
        "revenue": 223057000,
        "costOfRevenue": 0,
        "grossProfit": 223057000,
        "grossProfitRatio": 1,
        "researchAndDevelopmentExpenses": 0,
        "generalAndAdministrativeExpenses": 178443000,
        "sellingAndMarketingExpenses": 44953000,
        "sellingGeneralAndAdministrativeExpenses": 223396000,
        "otherExpenses": 0,
        "operatingExpenses": 223396000,
        "costAndExpenses": 223396000,
        "interestIncome": 0,
        "interestExpense": 0,
        "depreciationAndAmortization": 16945000,
        "ebitda": 16682000,
        "ebitdaratio": 0.0747880587,
        "operatingIncome": -339000,
        "operatingIncomeRatio": -0.0015197909,
        "totalOtherIncomeExpensesNet": 76000,
        "incomeBeforeTax": -263000,
        "incomeBeforeTaxRatio": -0.0011790708,
        "incomeTaxExpense": -83000,
        "netIncome": -180000,
        "netIncomeRatio": -0.0008069686,
        "eps": -0.0015,
        "epsdiluted": -0.0015,
        "weightedAverageShsOut": 119066000,
        "weightedAverageShsOutDil": 119066000,
        "link": "https://www.sec.gov/Archives/edgar/data/1020416/000095012309028336/0000950123-09-028336-index.html",
        "finalLink": "https://www.sec.gov/Archives/edgar/data/1020416/000095012309028336/c88526e10vq.htm"
    },
    {
        "date": "2009-03-31",
        "symbol": "MWW",
        "reportedCurrency": "USD",
        "cik": "0001020416",
        "fillingDate": "2009-05-06",
        "acceptedDate": "2009-05-06 11:54:55",
        "calendarYear": "2009",
        "period": "Q1",
        "revenue": 254403000,
        "costOfRevenue": 0,
        "grossProfit": 254403000,
        "grossProfitRatio": 1,
        "researchAndDevelopmentExpenses": 0,
        "generalAndAdministrativeExpenses": 195506000,
        "sellingAndMarketingExpenses": 73691000,
        "sellingGeneralAndAdministrativeExpenses": 269197000,
        "otherExpenses": 0,
        "operatingExpenses": 269197000,
        "costAndExpenses": 269197000,
        "interestIncome": 0,
        "interestExpense": 0,
        "depreciationAndAmortization": 16320000,
        "ebitda": 2729000,
        "ebitdaratio": 0.0107270748,
        "operatingIncome": -14794000,
        "operatingIncomeRatio": -0.05815183,
        "totalOtherIncomeExpensesNet": 1203000,
        "incomeBeforeTax": -13591000,
        "incomeBeforeTaxRatio": -0.0534231121,
        "incomeTaxExpense": -4489000,
        "netIncome": -9102000,
        "netIncomeRatio": -0.03577788,
        "eps": -0.0766,
        "epsdiluted": -0.0766,
        "weightedAverageShsOut": 118855000,
        "weightedAverageShsOutDil": 118855000,
        "link": "https://www.sec.gov/Archives/edgar/data/1020416/000136231009006584/0001362310-09-006584-index.html",
        "finalLink": "https://www.sec.gov/Archives/edgar/data/1020416/000136231009006584/c84823e10vq.htm"
    },
    {
        "date": "2008-12-31",
        "symbol": "MWW",
        "reportedCurrency": "USD",
        "cik": "0001020416",
        "fillingDate": "2009-02-12",
        "acceptedDate": "2009-02-12 15:24:37",
        "calendarYear": "2008",
        "period": "Q4",
        "revenue": 290672000,
        "costOfRevenue": 0,
        "grossProfit": 290672000,
        "grossProfitRatio": 1,
        "researchAndDevelopmentExpenses": 0,
        "generalAndAdministrativeExpenses": 195199000,
        "sellingAndMarketingExpenses": 52684000,
        "sellingGeneralAndAdministrativeExpenses": 247883000,
        "otherExpenses": 0,
        "operatingExpenses": 247883000,
        "costAndExpenses": 247883000,
        "interestIncome": 0,
        "interestExpense": 0,
        "depreciationAndAmortization": 17517000,
        "ebitda": 46111000,
        "ebitdaratio": 0.1586358507,
        "operatingIncome": 42789000,
        "operatingIncomeRatio": 0.1472071613,
        "totalOtherIncomeExpensesNet": 1560000,
        "incomeBeforeTax": 44349000,
        "incomeBeforeTaxRatio": 0.1525740353,
        "incomeTaxExpense": 1560000,
        "netIncome": 28594000,
        "netIncomeRatio": 0.0983720482,
        "eps": 0.24,
        "epsdiluted": 0.24,
        "weightedAverageShsOut": 120557000,
        "weightedAverageShsOutDil": 121167000,
        "link": "https://www.sec.gov/Archives/edgar/data/1020416/000095012309002594/0000950123-09-002594-index.html",
        "finalLink": "https://www.sec.gov/Archives/edgar/data/1020416/000095012309002594/y74592e10vk.htm"
    },
    {
        "date": "2008-09-30",
        "symbol": "MWW",
        "reportedCurrency": "USD",
        "cik": "0001020416",
        "fillingDate": "2008-11-04",
        "acceptedDate": "2008-11-04 16:40:01",
        "calendarYear": "2008",
        "period": "Q3",
        "revenue": 332189000,
        "costOfRevenue": 0,
        "grossProfit": 332189000,
        "grossProfitRatio": 1,
        "researchAndDevelopmentExpenses": 0,
        "generalAndAdministrativeExpenses": 211932000,
        "sellingAndMarketingExpenses": 57684000,
        "sellingGeneralAndAdministrativeExpenses": 269616000,
        "otherExpenses": 0,
        "operatingExpenses": 269616000,
        "costAndExpenses": 269616000,
        "interestIncome": 0,
        "interestExpense": 0,
        "depreciationAndAmortization": 14710000,
        "ebitda": 57488000,
        "ebitdaratio": 0.1730581085,
        "operatingIncome": 62573000,
        "operatingIncomeRatio": 0.1883656593,
        "totalOtherIncomeExpensesNet": 5283000,
        "incomeBeforeTax": 67856000,
        "incomeBeforeTaxRatio": 0.2042692564,
        "incomeTaxExpense": 5283000,
        "netIncome": 42778000,
        "netIncomeRatio": 0.1287760883,
        "eps": 0.35,
        "epsdiluted": 0.35,
        "weightedAverageShsOut": 121213000,
        "weightedAverageShsOutDil": 121884000,
        "link": "https://www.sec.gov/Archives/edgar/data/1020416/000136231008006593/0001362310-08-006593-index.html",
        "finalLink": "https://www.sec.gov/Archives/edgar/data/1020416/000136231008006593/c76585e10vq.htm"
    },
    {
        "date": "2008-06-30",
        "symbol": "MWW",
        "reportedCurrency": "USD",
        "cik": "0001020416",
        "fillingDate": "2008-08-06",
        "acceptedDate": "2008-08-05 17:32:22",
        "calendarYear": "2008",
        "period": "Q2",
        "revenue": 350400000,
        "costOfRevenue": 0,
        "grossProfit": 350400000,
        "grossProfitRatio": 1,
        "researchAndDevelopmentExpenses": 0,
        "generalAndAdministrativeExpenses": 251003000,
        "sellingAndMarketingExpenses": 66197000,
        "sellingGeneralAndAdministrativeExpenses": 317200000,
        "otherExpenses": 0,
        "operatingExpenses": 317200000,
        "costAndExpenses": 317200000,
        "interestIncome": 0,
        "interestExpense": 0,
        "depreciationAndAmortization": 12832000,
        "ebitda": 43662000,
        "ebitdaratio": 0.1246061644,
        "operatingIncome": 33200000,
        "operatingIncomeRatio": 0.0947488584,
        "totalOtherIncomeExpensesNet": 3040000,
        "incomeBeforeTax": 36240000,
        "incomeBeforeTaxRatio": 0.1034246575,
        "incomeTaxExpense": 3040000,
        "netIncome": 30830000,
        "netIncomeRatio": 0.0879851598,
        "eps": 0.25,
        "epsdiluted": 0.25,
        "weightedAverageShsOut": 121798000,
        "weightedAverageShsOutDil": 122552000,
        "link": "https://www.sec.gov/Archives/edgar/data/1020416/000104746908008756/0001047469-08-008756-index.html",
        "finalLink": "https://www.sec.gov/Archives/edgar/data/1020416/000104746908008756/a2187213z10-q.htm"
    },
    {
        "date": "2008-03-31",
        "symbol": "MWW",
        "reportedCurrency": "USD",
        "cik": "0001020416",
        "fillingDate": "2008-05-08",
        "acceptedDate": "2008-05-08 16:09:50",
        "calendarYear": "2008",
        "period": "Q1",
        "revenue": 370366000,
        "costOfRevenue": 0,
        "grossProfit": 370366000,
        "grossProfitRatio": 1,
        "researchAndDevelopmentExpenses": 0,
        "generalAndAdministrativeExpenses": 224340000,
        "sellingAndMarketingExpenses": 114633000,
        "sellingGeneralAndAdministrativeExpenses": 338973000,
        "otherExpenses": 0,
        "operatingExpenses": 338973000,
        "costAndExpenses": 338973000,
        "interestIncome": 0,
        "interestExpense": 0,
        "depreciationAndAmortization": 12961000,
        "ebitda": 35552000,
        "ebitdaratio": 0.0959915327,
        "operatingIncome": 31393000,
        "operatingIncomeRatio": 0.0847621002,
        "totalOtherIncomeExpensesNet": 7400000,
        "incomeBeforeTax": 38793000,
        "incomeBeforeTaxRatio": 0.104742336,
        "incomeTaxExpense": 7400000,
        "netIncome": 22591000,
        "netIncomeRatio": 0.0609964198,
        "eps": 0.18,
        "epsdiluted": 0.18,
        "weightedAverageShsOut": 122711000,
        "weightedAverageShsOutDil": 123332000,
        "link": "https://www.sec.gov/Archives/edgar/data/1020416/000104746908006214/0001047469-08-006214-index.html",
        "finalLink": "https://www.sec.gov/Archives/edgar/data/1020416/000104746908006214/a2185546z10-q.htm"
    },
    {
        "date": "2007-12-31",
        "symbol": "MWW",
        "reportedCurrency": "USD",
        "cik": "0001020416",
        "fillingDate": "2008-02-21",
        "acceptedDate": "2008-02-21 17:24:21",
        "calendarYear": "2007",
        "period": "Q4",
        "revenue": 1014165000,
        "costOfRevenue": 0,
        "grossProfit": 1014165000,
        "grossProfitRatio": 1,
        "researchAndDevelopmentExpenses": 0,
        "generalAndAdministrativeExpenses": 612653000,
        "sellingAndMarketingExpenses": 236811000,
        "sellingGeneralAndAdministrativeExpenses": 849464000,
        "otherExpenses": 0,
        "operatingExpenses": 849464000,
        "costAndExpenses": 849464000,
        "interestIncome": 0,
        "interestExpense": -25468000,
        "depreciationAndAmortization": 12828000,
        "ebitda": 100458000,
        "ebitdaratio": 0.0990548875,
        "operatingIncome": 164701000,
        "operatingIncomeRatio": 0.1624005956,
        "totalOtherIncomeExpensesNet": 19056000,
        "incomeBeforeTax": 183757000,
        "incomeBeforeTaxRatio": 0.1811904375,
        "incomeTaxExpense": -6412000,
        "netIncome": 113098000,
        "netIncomeRatio": 0.1115183427,
        "eps": 0.88,
        "epsdiluted": 0.86,
        "weightedAverageShsOut": 128785000,
        "weightedAverageShsOutDil": 130755000,
        "link": "https://www.sec.gov/Archives/edgar/data/1020416/000104746908001550/0001047469-08-001550-index.htm",
        "finalLink": "https://www.sec.gov/Archives/edgar/data/1020416/000104746908001550/a2182830z10-k.htm"
    },
    {
        "date": "2007-09-30",
        "symbol": "MWW",
        "reportedCurrency": "USD",
        "cik": "0001020416",
        "fillingDate": "2007-11-07",
        "acceptedDate": "2007-11-07 17:18:26",
        "calendarYear": "2007",
        "period": "Q3",
        "revenue": 337144000,
        "costOfRevenue": 0,
        "grossProfit": 337144000,
        "grossProfitRatio": 1,
        "researchAndDevelopmentExpenses": 0,
        "generalAndAdministrativeExpenses": 210784000,
        "sellingAndMarketingExpenses": 76348000,
        "sellingGeneralAndAdministrativeExpenses": 287132000,
        "otherExpenses": 0,
        "operatingExpenses": 287132000,
        "costAndExpenses": 287132000,
        "interestIncome": 0,
        "interestExpense": 0,
        "depreciationAndAmortization": 12625000,
        "ebitda": 45926000,
        "ebitdaratio": 0.1362207247,
        "operatingIncome": 50012000,
        "operatingIncomeRatio": 0.1483401751,
        "totalOtherIncomeExpensesNet": 6288000,
        "incomeBeforeTax": 56300000,
        "incomeBeforeTaxRatio": 0.1669909594,
        "incomeTaxExpense": 6288000,
        "netIncome": 33301000,
        "netIncomeRatio": 0.0987738177,
        "eps": 0.26,
        "epsdiluted": 0.25,
        "weightedAverageShsOut": 129499000,
        "weightedAverageShsOutDil": 130757000,
        "link": "https://www.sec.gov/Archives/edgar/data/1020416/000104746907008623/0001047469-07-008623-index.html",
        "finalLink": "https://www.sec.gov/Archives/edgar/data/1020416/000104746907008623/a2180837z10-q.htm"
    },
    {
        "date": "2007-06-30",
        "symbol": "MWW",
        "reportedCurrency": "USD",
        "cik": "0001020416",
        "fillingDate": "2007-08-09",
        "acceptedDate": "2007-08-09 16:10:51",
        "calendarYear": "2007",
        "period": "Q2",
        "revenue": 331149000,
        "costOfRevenue": 0,
        "grossProfit": 331149000,
        "grossProfitRatio": 1,
        "researchAndDevelopmentExpenses": 0,
        "generalAndAdministrativeExpenses": 210729000,
        "sellingAndMarketingExpenses": 78045000,
        "sellingGeneralAndAdministrativeExpenses": 288774000,
        "otherExpenses": 0,
        "operatingExpenses": 288774000,
        "costAndExpenses": 288774000,
        "interestIncome": 0,
        "interestExpense": 0,
        "depreciationAndAmortization": 11543000,
        "ebitda": 40159000,
        "ebitdaratio": 0.1212716934,
        "operatingIncome": 42375000,
        "operatingIncomeRatio": 0.1279635451,
        "totalOtherIncomeExpensesNet": 6912000,
        "incomeBeforeTax": 49287000,
        "incomeBeforeTaxRatio": 0.1488363244,
        "incomeTaxExpense": 6912000,
        "netIncome": 28616000,
        "netIncomeRatio": 0.0864142727,
        "eps": 0.22,
        "epsdiluted": 0.21,
        "weightedAverageShsOut": 130268000,
        "weightedAverageShsOutDil": 133324000,
        "link": "https://www.sec.gov/Archives/edgar/data/1020416/000110465907060908/0001104659-07-060908-index.html",
        "finalLink": "https://www.sec.gov/Archives/edgar/data/1020416/000110465907060908/a07-19296_110q.htm"
    },
    {
        "date": "2007-03-31",
        "symbol": "MWW",
        "reportedCurrency": "USD",
        "cik": "0001020416",
        "fillingDate": "2007-05-09",
        "acceptedDate": "2007-05-09 16:11:44",
        "calendarYear": "2007",
        "period": "Q1",
        "revenue": 329028000,
        "costOfRevenue": 0,
        "grossProfit": 329028000,
        "grossProfitRatio": 1,
        "researchAndDevelopmentExpenses": 0,
        "generalAndAdministrativeExpenses": 192764000,
        "sellingAndMarketingExpenses": 78069000,
        "sellingGeneralAndAdministrativeExpenses": 270833000,
        "otherExpenses": 0,
        "operatingExpenses": 270833000,
        "costAndExpenses": 270833000,
        "interestIncome": 0,
        "interestExpense": 0,
        "depreciationAndAmortization": 9981000,
        "ebitda": 49463000,
        "ebitdaratio": 0.1503306709,
        "operatingIncome": 58195000,
        "operatingIncomeRatio": 0.1768694458,
        "totalOtherIncomeExpensesNet": 5304000,
        "incomeBeforeTax": 63499000,
        "incomeBeforeTaxRatio": 0.1929896544,
        "incomeTaxExpense": 5304000,
        "netIncome": 39482000,
        "netIncomeRatio": 0.1199958666,
        "eps": 0.3,
        "epsdiluted": 0.3,
        "weightedAverageShsOut": 129653000,
        "weightedAverageShsOutDil": 132464000,
        "link": "https://www.sec.gov/Archives/edgar/data/1020416/000110465907037552/0001104659-07-037552-index.html",
        "finalLink": "https://www.sec.gov/Archives/edgar/data/1020416/000110465907037552/a07-13342_110q.htm"
    },
    {
        "date": "2006-12-31",
        "symbol": "MWW",
        "reportedCurrency": "USD",
        "cik": "0001020416",
        "fillingDate": "2007-03-01",
        "acceptedDate": "2007-03-01 16:30:04",
        "calendarYear": "2006",
        "period": "Q4",
        "revenue": 830821000,
        "costOfRevenue": 0,
        "grossProfit": 830821000,
        "grossProfitRatio": 1,
        "researchAndDevelopmentExpenses": 0,
        "generalAndAdministrativeExpenses": 455355000,
        "sellingAndMarketingExpenses": 205429000,
        "sellingGeneralAndAdministrativeExpenses": 660784000,
        "otherExpenses": 0,
        "operatingExpenses": 660784000,
        "costAndExpenses": 660784000,
        "interestIncome": 0,
        "interestExpense": -16524000,
        "depreciationAndAmortization": 9765000,
        "ebitda": 114195000,
        "ebitdaratio": 0.1374483794,
        "operatingIncome": 170037000,
        "operatingIncomeRatio": 0.2046614132,
        "totalOtherIncomeExpensesNet": 13468000,
        "incomeBeforeTax": 183505000,
        "incomeBeforeTaxRatio": 0.2208718846,
        "incomeTaxExpense": -3056000,
        "netIncome": 120954000,
        "netIncomeRatio": 0.1455837058,
        "eps": 0.94,
        "epsdiluted": 0.92,
        "weightedAverageShsOut": 128077000,
        "weightedAverageShsOutDil": 131247000,
        "link": "https://www.sec.gov/Archives/edgar/data/1020416/000104746907001534/0001047469-07-001534-index.htm",
        "finalLink": "https://www.sec.gov/Archives/edgar/data/1020416/000104746907001534/a2176380z10-k.htm"
    },
    {
        "date": "2006-09-30",
        "symbol": "MWW",
        "reportedCurrency": "USD",
        "cik": "0001020416",
        "fillingDate": "2006-12-26",
        "acceptedDate": "2006-12-26 16:09:56",
        "calendarYear": "2006",
        "period": "Q3",
        "revenue": 285855000,
        "costOfRevenue": 0,
        "grossProfit": 285855000,
        "grossProfitRatio": 1,
        "researchAndDevelopmentExpenses": 0,
        "generalAndAdministrativeExpenses": 157951000,
        "sellingAndMarketingExpenses": 68077000,
        "sellingGeneralAndAdministrativeExpenses": 226028000,
        "otherExpenses": 0,
        "operatingExpenses": 226028000,
        "costAndExpenses": 226028000,
        "interestIncome": 0,
        "interestExpense": 0,
        "depreciationAndAmortization": 7782000,
        "ebitda": -76035000,
        "ebitdaratio": -0.2659914992,
        "operatingIncome": 59827000,
        "operatingIncomeRatio": 0.209291424,
        "totalOtherIncomeExpensesNet": 5012000,
        "incomeBeforeTax": 64839000,
        "incomeBeforeTaxRatio": 0.2268247888,
        "incomeTaxExpense": 5012000,
        "netIncome": -83817000,
        "netIncomeRatio": -0.2932150916,
        "eps": -0.65,
        "epsdiluted": -0.64,
        "weightedAverageShsOut": 128484000,
        "weightedAverageShsOutDil": 130827000,
        "link": "https://www.sec.gov/Archives/edgar/data/1020416/000104746906015287/0001047469-06-015287-index.html",
        "finalLink": "https://www.sec.gov/Archives/edgar/data/1020416/000104746906015287/a2175331z10-q.htm"
    },
    {
        "date": "2006-06-30",
        "symbol": "MWW",
        "reportedCurrency": "USD",
        "cik": "0001020416",
        "fillingDate": "2006-12-13",
        "acceptedDate": "2006-12-13 06:42:05",
        "calendarYear": "2006",
        "period": "Q2",
        "revenue": 4053000,
        "costOfRevenue": 0,
        "grossProfit": 4053000,
        "grossProfitRatio": 1,
        "researchAndDevelopmentExpenses": 0,
        "generalAndAdministrativeExpenses": 0,
        "sellingAndMarketingExpenses": 7287000,
        "sellingGeneralAndAdministrativeExpenses": -971000,
        "otherExpenses": 0,
        "operatingExpenses": -971000,
        "costAndExpenses": -971000,
        "interestIncome": 0,
        "interestExpense": 0,
        "depreciationAndAmortization": 11539000,
        "ebitda": 8894000,
        "ebitdaratio": 2.1944238835,
        "operatingIncome": 5024000,
        "operatingIncomeRatio": 1.239575623,
        "totalOtherIncomeExpensesNet": 802000,
        "incomeBeforeTax": 5826000,
        "incomeBeforeTaxRatio": 1.437453738,
        "incomeTaxExpense": 802000,
        "netIncome": -2645000,
        "netIncomeRatio": -0.6526030101,
        "eps": -0.0206,
        "epsdiluted": -0.0206,
        "weightedAverageShsOut": 128551000,
        "weightedAverageShsOutDil": 128551000,
        "link": "https://www.sec.gov/Archives/edgar/data/1020416/000104746906014957/0001047469-06-014957-index.htm",
        "finalLink": "https://www.sec.gov/Archives/edgar/data/1020416/000104746906014957/a2175090z10-q.htm"
    },
    {
        "date": "2006-03-31",
        "symbol": "MWW",
        "reportedCurrency": "USD",
        "cik": "0001020416",
        "fillingDate": "2006-05-10",
        "acceptedDate": "2006-05-10 16:31:08",
        "calendarYear": "2006",
        "period": "Q1",
        "revenue": 291747000,
        "costOfRevenue": 0,
        "grossProfit": 291747000,
        "grossProfitRatio": 1,
        "researchAndDevelopmentExpenses": 0,
        "generalAndAdministrativeExpenses": 168152000,
        "sellingAndMarketingExpenses": 66117000,
        "sellingGeneralAndAdministrativeExpenses": 234269000,
        "otherExpenses": 0,
        "operatingExpenses": 234269000,
        "costAndExpenses": 234269000,
        "interestIncome": 0,
        "interestExpense": 0,
        "depreciationAndAmortization": 10694000,
        "ebitda": 52956000,
        "ebitdaratio": 0.1815134346,
        "operatingIncome": 57478000,
        "operatingIncomeRatio": 0.1970131655,
        "totalOtherIncomeExpensesNet": 3342000,
        "incomeBeforeTax": 60820000,
        "incomeBeforeTaxRatio": 0.2084682962,
        "incomeTaxExpense": 3342000,
        "netIncome": 42262000,
        "netIncomeRatio": 0.1448583876,
        "eps": 0.33,
        "epsdiluted": 0.32,
        "weightedAverageShsOut": 126753000,
        "weightedAverageShsOutDil": 130619000,
        "link": "https://www.sec.gov/Archives/edgar/data/1020416/000110465906033333/0001104659-06-033333-index.htm",
        "finalLink": "https://www.sec.gov/Archives/edgar/data/1020416/000110465906033333/a06-11003_110q.htm"
    },
    {
        "date": "2005-12-31",
        "symbol": "MWW",
        "reportedCurrency": "USD",
        "cik": "0001020416",
        "fillingDate": "2006-02-16",
        "acceptedDate": "2006-02-16 17:17:51",
        "calendarYear": "2005",
        "period": "Q4",
        "revenue": 23402000,
        "costOfRevenue": 0,
        "grossProfit": 23402000,
        "grossProfitRatio": 1,
        "researchAndDevelopmentExpenses": 0,
        "generalAndAdministrativeExpenses": 0,
        "sellingAndMarketingExpenses": 0,
        "sellingGeneralAndAdministrativeExpenses": 29989000,
        "otherExpenses": 0,
        "operatingExpenses": 29989000,
        "costAndExpenses": 29989000,
        "interestIncome": 0,
        "interestExpense": 0,
        "depreciationAndAmortization": 10211000,
        "ebitda": -552000,
        "ebitdaratio": -0.0235877275,
        "operatingIncome": -6587000,
        "operatingIncomeRatio": -0.2814716691,
        "totalOtherIncomeExpensesNet": -4176000,
        "incomeBeforeTax": -10763000,
        "incomeBeforeTaxRatio": -0.4599179557,
        "incomeTaxExpense": -4176000,
        "netIncome": -6587000,
        "netIncomeRatio": -0.2814716691,
        "eps": -0.0543,
        "epsdiluted": -0.0532,
        "weightedAverageShsOut": 121283000,
        "weightedAverageShsOutDil": 123798000,
        "link": "https://www.sec.gov/Archives/edgar/data/1020416/000104746906002102/0001047469-06-002102-index.htm",
        "finalLink": "https://www.sec.gov/Archives/edgar/data/1020416/000104746906002102/a2167555z10-k.htm"
    },
    {
        "date": "2005-09-30",
        "symbol": "MWW",
        "reportedCurrency": "USD",
        "cik": "0001020416",
        "fillingDate": "2005-11-03",
        "acceptedDate": "2005-11-03 15:22:36",
        "calendarYear": "2005",
        "period": "Q3",
        "revenue": 249288000,
        "costOfRevenue": 0,
        "grossProfit": 249288000,
        "grossProfitRatio": 1,
        "researchAndDevelopmentExpenses": 0,
        "generalAndAdministrativeExpenses": 155263000,
        "sellingAndMarketingExpenses": 46296000,
        "sellingGeneralAndAdministrativeExpenses": 201559000,
        "otherExpenses": 0,
        "operatingExpenses": 201559000,
        "costAndExpenses": 201559000,
        "interestIncome": 0,
        "interestExpense": 0,
        "depreciationAndAmortization": 9285000,
        "ebitda": 40106000,
        "ebitdaratio": 0.1608821925,
        "operatingIncome": 47729000,
        "operatingIncomeRatio": 0.1914612817,
        "totalOtherIncomeExpensesNet": 715000,
        "incomeBeforeTax": 48444000,
        "incomeBeforeTaxRatio": 0.1943294503,
        "incomeTaxExpense": 715000,
        "netIncome": 30821000,
        "netIncomeRatio": 0.1236361157,
        "eps": 0.25,
        "epsdiluted": 0.25,
        "weightedAverageShsOut": 121283000,
        "weightedAverageShsOutDil": 123798000,
        "link": "https://www.sec.gov/Archives/edgar/data/1020416/000110465905052300/0001104659-05-052300-index.htm",
        "finalLink": "https://www.sec.gov/Archives/edgar/data/1020416/000110465905052300/a05-18942_210q.htm"
    },
    {
        "date": "2005-06-30",
        "symbol": "MWW",
        "reportedCurrency": "USD",
        "cik": "0001020416",
        "fillingDate": "2005-08-08",
        "acceptedDate": "2005-08-08 12:58:25",
        "calendarYear": "2005",
        "period": "Q2",
        "revenue": 224094000,
        "costOfRevenue": 0,
        "grossProfit": 224094000,
        "grossProfitRatio": 1,
        "researchAndDevelopmentExpenses": 0,
        "generalAndAdministrativeExpenses": 101440000,
        "sellingAndMarketingExpenses": 80256000,
        "sellingGeneralAndAdministrativeExpenses": 181696000,
        "otherExpenses": 0,
        "operatingExpenses": 181696000,
        "costAndExpenses": 181696000,
        "interestIncome": 0,
        "interestExpense": 0,
        "depreciationAndAmortization": 8131000,
        "ebitda": 27707000,
        "ebitdaratio": 0.1236400796,
        "operatingIncome": 42398000,
        "operatingIncomeRatio": 0.1891973904,
        "totalOtherIncomeExpensesNet": 13538000,
        "incomeBeforeTax": 55936000,
        "incomeBeforeTaxRatio": 0.2496095389,
        "incomeTaxExpense": 13538000,
        "netIncome": 19576000,
        "netIncomeRatio": 0.0873561987,
        "eps": 0.16,
        "epsdiluted": 0.16,
        "weightedAverageShsOut": 120853000,
        "weightedAverageShsOutDil": 123320000,
        "link": "https://www.sec.gov/Archives/edgar/data/1020416/000110465905037156/0001104659-05-037156-index.htm",
        "finalLink": "https://www.sec.gov/Archives/edgar/data/1020416/000110465905037156/a05-14261_110q.htm"
    },
    {
        "date": "2005-03-31",
        "symbol": "MWW",
        "reportedCurrency": "USD",
        "cik": "0001020416",
        "fillingDate": "2005-05-06",
        "acceptedDate": "2005-05-06 15:41:14",
        "calendarYear": "2005",
        "period": "Q1",
        "revenue": 246938000,
        "costOfRevenue": 0,
        "grossProfit": 246938000,
        "grossProfitRatio": 1,
        "researchAndDevelopmentExpenses": 0,
        "generalAndAdministrativeExpenses": 197924000,
        "sellingAndMarketingExpenses": 15882000,
        "sellingGeneralAndAdministrativeExpenses": 213806000,
        "otherExpenses": 0,
        "operatingExpenses": 213806000,
        "costAndExpenses": 213806000,
        "interestIncome": 0,
        "interestExpense": 0,
        "depreciationAndAmortization": 10328000,
        "ebitda": 30898000,
        "ebitdaratio": 0.1251245252,
        "operatingIncome": 33132000,
        "operatingIncomeRatio": 0.1341713305,
        "totalOtherIncomeExpensesNet": -12562000,
        "incomeBeforeTax": 20570000,
        "incomeBeforeTaxRatio": 0.0833002616,
        "incomeTaxExpense": 0,
        "netIncome": 20570000,
        "netIncomeRatio": 0.0833002616,
        "eps": 0.17,
        "epsdiluted": 0.17,
        "weightedAverageShsOut": 117738000,
        "weightedAverageShsOutDil": 117738000,
        "link": "https://www.sec.gov/Archives/edgar/data/1020416/000104746905013804/0001047469-05-013804-index.htm",
        "finalLink": "https://www.sec.gov/Archives/edgar/data/1020416/000104746905013804/a2157593z10-q.htm"
    },
    {
        "date": "2004-12-31",
        "symbol": "MWW",
        "reportedCurrency": "USD",
        "cik": "0001020416",
        "fillingDate": "2005-03-04",
        "acceptedDate": "2005-03-04 15:34:15",
        "calendarYear": "2004",
        "period": "Q4",
        "revenue": 618397000,
        "costOfRevenue": 0,
        "grossProfit": 618397000,
        "grossProfitRatio": 1,
        "researchAndDevelopmentExpenses": 0,
        "generalAndAdministrativeExpenses": 419194000,
        "sellingAndMarketingExpenses": 116538000,
        "sellingGeneralAndAdministrativeExpenses": 535732000,
        "otherExpenses": 0,
        "operatingExpenses": 535732000,
        "costAndExpenses": 535732000,
        "interestIncome": 0,
        "interestExpense": 693000,
        "depreciationAndAmortization": 9267000,
        "ebitda": 51755000,
        "ebitdaratio": 0.0836921913,
        "operatingIncome": 82665000,
        "operatingIncomeRatio": 0.133676263,
        "totalOtherIncomeExpensesNet": -951000,
        "incomeBeforeTax": 81714000,
        "incomeBeforeTaxRatio": 0.1321384159,
        "incomeTaxExpense": -258000,
        "netIncome": 41795000,
        "netIncomeRatio": 0.0675860329,
        "eps": 0.35,
        "epsdiluted": 0.35,
        "weightedAverageShsOut": 117738000,
        "weightedAverageShsOutDil": 117738000,
        "link": "https://www.sec.gov/Archives/edgar/data/1020416/000104746905005443/0001047469-05-005443-index.html",
        "finalLink": "https://www.sec.gov/Archives/edgar/data/1020416/000104746905005443/a2152896z10-k.htm"
    },
    {
        "date": "2004-09-30",
        "symbol": "MWW",
        "reportedCurrency": "USD",
        "cik": "0001020416",
        "fillingDate": "2004-11-05",
        "acceptedDate": "2004-11-05 16:14:39",
        "calendarYear": "2004",
        "period": "Q3",
        "revenue": 17738000,
        "costOfRevenue": 0,
        "grossProfit": 17738000,
        "grossProfitRatio": 1,
        "researchAndDevelopmentExpenses": 0,
        "generalAndAdministrativeExpenses": 13877000,
        "sellingAndMarketingExpenses": -1993000,
        "sellingGeneralAndAdministrativeExpenses": 11884000,
        "otherExpenses": 0,
        "operatingExpenses": 11884000,
        "costAndExpenses": 11884000,
        "interestIncome": 0,
        "interestExpense": 0,
        "depreciationAndAmortization": 10961000,
        "ebitda": 26030000,
        "ebitdaratio": 1.4674709663,
        "operatingIncome": 5854000,
        "operatingIncomeRatio": 0.330025933,
        "totalOtherIncomeExpensesNet": 222000,
        "incomeBeforeTax": 6076000,
        "incomeBeforeTaxRatio": 0.3425414365,
        "incomeTaxExpense": 222000,
        "netIncome": 15069000,
        "netIncomeRatio": 0.849532078,
        "eps": 0.13,
        "epsdiluted": 0.13,
        "weightedAverageShsOut": 118584000,
        "weightedAverageShsOutDil": 120351000,
        "link": "https://www.sec.gov/Archives/edgar/data/1020416/000104746904033237/0001047469-04-033237-index.html",
        "finalLink": "https://www.sec.gov/Archives/edgar/data/1020416/000104746904033237/a2146121z10-q.htm"
    },
    {
        "date": "2004-06-30",
        "symbol": "MWW",
        "reportedCurrency": "USD",
        "cik": "0001020416",
        "fillingDate": "2004-08-06",
        "acceptedDate": "2004-08-06 16:00:15",
        "calendarYear": "2004",
        "period": "Q2",
        "revenue": 21651000,
        "costOfRevenue": 0,
        "grossProfit": 21651000,
        "grossProfitRatio": 1,
        "researchAndDevelopmentExpenses": 0,
        "generalAndAdministrativeExpenses": 15097000,
        "sellingAndMarketingExpenses": 537000,
        "sellingGeneralAndAdministrativeExpenses": 15634000,
        "otherExpenses": 0,
        "operatingExpenses": 15634000,
        "costAndExpenses": 15634000,
        "interestIncome": 0,
        "interestExpense": 0,
        "depreciationAndAmortization": 9281000,
        "ebitda": 13116000,
        "ebitdaratio": 0.6057918803,
        "operatingIncome": 6017000,
        "operatingIncomeRatio": 0.2779086416,
        "totalOtherIncomeExpensesNet": -209000,
        "incomeBeforeTax": 5808000,
        "incomeBeforeTaxRatio": 0.2682555078,
        "incomeTaxExpense": -209000,
        "netIncome": 3835000,
        "netIncomeRatio": 0.1771280772,
        "eps": 0.0327,
        "epsdiluted": 0.0327,
        "weightedAverageShsOut": 117431000,
        "weightedAverageShsOutDil": 117431000,
        "link": "https://www.sec.gov/Archives/edgar/data/1020416/000104746904025646/0001047469-04-025646-index.html",
        "finalLink": "https://www.sec.gov/Archives/edgar/data/1020416/000104746904025646/a2141535z10-q.htm"
    },
    {
        "date": "2004-03-31",
        "symbol": "MWW",
        "reportedCurrency": "USD",
        "cik": "0001020416",
        "fillingDate": "2004-05-06",
        "acceptedDate": "2004-05-06 15:41:40",
        "calendarYear": "2004",
        "period": "Q1",
        "revenue": 187733000,
        "costOfRevenue": 0,
        "grossProfit": 187733000,
        "grossProfitRatio": 1,
        "researchAndDevelopmentExpenses": 0,
        "generalAndAdministrativeExpenses": 128958000,
        "sellingAndMarketingExpenses": 38985000,
        "sellingGeneralAndAdministrativeExpenses": 167943000,
        "otherExpenses": 0,
        "operatingExpenses": 167943000,
        "costAndExpenses": 167943000,
        "interestIncome": 0,
        "interestExpense": 0,
        "depreciationAndAmortization": 8114000,
        "ebitda": 20519000,
        "ebitdaratio": 0.1092988446,
        "operatingIncome": 19790000,
        "operatingIncomeRatio": 0.1054156701,
        "totalOtherIncomeExpensesNet": -365000,
        "incomeBeforeTax": 19425000,
        "incomeBeforeTaxRatio": 0.1034714195,
        "incomeTaxExpense": -365000,
        "netIncome": 12405000,
        "netIncomeRatio": 0.0660778872,
        "eps": 0.11,
        "epsdiluted": 0.11,
        "weightedAverageShsOut": 115533000,
        "weightedAverageShsOutDil": 118030000,
        "link": "https://www.sec.gov/Archives/edgar/data/1020416/000104746904016192/0001047469-04-016192-index.html",
        "finalLink": "https://www.sec.gov/Archives/edgar/data/1020416/000104746904016192/a2135892z10-q.htm"
    },
    {
        "date": "2003-12-31",
        "symbol": "MWW",
        "reportedCurrency": "USD",
        "cik": "0001020416",
        "fillingDate": "2004-03-05",
        "acceptedDate": "2004-03-05 15:06:57",
        "calendarYear": "2003",
        "period": "Q4",
        "revenue": 505990000,
        "costOfRevenue": 0,
        "grossProfit": 505990000,
        "grossProfitRatio": 1,
        "researchAndDevelopmentExpenses": 0,
        "generalAndAdministrativeExpenses": 409334000,
        "sellingAndMarketingExpenses": 92036000,
        "sellingGeneralAndAdministrativeExpenses": 501370000,
        "otherExpenses": 0,
        "operatingExpenses": 501370000,
        "costAndExpenses": 501370000,
        "interestIncome": 0,
        "interestExpense": 762000,
        "depreciationAndAmortization": 7706000,
        "ebitda": -85619000,
        "ebitdaratio": -0.169210854,
        "operatingIncome": 25466000,
        "operatingIncomeRatio": 0.0503290579,
        "totalOtherIncomeExpensesNet": -14068000,
        "incomeBeforeTax": 11398000,
        "incomeBeforeTaxRatio": 0.0225261369,
        "incomeTaxExpense": -13306000,
        "netIncome": -94087000,
        "netIncomeRatio": -0.1859463626,
        "eps": -0.84,
        "epsdiluted": -0.82,
        "weightedAverageShsOut": 112124000,
        "weightedAverageShsOutDil": 114087000,
        "link": "https://www.sec.gov/Archives/edgar/data/1020416/000104746904006735/0001047469-04-006735-index.html",
        "finalLink": "https://www.sec.gov/Archives/edgar/data/1020416/000104746904006735/a2130074z10-k.htm"
    },
    {
        "date": "2003-09-30",
        "symbol": "MWW",
        "reportedCurrency": "USD",
        "cik": "0001020416",
        "fillingDate": "2003-11-14",
        "acceptedDate": "2003-11-14 13:41:24",
        "calendarYear": "2003",
        "period": "Q3",
        "revenue": 6487000,
        "costOfRevenue": 0,
        "grossProfit": 6487000,
        "grossProfitRatio": 1,
        "researchAndDevelopmentExpenses": 0,
        "generalAndAdministrativeExpenses": 4859000,
        "sellingAndMarketingExpenses": -3117000,
        "sellingGeneralAndAdministrativeExpenses": 1742000,
        "otherExpenses": 0,
        "operatingExpenses": 1742000,
        "costAndExpenses": 1742000,
        "interestIncome": 0,
        "interestExpense": -232000,
        "depreciationAndAmortization": 7242000,
        "ebitda": 3867000,
        "ebitdaratio": 0.5961153075,
        "operatingIncome": -16101000,
        "operatingIncomeRatio": -2.4820410051,
        "totalOtherIncomeExpensesNet": 13080000,
        "incomeBeforeTax": -3021000,
        "incomeBeforeTaxRatio": -0.465700632,
        "incomeTaxExpense": -5719000,
        "netIncome": 2576000,
        "netIncomeRatio": 0.3971018961,
        "eps": 0.0229,
        "epsdiluted": 0.0224,
        "weightedAverageShsOut": 112342000,
        "weightedAverageShsOutDil": 115249000,
        "link": "https://www.sec.gov/Archives/edgar/data/1020416/000104746903037447/0001047469-03-037447-index.html",
        "finalLink": "https://www.sec.gov/Archives/edgar/data/1020416/000104746903037447/a2122410z10-q.htm"
    },
    {
        "date": "2003-06-30",
        "symbol": "MWW",
        "reportedCurrency": "USD",
        "cik": "0001020416",
        "fillingDate": "2003-08-13",
        "acceptedDate": "2003-08-13 15:11:21",
        "calendarYear": "2003",
        "period": "Q2",
        "revenue": 167163000,
        "costOfRevenue": 0,
        "grossProfit": 167163000,
        "grossProfitRatio": 1,
        "researchAndDevelopmentExpenses": 0,
        "generalAndAdministrativeExpenses": 118174000,
        "sellingAndMarketingExpenses": -469000,
        "sellingGeneralAndAdministrativeExpenses": 117705000,
        "otherExpenses": 0,
        "operatingExpenses": 117705000,
        "costAndExpenses": 117705000,
        "interestIncome": 0,
        "interestExpense": -689000,
        "depreciationAndAmortization": 5661000,
        "ebitda": 140277000,
        "ebitdaratio": 0.8391629727,
        "operatingIncome": 47981000,
        "operatingIncomeRatio": 0.287031221,
        "totalOtherIncomeExpensesNet": 689000,
        "incomeBeforeTax": 48670000,
        "incomeBeforeTaxRatio": 0.2911529465,
        "incomeTaxExpense": 9790000,
        "netIncome": 125515000,
        "netIncomeRatio": 0.7508539569,
        "eps": 1.12,
        "epsdiluted": 1.1,
        "weightedAverageShsOut": 111860000,
        "weightedAverageShsOutDil": 113636000,
        "link": "https://www.sec.gov/Archives/edgar/data/1020416/000104746903027398/0001047469-03-027398-index.html",
        "finalLink": "https://www.sec.gov/Archives/edgar/data/1020416/000104746903027398/a2116633z10-q.htm"
    },
    {
        "date": "2003-03-31",
        "symbol": "MWW",
        "reportedCurrency": "USD",
        "cik": "0001020416",
        "fillingDate": "2003-05-14",
        "acceptedDate": "2003-05-14 16:32:33",
        "calendarYear": "2003",
        "period": "Q1",
        "revenue": 0,
        "costOfRevenue": 0,
        "grossProfit": 0,
        "grossProfitRatio": 0,
        "researchAndDevelopmentExpenses": 0,
        "generalAndAdministrativeExpenses": 0,
        "sellingAndMarketingExpenses": 34018000,
        "sellingGeneralAndAdministrativeExpenses": 34018000,
        "otherExpenses": 0,
        "operatingExpenses": 34018000,
        "costAndExpenses": 34018000,
        "interestIncome": 0,
        "interestExpense": 885000,
        "depreciationAndAmortization": 7440000,
        "ebitda": -111614000,
        "ebitdaratio": 0,
        "operatingIncome": -32541000,
        "operatingIncomeRatio": 0,
        "totalOtherIncomeExpensesNet": -885000,
        "incomeBeforeTax": -33426000,
        "incomeBeforeTaxRatio": 0,
        "incomeTaxExpense": -4071000,
        "netIncome": -115868000,
        "netIncomeRatio": 0,
        "eps": -1.04,
        "epsdiluted": -1.04,
        "weightedAverageShsOut": 111455000,
        "weightedAverageShsOutDil": 111455000,
        "link": "https://www.sec.gov/Archives/edgar/data/1020416/000104746903018468/0001047469-03-018468-index.html",
        "finalLink": "https://www.sec.gov/Archives/edgar/data/1020416/000104746903018468/a2110466z10-q.htm"
    },
    {
        "date": "2002-12-31",
        "symbol": "MWW",
        "reportedCurrency": "USD",
        "cik": "0001020416",
        "fillingDate": "2003-03-28",
        "acceptedDate": "2003-03-28 13:09:32",
        "calendarYear": "2002",
        "period": "Q4",
        "revenue": 0,
        "costOfRevenue": 0,
        "grossProfit": 0,
        "grossProfitRatio": 0,
        "researchAndDevelopmentExpenses": 0,
        "generalAndAdministrativeExpenses": 39508000,
        "sellingAndMarketingExpenses": 733584000,
        "sellingGeneralAndAdministrativeExpenses": 773092000,
        "otherExpenses": 0,
        "operatingExpenses": 773092000,
        "costAndExpenses": 773092000,
        "interestIncome": 0,
        "interestExpense": 0,
        "depreciationAndAmortization": 12467000,
        "ebitda": 58685000,
        "ebitdaratio": 0,
        "operatingIncome": 81383000,
        "operatingIncomeRatio": 0,
        "totalOtherIncomeExpensesNet": -35165000,
        "incomeBeforeTax": 46218000,
        "incomeBeforeTaxRatio": 0,
        "incomeTaxExpense": 0,
        "netIncome": 46218000,
        "netIncomeRatio": 0,
        "eps": 0.51,
        "epsdiluted": 0.51,
        "weightedAverageShsOut": 90624000,
        "weightedAverageShsOutDil": 90624000,
        "link": "https://www.sec.gov/Archives/edgar/data/1020416/000104746903010791/0001047469-03-010791-index.html",
        "finalLink": "https://www.sec.gov/Archives/edgar/data/1020416/000104746903010791/a2105769z10-k.htm"
    },
    {
        "date": "2002-09-30",
        "symbol": "MWW",
        "reportedCurrency": "USD",
        "cik": "0001020416",
        "fillingDate": "2002-11-14",
        "acceptedDate": "2002-11-14 19:15:34",
        "calendarYear": "2002",
        "period": "Q3",
        "revenue": 0,
        "costOfRevenue": 0,
        "grossProfit": 0,
        "grossProfitRatio": 0,
        "researchAndDevelopmentExpenses": 0,
        "generalAndAdministrativeExpenses": 224514000,
        "sellingAndMarketingExpenses": 40346000,
        "sellingGeneralAndAdministrativeExpenses": 264860000,
        "otherExpenses": 0,
        "operatingExpenses": 264860000,
        "costAndExpenses": 264860000,
        "interestIncome": 0,
        "interestExpense": -473000,
        "depreciationAndAmortization": 14263000,
        "ebitda": 33427000,
        "ebitdaratio": 0,
        "operatingIncome": 19164000,
        "operatingIncomeRatio": 0,
        "totalOtherIncomeExpensesNet": 473000,
        "incomeBeforeTax": 19637000,
        "incomeBeforeTaxRatio": 0,
        "incomeTaxExpense": 6131000,
        "netIncome": 13506000,
        "netIncomeRatio": 0,
        "eps": 0.12,
        "epsdiluted": 0.12,
        "weightedAverageShsOut": 111519000,
        "weightedAverageShsOutDil": 112076000,
        "link": "https://www.sec.gov/Archives/edgar/data/1020416/000091205702042578/0000912057-02-042578-index.html",
        "finalLink": "https://www.sec.gov/Archives/edgar/data/1020416/000091205702042578/a2092871z10-q.htm"
    },
    {
        "date": "2002-06-30",
        "symbol": "MWW",
        "reportedCurrency": "USD",
        "cik": "0001020416",
        "fillingDate": "2002-08-14",
        "acceptedDate": "2002-08-14 15:20:35",
        "calendarYear": "2002",
        "period": "Q2",
        "revenue": 0,
        "costOfRevenue": 0,
        "grossProfit": 0,
        "grossProfitRatio": 0,
        "researchAndDevelopmentExpenses": 0,
        "generalAndAdministrativeExpenses": 347622000000,
        "sellingAndMarketingExpenses": 34406000000,
        "sellingGeneralAndAdministrativeExpenses": 382028000000,
        "otherExpenses": 0,
        "operatingExpenses": 382028000000,
        "costAndExpenses": 382028000000,
        "interestIncome": 0,
        "interestExpense": 0,
        "depreciationAndAmortization": 14120000000,
        "ebitda": -76948000000,
        "ebitdaratio": 0,
        "operatingIncome": -91068000000,
        "operatingIncomeRatio": 0,
        "totalOtherIncomeExpensesNet": 0,
        "incomeBeforeTax": -91068000000,
        "incomeBeforeTaxRatio": 0,
        "incomeTaxExpense": -14354000000,
        "netIncome": -76714000000,
        "netIncomeRatio": 0,
        "eps": -688.64,
        "epsdiluted": -688.64,
        "weightedAverageShsOut": 111399000,
        "weightedAverageShsOutDil": 111399000,
        "link": "https://www.sec.gov/Archives/edgar/data/1020416/000091205702032067/0000912057-02-032067-index.html",
        "finalLink": "https://www.sec.gov/Archives/edgar/data/1020416/000091205702032067/a2086417z10-q.htm"
    }
]