[
    {
        "date": "2025-09-30",
        "symbol": "NAVI",
        "reportedCurrency": "USD",
        "cik": "0001593538",
        "fillingDate": "2025-10-29",
        "acceptedDate": "2025-10-29 16:19:29",
        "calendarYear": "2025",
        "period": "Q3",
        "revenue": 781000000,
        "costOfRevenue": 32000000,
        "grossProfit": 749000000,
        "grossProfitRatio": 0.9590268886,
        "researchAndDevelopmentExpenses": 0,
        "generalAndAdministrativeExpenses": 0,
        "sellingAndMarketingExpenses": 0,
        "sellingGeneralAndAdministrativeExpenses": 0,
        "otherExpenses": 105000000,
        "operatingExpenses": 105000000,
        "costAndExpenses": 137000000,
        "interestIncome": 0,
        "interestExpense": 639000000,
        "depreciationAndAmortization": 0,
        "ebitda": 644000000,
        "ebitdaratio": 0.8245838668,
        "operatingIncome": 644000000,
        "operatingIncomeRatio": 0.8245838668,
        "totalOtherIncomeExpensesNet": -761000000,
        "incomeBeforeTax": -117000000,
        "incomeBeforeTaxRatio": -0.1498079385,
        "incomeTaxExpense": -31000000,
        "netIncome": -86000000,
        "netIncomeRatio": -0.1101152369,
        "eps": -0.87,
        "epsdiluted": -0.87,
        "weightedAverageShsOut": 98851000,
        "weightedAverageShsOutDil": 98851000,
        "link": "https://www.sec.gov/Archives/edgar/data/1593538/000119312525256361/0001193125-25-256361-index.htm",
        "finalLink": "https://www.sec.gov/Archives/edgar/data/1593538/000119312525256361/navi-20250930.htm"
    },
    {
        "date": "2025-06-30",
        "symbol": "NAVI",
        "reportedCurrency": "USD",
        "cik": "0001593538",
        "fillingDate": "2025-07-30",
        "acceptedDate": "2025-07-30 16:13:41",
        "calendarYear": "2025",
        "period": "Q2",
        "revenue": 806000000,
        "costOfRevenue": 687000000,
        "grossProfit": 119000000,
        "grossProfitRatio": 0.1476426799,
        "researchAndDevelopmentExpenses": 0,
        "generalAndAdministrativeExpenses": 35000000,
        "sellingAndMarketingExpenses": 0,
        "sellingGeneralAndAdministrativeExpenses": 35000000,
        "otherExpenses": 66000000,
        "operatingExpenses": 101000000,
        "costAndExpenses": 788000000,
        "interestIncome": 778000000,
        "interestExpense": 650000000,
        "depreciationAndAmortization": 1000000,
        "ebitda": 673000000,
        "ebitdaratio": 0.8349875931,
        "operatingIncome": 18000000,
        "operatingIncomeRatio": 0.0223325062,
        "totalOtherIncomeExpensesNet": 0,
        "incomeBeforeTax": 18000000,
        "incomeBeforeTaxRatio": 0.0223325062,
        "incomeTaxExpense": 4000000,
        "netIncome": 14000000,
        "netIncomeRatio": 0.017369727,
        "eps": 0.14,
        "epsdiluted": 0.14,
        "weightedAverageShsOut": 100000000,
        "weightedAverageShsOutDil": 101000000,
        "link": "https://www.sec.gov/Archives/edgar/data/1593538/000095017025100241/0000950170-25-100241-index.htm",
        "finalLink": "https://www.sec.gov/Archives/edgar/data/1593538/000095017025100241/navi-20250630.htm"
    },
    {
        "date": "2025-03-31",
        "symbol": "NAVI",
        "reportedCurrency": "USD",
        "cik": "0001593538",
        "fillingDate": "2025-04-30",
        "acceptedDate": "2025-04-30 16:20:58",
        "calendarYear": "2025",
        "period": "Q1",
        "revenue": 828000000,
        "costOfRevenue": 49000000,
        "grossProfit": 753000000,
        "grossProfitRatio": 0.9094202899,
        "researchAndDevelopmentExpenses": 0,
        "generalAndAdministrativeExpenses": 49000000,
        "sellingAndMarketingExpenses": 0,
        "sellingGeneralAndAdministrativeExpenses": 49000000,
        "otherExpenses": 78000000,
        "operatingExpenses": 127000000,
        "costAndExpenses": 164000000,
        "interestIncome": 802000000,
        "interestExpense": 672000000,
        "depreciationAndAmortization": 1000000,
        "ebitda": 677000000,
        "ebitdaratio": 0.8176328502,
        "operatingIncome": 626000000,
        "operatingIncomeRatio": 0.7560386473,
        "totalOtherIncomeExpensesNet": -631000000,
        "incomeBeforeTax": -5000000,
        "incomeBeforeTaxRatio": -0.0060386473,
        "incomeTaxExpense": -3000000,
        "netIncome": -2000000,
        "netIncomeRatio": -0.0024154589,
        "eps": -0.0196,
        "epsdiluted": -0.0196,
        "weightedAverageShsOut": 102000000,
        "weightedAverageShsOutDil": 102000000,
        "link": "https://www.sec.gov/Archives/edgar/data/1593538/000095017025061089/0000950170-25-061089-index.htm",
        "finalLink": "https://www.sec.gov/Archives/edgar/data/1593538/000095017025061089/navi-20250331.htm"
    },
    {
        "date": "2024-12-31",
        "symbol": "NAVI",
        "reportedCurrency": "USD",
        "cik": "0001593538",
        "fillingDate": "2025-02-27",
        "acceptedDate": "2025-02-27 17:05:52",
        "calendarYear": "2024",
        "period": "Q4",
        "revenue": 977000000,
        "costOfRevenue": -104000000,
        "grossProfit": 699000000,
        "grossProfitRatio": 0.7154554759,
        "researchAndDevelopmentExpenses": 0,
        "generalAndAdministrativeExpenses": 260000000,
        "sellingAndMarketingExpenses": 0,
        "sellingGeneralAndAdministrativeExpenses": 260000000,
        "otherExpenses": 96000000,
        "operatingExpenses": 356000000,
        "costAndExpenses": 252000000,
        "interestIncome": 861000000,
        "interestExpense": 726000000,
        "depreciationAndAmortization": 1000000,
        "ebitda": 797000000,
        "ebitdaratio": 0.8157625384,
        "operatingIncome": 343000000,
        "operatingIncomeRatio": 0.3510747185,
        "totalOtherIncomeExpensesNet": 0,
        "incomeBeforeTax": 26000000,
        "incomeBeforeTaxRatio": 0.0266120778,
        "incomeTaxExpense": 2000000,
        "netIncome": 24000000,
        "netIncomeRatio": 0.0245649949,
        "eps": 0.23,
        "epsdiluted": 0.22,
        "weightedAverageShsOut": 109000000,
        "weightedAverageShsOutDil": 109000000,
        "link": "https://www.sec.gov/Archives/edgar/data/1593538/000095017025029207/0000950170-25-029207-index.htm",
        "finalLink": "https://www.sec.gov/Archives/edgar/data/1593538/000095017025029207/navi-20241231.htm"
    },
    {
        "date": "2024-09-30",
        "symbol": "NAVI",
        "reportedCurrency": "USD",
        "cik": "0001593538",
        "fillingDate": "2024-10-30",
        "acceptedDate": "2024-10-30 16:56:10",
        "calendarYear": "2024",
        "period": "Q3",
        "revenue": 999000000,
        "costOfRevenue": 184000000,
        "grossProfit": 764000000,
        "grossProfitRatio": 0.7647647648,
        "researchAndDevelopmentExpenses": 0,
        "generalAndAdministrativeExpenses": 72000000,
        "sellingAndMarketingExpenses": 0,
        "sellingGeneralAndAdministrativeExpenses": 72000000,
        "otherExpenses": 112000000,
        "operatingExpenses": 184000000,
        "costAndExpenses": 376000000,
        "interestIncome": 948000000,
        "interestExpense": 828000000,
        "depreciationAndAmortization": 140000000,
        "ebitda": 763000000,
        "ebitdaratio": 0.7637637638,
        "operatingIncome": 623000000,
        "operatingIncomeRatio": 0.6236236236,
        "totalOtherIncomeExpensesNet": -611000000,
        "incomeBeforeTax": 12000000,
        "incomeBeforeTaxRatio": 0.012012012,
        "incomeTaxExpense": 14000000,
        "netIncome": -2000000,
        "netIncomeRatio": -0.002002002,
        "eps": -0.0185,
        "epsdiluted": -0.0185,
        "weightedAverageShsOut": 108000000,
        "weightedAverageShsOutDil": 108000000,
        "link": "https://www.sec.gov/Archives/edgar/data/1593538/000095017024119084/0000950170-24-119084-index.htm",
        "finalLink": "https://www.sec.gov/Archives/edgar/data/1593538/000095017024119084/navi-20240930.htm"
    },
    {
        "date": "2024-06-30",
        "symbol": "NAVI",
        "reportedCurrency": "USD",
        "cik": "0001593538",
        "fillingDate": "2024-07-24",
        "acceptedDate": "2024-07-24 16:24:17",
        "calendarYear": "2024",
        "period": "Q2",
        "revenue": 1090000000,
        "costOfRevenue": 857000000,
        "grossProfit": 233000000,
        "grossProfitRatio": 0.2137614679,
        "researchAndDevelopmentExpenses": 0,
        "generalAndAdministrativeExpenses": 87000000,
        "sellingAndMarketingExpenses": 0,
        "sellingGeneralAndAdministrativeExpenses": 87000000,
        "otherExpenses": 98000000,
        "operatingExpenses": 185000000,
        "costAndExpenses": 1042000000,
        "interestIncome": 973000000,
        "interestExpense": 843000000,
        "depreciationAndAmortization": 3000000,
        "ebitda": 921000000,
        "ebitdaratio": 0.8449541284,
        "operatingIncome": 918000000,
        "operatingIncomeRatio": 0.8422018349,
        "totalOtherIncomeExpensesNet": -870000000,
        "incomeBeforeTax": 48000000,
        "incomeBeforeTaxRatio": 0.0440366972,
        "incomeTaxExpense": 12000000,
        "netIncome": 36000000,
        "netIncomeRatio": 0.0330275229,
        "eps": 0.32,
        "epsdiluted": 0.32,
        "weightedAverageShsOut": 111000000,
        "weightedAverageShsOutDil": 112000000,
        "link": "https://www.sec.gov/Archives/edgar/data/1593538/000095017024086072/0000950170-24-086072-index.htm",
        "finalLink": "https://www.sec.gov/Archives/edgar/data/1593538/000095017024086072/navi-20240630.htm"
    },
    {
        "date": "2024-03-31",
        "symbol": "NAVI",
        "reportedCurrency": "USD",
        "cik": "0001593538",
        "fillingDate": "2024-04-24",
        "acceptedDate": "2024-04-24 16:28:07",
        "calendarYear": "2024",
        "period": "Q1",
        "revenue": 1162000000,
        "costOfRevenue": 887000000,
        "grossProfit": 275000000,
        "grossProfitRatio": 0.2366609294,
        "researchAndDevelopmentExpenses": 0,
        "generalAndAdministrativeExpenses": 101000000,
        "sellingAndMarketingExpenses": 0,
        "sellingGeneralAndAdministrativeExpenses": 101000000,
        "otherExpenses": 86000000,
        "operatingExpenses": 187000000,
        "costAndExpenses": 1074000000,
        "interestIncome": 1027000000,
        "interestExpense": 875000000,
        "depreciationAndAmortization": 3000000,
        "ebitda": 975000000,
        "ebitdaratio": 0.839070568,
        "operatingIncome": 972000000,
        "operatingIncomeRatio": 0.8364888124,
        "totalOtherIncomeExpensesNet": 0,
        "incomeBeforeTax": 88000000,
        "incomeBeforeTaxRatio": 0.0757314974,
        "incomeTaxExpense": 15000000,
        "netIncome": 73000000,
        "netIncomeRatio": 0.0628227194,
        "eps": 0.65,
        "epsdiluted": 0.64,
        "weightedAverageShsOut": 113000000,
        "weightedAverageShsOutDil": 114000000,
        "link": "https://www.sec.gov/Archives/edgar/data/1593538/000095017024047619/0000950170-24-047619-index.htm",
        "finalLink": "https://www.sec.gov/Archives/edgar/data/1593538/000095017024047619/navi-20240331.htm"
    },
    {
        "date": "2023-12-31",
        "symbol": "NAVI",
        "reportedCurrency": "USD",
        "cik": "0001593538",
        "fillingDate": "2024-02-26",
        "acceptedDate": "2024-02-26 16:10:10",
        "calendarYear": "2023",
        "period": "Q4",
        "revenue": 1299000000,
        "costOfRevenue": 116000000,
        "grossProfit": 1183000000,
        "grossProfitRatio": 0.9107005389,
        "researchAndDevelopmentExpenses": 0,
        "generalAndAdministrativeExpenses": 302000000,
        "sellingAndMarketingExpenses": -203000000,
        "sellingGeneralAndAdministrativeExpenses": 99000000,
        "otherExpenses": -99000000,
        "operatingExpenses": 0,
        "costAndExpenses": 99000000,
        "interestIncome": 1081000000,
        "interestExpense": 922000000,
        "depreciationAndAmortization": 2000000,
        "ebitda": 1005000000,
        "ebitdaratio": 0.7736720554,
        "operatingIncome": 76000000,
        "operatingIncomeRatio": 0.0585065435,
        "totalOtherIncomeExpensesNet": -112000000,
        "incomeBeforeTax": -36000000,
        "incomeBeforeTaxRatio": -0.0277136259,
        "incomeTaxExpense": -8000000,
        "netIncome": -28000000,
        "netIncomeRatio": -0.0215550423,
        "eps": -0.25,
        "epsdiluted": -0.25,
        "weightedAverageShsOut": 122000000,
        "weightedAverageShsOutDil": 122000000,
        "link": "https://www.sec.gov/Archives/edgar/data/1593538/000095017024020149/0000950170-24-020149-index.htm",
        "finalLink": "https://www.sec.gov/Archives/edgar/data/1593538/000095017024020149/navi-20231231.htm"
    },
    {
        "date": "2023-09-30",
        "symbol": "NAVI",
        "reportedCurrency": "USD",
        "cik": "0001593538",
        "fillingDate": "2023-10-25",
        "acceptedDate": "2023-10-25 17:08:44",
        "calendarYear": "2023",
        "period": "Q3",
        "revenue": 1170000000,
        "costOfRevenue": 233000000,
        "grossProfit": 937000000,
        "grossProfitRatio": 0.8008547009,
        "researchAndDevelopmentExpenses": 0,
        "generalAndAdministrativeExpenses": 99000000,
        "sellingAndMarketingExpenses": 0,
        "sellingGeneralAndAdministrativeExpenses": 99000000,
        "otherExpenses": 0,
        "operatingExpenses": 99000000,
        "costAndExpenses": 332000000,
        "interestIncome": 1170000000,
        "interestExpense": 879000000,
        "depreciationAndAmortization": 3000000,
        "ebitda": 989000000,
        "ebitdaratio": 0.8452991453,
        "operatingIncome": 986000000,
        "operatingIncomeRatio": 0.8427350427,
        "totalOtherIncomeExpensesNet": -594000000,
        "incomeBeforeTax": 110000000,
        "incomeBeforeTaxRatio": 0.094017094,
        "incomeTaxExpense": 31000000,
        "netIncome": 79000000,
        "netIncomeRatio": 0.0675213675,
        "eps": 0.66,
        "epsdiluted": 0.65,
        "weightedAverageShsOut": 120000000,
        "weightedAverageShsOutDil": 121000000,
        "link": "https://www.sec.gov/Archives/edgar/data/1593538/000095017023055266/0000950170-23-055266-index.htm",
        "finalLink": "https://www.sec.gov/Archives/edgar/data/1593538/000095017023055266/navi-20230930.htm"
    },
    {
        "date": "2023-06-30",
        "symbol": "NAVI",
        "reportedCurrency": "USD",
        "cik": "0001593538",
        "fillingDate": "2023-07-26",
        "acceptedDate": "2023-07-26 16:11:29",
        "calendarYear": "2023",
        "period": "Q2",
        "revenue": 1207000000,
        "costOfRevenue": 182000000,
        "grossProfit": 1025000000,
        "grossProfitRatio": 0.8492129246,
        "researchAndDevelopmentExpenses": 0,
        "generalAndAdministrativeExpenses": 98000000,
        "sellingAndMarketingExpenses": 0,
        "sellingGeneralAndAdministrativeExpenses": 98000000,
        "otherExpenses": 209000000,
        "operatingExpenses": 307000000,
        "costAndExpenses": 364000000,
        "interestIncome": 1097000000,
        "interestExpense": 919000000,
        "depreciationAndAmortization": 3000000,
        "ebitda": 977000000,
        "ebitdaratio": 0.8094449047,
        "operatingIncome": 733000000,
        "operatingIncomeRatio": 0.6072908036,
        "totalOtherIncomeExpensesNet": -637000000,
        "incomeBeforeTax": 96000000,
        "incomeBeforeTaxRatio": 0.0795360398,
        "incomeTaxExpense": 30000000,
        "netIncome": 66000000,
        "netIncomeRatio": 0.0546810273,
        "eps": 0.53,
        "epsdiluted": 0.53,
        "weightedAverageShsOut": 124000000,
        "weightedAverageShsOutDil": 125000000,
        "link": "https://www.sec.gov/Archives/edgar/data/1593538/000095017023034719/0000950170-23-034719-index.htm",
        "finalLink": "https://www.sec.gov/Archives/edgar/data/1593538/000095017023034719/navi-20230630.htm"
    },
    {
        "date": "2023-03-31",
        "symbol": "NAVI",
        "reportedCurrency": "USD",
        "cik": "0001593538",
        "fillingDate": "2023-04-26",
        "acceptedDate": "2023-04-26 16:25:30",
        "calendarYear": "2023",
        "period": "Q1",
        "revenue": 1177000000,
        "costOfRevenue": 185000000,
        "grossProfit": 992000000,
        "grossProfitRatio": 0.8428207307,
        "researchAndDevelopmentExpenses": 0,
        "generalAndAdministrativeExpenses": 105000000,
        "sellingAndMarketingExpenses": 0,
        "sellingGeneralAndAdministrativeExpenses": 105000000,
        "otherExpenses": 217000000,
        "operatingExpenses": 322000000,
        "costAndExpenses": 322000000,
        "interestIncome": 1071000000,
        "interestExpense": 837000000,
        "depreciationAndAmortization": 3000000,
        "ebitda": 1000000000,
        "ebitdaratio": 0.849617672,
        "operatingIncome": 981000000,
        "operatingIncomeRatio": 0.8334749363,
        "totalOtherIncomeExpensesNet": -837000000,
        "incomeBeforeTax": 144000000,
        "incomeBeforeTaxRatio": 0.1223449448,
        "incomeTaxExpense": 33000000,
        "netIncome": 111000000,
        "netIncomeRatio": 0.0943075616,
        "eps": 0.86,
        "epsdiluted": 0.85,
        "weightedAverageShsOut": 129000000,
        "weightedAverageShsOutDil": 130000000,
        "link": "https://www.sec.gov/Archives/edgar/data/1593538/000095017023014840/0000950170-23-014840-index.htm",
        "finalLink": "https://www.sec.gov/Archives/edgar/data/1593538/000095017023014840/navi-20230331.htm"
    },
    {
        "date": "2022-12-31",
        "symbol": "NAVI",
        "reportedCurrency": "USD",
        "cik": "0001593538",
        "fillingDate": "2023-02-24",
        "acceptedDate": "2023-02-24 16:09:05",
        "calendarYear": "2022",
        "period": "Q4",
        "revenue": 1145000000,
        "costOfRevenue": 129000000,
        "grossProfit": 1016000000,
        "grossProfitRatio": 0.8873362445,
        "researchAndDevelopmentExpenses": 0,
        "generalAndAdministrativeExpenses": 107000000,
        "sellingAndMarketingExpenses": 0,
        "sellingGeneralAndAdministrativeExpenses": 107000000,
        "otherExpenses": 225000000,
        "operatingExpenses": 332000000,
        "costAndExpenses": 332000000,
        "interestIncome": 1024000000,
        "interestExpense": 801000000,
        "depreciationAndAmortization": 3000000,
        "ebitda": 939000000,
        "ebitdaratio": 0.8200873362,
        "operatingIncome": 914000000,
        "operatingIncomeRatio": 0.7982532751,
        "totalOtherIncomeExpensesNet": -801000000,
        "incomeBeforeTax": 113000000,
        "incomeBeforeTaxRatio": 0.0986899563,
        "incomeTaxExpense": 8000000,
        "netIncome": 105000000,
        "netIncomeRatio": 0.0917030568,
        "eps": 0.79,
        "epsdiluted": 0.78,
        "weightedAverageShsOut": 132911392,
        "weightedAverageShsOutDil": 134000000,
        "link": "https://www.sec.gov/Archives/edgar/data/1593538/000095017023004376/0000950170-23-004376-index.htm",
        "finalLink": "https://www.sec.gov/Archives/edgar/data/1593538/000095017023004376/navi-20221231.htm"
    },
    {
        "date": "2022-09-30",
        "symbol": "NAVI",
        "reportedCurrency": "USD",
        "cik": "0001593538",
        "fillingDate": "2022-10-26",
        "acceptedDate": "2022-10-26 16:21:14",
        "calendarYear": "2022",
        "period": "Q3",
        "revenue": 1029000000,
        "costOfRevenue": 745000000,
        "grossProfit": 284000000,
        "grossProfitRatio": 0.2759961127,
        "researchAndDevelopmentExpenses": 0,
        "generalAndAdministrativeExpenses": 106000000,
        "sellingAndMarketingExpenses": 0,
        "sellingGeneralAndAdministrativeExpenses": 106000000,
        "otherExpenses": 0,
        "operatingExpenses": 194000000,
        "costAndExpenses": 300000000,
        "interestIncome": 881000000,
        "interestExpense": 641000000,
        "depreciationAndAmortization": 10000000,
        "ebitda": 801000000,
        "ebitdaratio": 0.778425656,
        "operatingIncome": 778000000,
        "operatingIncomeRatio": 0.7560738581,
        "totalOtherIncomeExpensesNet": -641000000,
        "incomeBeforeTax": 137000000,
        "incomeBeforeTaxRatio": 0.1331389699,
        "incomeTaxExpense": 32000000,
        "netIncome": 105000000,
        "netIncomeRatio": 0.1020408163,
        "eps": 0.76,
        "epsdiluted": 0.74,
        "weightedAverageShsOut": 139000000,
        "weightedAverageShsOutDil": 141000000,
        "link": "https://www.sec.gov/Archives/edgar/data/1593538/000156459022035265/0001564590-22-035265-index.htm",
        "finalLink": "https://www.sec.gov/Archives/edgar/data/1593538/000156459022035265/navi-10q_20220930.htm"
    },
    {
        "date": "2022-06-30",
        "symbol": "NAVI",
        "reportedCurrency": "USD",
        "cik": "0001593538",
        "fillingDate": "2022-07-27",
        "acceptedDate": "2022-07-27 16:13:19",
        "calendarYear": "2022",
        "period": "Q2",
        "revenue": 841000000,
        "costOfRevenue": 190000000,
        "grossProfit": 651000000,
        "grossProfitRatio": 0.774078478,
        "researchAndDevelopmentExpenses": 0,
        "generalAndAdministrativeExpenses": 110000000,
        "sellingAndMarketingExpenses": 0,
        "sellingGeneralAndAdministrativeExpenses": 110000000,
        "otherExpenses": 345000000,
        "operatingExpenses": 190000000,
        "costAndExpenses": 380000000,
        "interestIncome": 692000000,
        "interestExpense": 371000000,
        "depreciationAndAmortization": 3000000,
        "ebitda": 683000000,
        "ebitdaratio": 0.8121284185,
        "operatingIncome": 615000000,
        "operatingIncomeRatio": 0.7312722949,
        "totalOtherIncomeExpensesNet": -436000000,
        "incomeBeforeTax": 244000000,
        "incomeBeforeTaxRatio": 0.2901307967,
        "incomeTaxExpense": 64000000,
        "netIncome": 180000000,
        "netIncomeRatio": 0.2140309156,
        "eps": 1.23,
        "epsdiluted": 1.22,
        "weightedAverageShsOut": 146000000,
        "weightedAverageShsOutDil": 147000000,
        "link": "https://www.sec.gov/Archives/edgar/data/1593538/000156459022026690/0001564590-22-026690-index.htm",
        "finalLink": "https://www.sec.gov/Archives/edgar/data/1593538/000156459022026690/navi-10q_20220630.htm"
    },
    {
        "date": "2022-03-31",
        "symbol": "NAVI",
        "reportedCurrency": "USD",
        "cik": "0001593538",
        "fillingDate": "2022-04-27",
        "acceptedDate": "2022-04-27 16:16:56",
        "calendarYear": "2022",
        "period": "Q1",
        "revenue": 560000000,
        "costOfRevenue": 205000000,
        "grossProfit": 355000000,
        "grossProfitRatio": 0.6339285714,
        "researchAndDevelopmentExpenses": 0,
        "generalAndAdministrativeExpenses": 120000000,
        "sellingAndMarketingExpenses": 0,
        "sellingGeneralAndAdministrativeExpenses": 120000000,
        "otherExpenses": 440000000,
        "operatingExpenses": 560000000,
        "costAndExpenses": 410000000,
        "interestIncome": 626000000,
        "interestExpense": 289000000,
        "depreciationAndAmortization": 4000000,
        "ebitda": 648000000,
        "ebitdaratio": 1.1571428571,
        "operatingIncome": 621000000,
        "operatingIncomeRatio": 1.1089285714,
        "totalOtherIncomeExpensesNet": -289000000,
        "incomeBeforeTax": 332000000,
        "incomeBeforeTaxRatio": 0.5928571429,
        "incomeTaxExpense": 77000000,
        "netIncome": 255000000,
        "netIncomeRatio": 0.4553571429,
        "eps": 1.69,
        "epsdiluted": 1.67,
        "weightedAverageShsOut": 151000000,
        "weightedAverageShsOutDil": 153000000,
        "link": "https://www.sec.gov/Archives/edgar/data/1593538/000156459022016072/0001564590-22-016072-index.htm",
        "finalLink": "https://www.sec.gov/Archives/edgar/data/1593538/000156459022016072/navi-10q_20220331.htm"
    },
    {
        "date": "2021-12-31",
        "symbol": "NAVI",
        "reportedCurrency": "USD",
        "cik": "0001593538",
        "fillingDate": "2022-02-25",
        "acceptedDate": "2022-02-25 16:26:56",
        "calendarYear": "2021",
        "period": "Q4",
        "revenue": 797000000,
        "costOfRevenue": 473000000,
        "grossProfit": 324000000,
        "grossProfitRatio": 0.4065244668,
        "researchAndDevelopmentExpenses": 0,
        "generalAndAdministrativeExpenses": 136000000,
        "sellingAndMarketingExpenses": 0,
        "sellingGeneralAndAdministrativeExpenses": 136000000,
        "otherExpenses": 384000000,
        "operatingExpenses": 520000000,
        "costAndExpenses": 524000000,
        "interestIncome": 635000000,
        "interestExpense": 321000000,
        "depreciationAndAmortization": 16000000,
        "ebitda": 404000000,
        "ebitdaratio": 0.5069008783,
        "operatingIncome": 312000000,
        "operatingIncomeRatio": 0.391468005,
        "totalOtherIncomeExpensesNet": -396000000,
        "incomeBeforeTax": -8000000,
        "incomeBeforeTaxRatio": -0.0100376412,
        "incomeTaxExpense": 3000000,
        "netIncome": -11000000,
        "netIncomeRatio": -0.0138017566,
        "eps": -0.0715,
        "epsdiluted": -0.0701,
        "weightedAverageShsOut": 151098901,
        "weightedAverageShsOutDil": 153742771,
        "link": "https://www.sec.gov/Archives/edgar/data/1593538/000156459022007182/0001564590-22-007182-index.htm",
        "finalLink": "https://www.sec.gov/Archives/edgar/data/1593538/000156459022007182/navi-10k_20211231.htm"
    },
    {
        "date": "2021-09-30",
        "symbol": "NAVI",
        "reportedCurrency": "USD",
        "cik": "0001593538",
        "fillingDate": "2021-10-27",
        "acceptedDate": "2021-10-27 16:09:10",
        "calendarYear": "2021",
        "period": "Q3",
        "revenue": 660000000,
        "costOfRevenue": 248000000,
        "grossProfit": 412000000,
        "grossProfitRatio": 0.6242424242,
        "researchAndDevelopmentExpenses": 0,
        "generalAndAdministrativeExpenses": 141000000,
        "sellingAndMarketingExpenses": 0,
        "sellingGeneralAndAdministrativeExpenses": 141000000,
        "otherExpenses": 373000000,
        "operatingExpenses": 248000000,
        "costAndExpenses": 514000000,
        "interestIncome": 660000000,
        "interestExpense": 326000000,
        "depreciationAndAmortization": 4000000,
        "ebitda": 570000000,
        "ebitdaratio": 0.8636363636,
        "operatingIncome": 164000000,
        "operatingIncomeRatio": 0.2484848485,
        "totalOtherIncomeExpensesNet": -346000000,
        "incomeBeforeTax": 220000000,
        "incomeBeforeTaxRatio": 0.3333333333,
        "incomeTaxExpense": 47000000,
        "netIncome": 173000000,
        "netIncomeRatio": 0.2621212121,
        "eps": 1.05,
        "epsdiluted": 1.04,
        "weightedAverageShsOut": 165000000,
        "weightedAverageShsOutDil": 167000000,
        "link": "https://www.sec.gov/Archives/edgar/data/1593538/000156459021052315/0001564590-21-052315-index.htm",
        "finalLink": "https://www.sec.gov/Archives/edgar/data/1593538/000156459021052315/navi-10q_20210930.htm"
    },
    {
        "date": "2021-06-30",
        "symbol": "NAVI",
        "reportedCurrency": "USD",
        "cik": "0001593538",
        "fillingDate": "2021-07-28",
        "acceptedDate": "2021-07-28 16:08:38",
        "calendarYear": "2021",
        "period": "Q2",
        "revenue": 661000000,
        "costOfRevenue": 252000000,
        "grossProfit": 409000000,
        "grossProfitRatio": 0.6187594554,
        "researchAndDevelopmentExpenses": 0,
        "generalAndAdministrativeExpenses": 142000000,
        "sellingAndMarketingExpenses": 0,
        "sellingGeneralAndAdministrativeExpenses": 142000000,
        "otherExpenses": 368000000,
        "operatingExpenses": 252000000,
        "costAndExpenses": 504000000,
        "interestIncome": 661000000,
        "interestExpense": 339000000,
        "depreciationAndAmortization": 5000000,
        "ebitda": 598000000,
        "ebitdaratio": 0.9046898638,
        "operatingIncome": 157000000,
        "operatingIncomeRatio": 0.2375189107,
        "totalOtherIncomeExpensesNet": -353000000,
        "incomeBeforeTax": 240000000,
        "incomeBeforeTaxRatio": 0.363086233,
        "incomeTaxExpense": 55000000,
        "netIncome": 185000000,
        "netIncomeRatio": 0.2798789713,
        "eps": 1.07,
        "epsdiluted": 1.05,
        "weightedAverageShsOut": 174000000,
        "weightedAverageShsOutDil": 176000000,
        "link": "https://www.sec.gov/Archives/edgar/data/1593538/000156459021038620/0001564590-21-038620-index.htm",
        "finalLink": "https://www.sec.gov/Archives/edgar/data/1593538/000156459021038620/navi-10q_20210630.htm"
    },
    {
        "date": "2021-03-31",
        "symbol": "NAVI",
        "reportedCurrency": "USD",
        "cik": "0001593538",
        "fillingDate": "2021-04-28",
        "acceptedDate": "2021-04-28 16:06:20",
        "calendarYear": "2021",
        "period": "Q1",
        "revenue": 692000000,
        "costOfRevenue": 259000000,
        "grossProfit": 433000000,
        "grossProfitRatio": 0.6257225434,
        "researchAndDevelopmentExpenses": 0,
        "generalAndAdministrativeExpenses": 149000000,
        "sellingAndMarketingExpenses": 0,
        "sellingGeneralAndAdministrativeExpenses": 149000000,
        "otherExpenses": 259000000,
        "operatingExpenses": 259000000,
        "costAndExpenses": 518000000,
        "interestIncome": 692000000,
        "interestExpense": 329000000,
        "depreciationAndAmortization": -490000000,
        "ebitda": 880000000,
        "ebitdaratio": 1.2716763006,
        "operatingIncome": 174000000,
        "operatingIncomeRatio": 0.2514450867,
        "totalOtherIncomeExpensesNet": -391000000,
        "incomeBeforeTax": 484000000,
        "incomeBeforeTaxRatio": 0.6994219653,
        "incomeTaxExpense": 114000000,
        "netIncome": 370000000,
        "netIncomeRatio": 0.5346820809,
        "eps": 2.02,
        "epsdiluted": 2,
        "weightedAverageShsOut": 183000000,
        "weightedAverageShsOutDil": 185000000,
        "link": "https://www.sec.gov/Archives/edgar/data/1593538/000156459021021336/0001564590-21-021336-index.htm",
        "finalLink": "https://www.sec.gov/Archives/edgar/data/1593538/000156459021021336/navi-10q_20210331.htm"
    },
    {
        "date": "2020-12-31",
        "symbol": "NAVI",
        "reportedCurrency": "USD",
        "cik": "0001593538",
        "fillingDate": "2021-02-26",
        "acceptedDate": "2021-02-26 16:16:59",
        "calendarYear": "2020",
        "period": "Q4",
        "revenue": 2127000000,
        "costOfRevenue": -207000000,
        "grossProfit": 2334000000,
        "grossProfitRatio": 1.0973201693,
        "researchAndDevelopmentExpenses": 0,
        "generalAndAdministrativeExpenses": 135000000,
        "sellingAndMarketingExpenses": 0,
        "sellingGeneralAndAdministrativeExpenses": 135000000,
        "otherExpenses": 382000000,
        "operatingExpenses": 517000000,
        "costAndExpenses": 517000000,
        "interestIncome": 730000000,
        "interestExpense": 387000000,
        "depreciationAndAmortization": -240000000,
        "ebitda": 576000000,
        "ebitdaratio": 0.2708039492,
        "operatingIncome": 1370000000,
        "operatingIncomeRatio": 0.6440996709,
        "totalOtherIncomeExpensesNet": -582000000,
        "incomeBeforeTax": 235000000,
        "incomeBeforeTaxRatio": 0.1104842501,
        "incomeTaxExpense": 49000000,
        "netIncome": 186000000,
        "netIncomeRatio": 0.0874471086,
        "eps": 1,
        "epsdiluted": 0.99,
        "weightedAverageShsOut": 186000000,
        "weightedAverageShsOutDil": 188000000,
        "link": "https://www.sec.gov/Archives/edgar/data/1593538/000156459021009436/0001564590-21-009436-index.htm",
        "finalLink": "https://www.sec.gov/Archives/edgar/data/1593538/000156459021009436/navi-10k_20201231.htm"
    },
    {
        "date": "2020-09-30",
        "symbol": "NAVI",
        "reportedCurrency": "USD",
        "cik": "0001593538",
        "fillingDate": "2020-10-30",
        "acceptedDate": "2020-10-30 16:21:59",
        "calendarYear": "2020",
        "period": "Q3",
        "revenue": 761000000,
        "costOfRevenue": 232000000,
        "grossProfit": 529000000,
        "grossProfitRatio": 0.6951379763,
        "researchAndDevelopmentExpenses": 0,
        "generalAndAdministrativeExpenses": 121000000,
        "sellingAndMarketingExpenses": 0,
        "sellingGeneralAndAdministrativeExpenses": 121000000,
        "otherExpenses": 392000000,
        "operatingExpenses": 232000000,
        "costAndExpenses": 464000000,
        "interestIncome": 761000000,
        "interestExpense": 425000000,
        "depreciationAndAmortization": -262000000,
        "ebitda": 0,
        "ebitdaratio": 0,
        "operatingIncome": 297000000,
        "operatingIncomeRatio": 0.3902759527,
        "totalOtherIncomeExpensesNet": -3000000,
        "incomeBeforeTax": 259000000,
        "incomeBeforeTaxRatio": 0.3403416557,
        "incomeTaxExpense": 52000000,
        "netIncome": 207000000,
        "netIncomeRatio": 0.2720105125,
        "eps": 1.08,
        "epsdiluted": 1.07,
        "weightedAverageShsOut": 193000000,
        "weightedAverageShsOutDil": 194000000,
        "link": "https://www.sec.gov/Archives/edgar/data/1593538/000156459020049321/0001564590-20-049321-index.htm",
        "finalLink": "https://www.sec.gov/Archives/edgar/data/1593538/000156459020049321/navi-10q_20200930.htm"
    },
    {
        "date": "2020-06-30",
        "symbol": "NAVI",
        "reportedCurrency": "USD",
        "cik": "0001593538",
        "fillingDate": "2020-08-05",
        "acceptedDate": "2020-08-05 17:04:01",
        "calendarYear": "2020",
        "period": "Q2",
        "revenue": 819000000,
        "costOfRevenue": 213000000,
        "grossProfit": 606000000,
        "grossProfitRatio": 0.7399267399,
        "researchAndDevelopmentExpenses": 0,
        "generalAndAdministrativeExpenses": 117000000,
        "sellingAndMarketingExpenses": 0,
        "sellingGeneralAndAdministrativeExpenses": 117000000,
        "otherExpenses": 316000000,
        "operatingExpenses": 213000000,
        "costAndExpenses": 426000000,
        "interestIncome": 819000000,
        "interestExpense": 519000000,
        "depreciationAndAmortization": -171000000,
        "ebitda": 0,
        "ebitdaratio": 0,
        "operatingIncome": 393000000,
        "operatingIncomeRatio": 0.4798534799,
        "totalOtherIncomeExpensesNet": -1000000,
        "incomeBeforeTax": 170000000,
        "incomeBeforeTaxRatio": 0.2075702076,
        "incomeTaxExpense": 45000000,
        "netIncome": 125000000,
        "netIncomeRatio": 0.1526251526,
        "eps": 0.65,
        "epsdiluted": 0.64,
        "weightedAverageShsOut": 194000000,
        "weightedAverageShsOutDil": 195000000,
        "link": "https://www.sec.gov/Archives/edgar/data/1593538/000156459020036909/0001564590-20-036909-index.htm",
        "finalLink": "https://www.sec.gov/Archives/edgar/data/1593538/000156459020036909/navi-10q_20200630.htm"
    },
    {
        "date": "2020-03-31",
        "symbol": "NAVI",
        "reportedCurrency": "USD",
        "cik": "0001593538",
        "fillingDate": "2020-05-01",
        "acceptedDate": "2020-05-01 16:13:30",
        "calendarYear": "2020",
        "period": "Q1",
        "revenue": 987000000,
        "costOfRevenue": 251000000,
        "grossProfit": 736000000,
        "grossProfitRatio": 0.7456940223,
        "researchAndDevelopmentExpenses": 0,
        "generalAndAdministrativeExpenses": 124000000,
        "sellingAndMarketingExpenses": 0,
        "sellingGeneralAndAdministrativeExpenses": 124000000,
        "otherExpenses": 101000000,
        "operatingExpenses": 225000000,
        "costAndExpenses": 502000000,
        "interestIncome": 987000000,
        "interestExpense": 714000000,
        "depreciationAndAmortization": 126000000,
        "ebitda": 1194000000,
        "ebitdaratio": 1.2097264438,
        "operatingIncome": 485000000,
        "operatingIncomeRatio": 0.4913880446,
        "totalOtherIncomeExpensesNet": -616000000,
        "incomeBeforeTax": -131000000,
        "incomeBeforeTaxRatio": -0.1327254306,
        "incomeTaxExpense": -25000000,
        "netIncome": -106000000,
        "netIncomeRatio": -0.1073961499,
        "eps": -0.53,
        "epsdiluted": -0.53,
        "weightedAverageShsOut": 200000000,
        "weightedAverageShsOutDil": 200000000,
        "link": "https://www.sec.gov/Archives/edgar/data/1593538/000156459020020503/0001564590-20-020503-index.htm",
        "finalLink": "https://www.sec.gov/Archives/edgar/data/1593538/000156459020020503/navi-10q_20200331.htm"
    },
    {
        "date": "2019-12-31",
        "symbol": "NAVI",
        "reportedCurrency": "USD",
        "cik": "0001593538",
        "fillingDate": "2020-02-27",
        "acceptedDate": "2020-02-27 17:05:04",
        "calendarYear": "2019",
        "period": "Q4",
        "revenue": 3205000000,
        "costOfRevenue": -484000000,
        "grossProfit": 3689000000,
        "grossProfitRatio": 1.1510140406,
        "researchAndDevelopmentExpenses": 0,
        "generalAndAdministrativeExpenses": 116000000,
        "sellingAndMarketingExpenses": 0,
        "sellingGeneralAndAdministrativeExpenses": 116000000,
        "otherExpenses": 411000000,
        "operatingExpenses": 984000000,
        "costAndExpenses": 527000000,
        "interestIncome": 1068000000,
        "interestExpense": 774000000,
        "depreciationAndAmortization": -235000000,
        "ebitda": 758000000,
        "ebitdaratio": 0.2365054602,
        "operatingIncome": 2705000000,
        "operatingIncomeRatio": 0.8439937598,
        "totalOtherIncomeExpensesNet": -15000000,
        "incomeBeforeTax": 220000000,
        "incomeBeforeTaxRatio": 0.0686427457,
        "incomeTaxExpense": 49000000,
        "netIncome": 171000000,
        "netIncomeRatio": 0.0533541342,
        "eps": 0.79,
        "epsdiluted": 0.78,
        "weightedAverageShsOut": 216455696,
        "weightedAverageShsOutDil": 221000000,
        "link": "https://www.sec.gov/Archives/edgar/data/1593538/000156459020007457/0001564590-20-007457-index.htm",
        "finalLink": "https://www.sec.gov/Archives/edgar/data/1593538/000156459020007457/navi-10k_20191231.htm"
    },
    {
        "date": "2019-09-30",
        "symbol": "NAVI",
        "reportedCurrency": "USD",
        "cik": "0001593538",
        "fillingDate": "2019-11-01",
        "acceptedDate": "2019-11-01 16:30:36",
        "calendarYear": "2019",
        "period": "Q3",
        "revenue": 1166000000,
        "costOfRevenue": 251000000,
        "grossProfit": 915000000,
        "grossProfitRatio": 0.7847341338,
        "researchAndDevelopmentExpenses": 0,
        "generalAndAdministrativeExpenses": 120000000,
        "sellingAndMarketingExpenses": 0,
        "sellingGeneralAndAdministrativeExpenses": 120000000,
        "otherExpenses": 388000000,
        "operatingExpenses": 251000000,
        "costAndExpenses": 502000000,
        "interestIncome": 1166000000,
        "interestExpense": 854000000,
        "depreciationAndAmortization": -187000000,
        "ebitda": 0,
        "ebitdaratio": 0,
        "operatingIncome": 664000000,
        "operatingIncomeRatio": 0.5694682676,
        "totalOtherIncomeExpensesNet": -2000000,
        "incomeBeforeTax": 185000000,
        "incomeBeforeTaxRatio": 0.1586620926,
        "incomeTaxExpense": 40000000,
        "netIncome": 145000000,
        "netIncomeRatio": 0.1243567753,
        "eps": 0.64,
        "epsdiluted": 0.63,
        "weightedAverageShsOut": 226562500,
        "weightedAverageShsOutDil": 228000000,
        "link": "https://www.sec.gov/Archives/edgar/data/1593538/000156459019039431/0001564590-19-039431-index.htm",
        "finalLink": "https://www.sec.gov/Archives/edgar/data/1593538/000156459019039431/navi-10q_20190930.htm"
    },
    {
        "date": "2019-06-30",
        "symbol": "NAVI",
        "reportedCurrency": "USD",
        "cik": "0001593538",
        "fillingDate": "2019-08-02",
        "acceptedDate": "2019-08-02 16:23:33",
        "calendarYear": "2019",
        "period": "Q2",
        "revenue": 1204000000,
        "costOfRevenue": 241000000,
        "grossProfit": 963000000,
        "grossProfitRatio": 0.799833887,
        "researchAndDevelopmentExpenses": 0,
        "generalAndAdministrativeExpenses": 125000000,
        "sellingAndMarketingExpenses": 0,
        "sellingGeneralAndAdministrativeExpenses": 125000000,
        "otherExpenses": 116000000,
        "operatingExpenses": 241000000,
        "costAndExpenses": 471000000,
        "interestIncome": 1204000000,
        "interestExpense": 911000000,
        "depreciationAndAmortization": -151000000,
        "ebitda": 954000000,
        "ebitdaratio": 0.792358804,
        "operatingIncome": 722000000,
        "operatingIncomeRatio": 0.5996677741,
        "totalOtherIncomeExpensesNet": -528000000,
        "incomeBeforeTax": 194000000,
        "incomeBeforeTaxRatio": 0.1611295681,
        "incomeTaxExpense": 41000000,
        "netIncome": 153000000,
        "netIncomeRatio": 0.127076412,
        "eps": 0.65,
        "epsdiluted": 0.64,
        "weightedAverageShsOut": 235384615,
        "weightedAverageShsOutDil": 238000000,
        "link": "https://www.sec.gov/Archives/edgar/data/1593538/000156459019028388/0001564590-19-028388-index.htm",
        "finalLink": "https://www.sec.gov/Archives/edgar/data/1593538/000156459019028388/navi-10q_20190630.htm"
    },
    {
        "date": "2019-03-31",
        "symbol": "NAVI",
        "reportedCurrency": "USD",
        "cik": "0001593538",
        "fillingDate": "2019-05-03",
        "acceptedDate": "2019-05-03 16:49:22",
        "calendarYear": "2019",
        "period": "Q1",
        "revenue": 1234000000,
        "costOfRevenue": 256000000,
        "grossProfit": 978000000,
        "grossProfitRatio": 0.7925445705,
        "researchAndDevelopmentExpenses": 0,
        "generalAndAdministrativeExpenses": 128000000,
        "sellingAndMarketingExpenses": 0,
        "sellingGeneralAndAdministrativeExpenses": 128000000,
        "otherExpenses": 128000000,
        "operatingExpenses": 256000000,
        "costAndExpenses": 512000000,
        "interestIncome": 1234000000,
        "interestExpense": 949000000,
        "depreciationAndAmortization": -150000000,
        "ebitda": 963000000,
        "ebitdaratio": 0.7803889789,
        "operatingIncome": 722000000,
        "operatingIncomeRatio": 0.585089141,
        "totalOtherIncomeExpensesNet": -558000000,
        "incomeBeforeTax": 164000000,
        "incomeBeforeTaxRatio": 0.1329011345,
        "incomeTaxExpense": 36000000,
        "netIncome": 128000000,
        "netIncomeRatio": 0.1037277147,
        "eps": 0.52,
        "epsdiluted": 0.52,
        "weightedAverageShsOut": 246153846,
        "weightedAverageShsOutDil": 247000000,
        "link": "https://www.sec.gov/Archives/edgar/data/1593538/000156459019015717/0001564590-19-015717-index.htm",
        "finalLink": "https://www.sec.gov/Archives/edgar/data/1593538/000156459019015717/navi-10q_20190331.htm"
    },
    {
        "date": "2018-12-31",
        "symbol": "NAVI",
        "reportedCurrency": "USD",
        "cik": "0001593538",
        "fillingDate": "2019-02-26",
        "acceptedDate": "2019-02-25 21:05:30",
        "calendarYear": "2018",
        "period": "Q4",
        "revenue": 2890000000,
        "costOfRevenue": -527000000,
        "grossProfit": 3417000000,
        "grossProfitRatio": 1.1823529412,
        "researchAndDevelopmentExpenses": 0,
        "generalAndAdministrativeExpenses": 127000000,
        "sellingAndMarketingExpenses": 0,
        "sellingGeneralAndAdministrativeExpenses": 127000000,
        "otherExpenses": 302000000,
        "operatingExpenses": 966000000,
        "costAndExpenses": 429000000,
        "interestIncome": 1267000000,
        "interestExpense": 960000000,
        "depreciationAndAmortization": -1383000000,
        "ebitda": 1049000000,
        "ebitdaratio": 0.3629757785,
        "operatingIncome": 2451000000,
        "operatingIncomeRatio": 0.8480968858,
        "totalOtherIncomeExpensesNet": -935000000,
        "incomeBeforeTax": 106000000,
        "incomeBeforeTaxRatio": 0.0366782007,
        "incomeTaxExpense": 34000000,
        "netIncome": 72000000,
        "netIncomeRatio": 0.0249134948,
        "eps": 0.28,
        "epsdiluted": 0.28,
        "weightedAverageShsOut": 257142857,
        "weightedAverageShsOutDil": 257142857,
        "link": "https://www.sec.gov/Archives/edgar/data/1593538/000156459019004187/0001564590-19-004187-index.htm",
        "finalLink": "https://www.sec.gov/Archives/edgar/data/1593538/000156459019004187/navi-10k_20181231.htm"
    },
    {
        "date": "2018-09-30",
        "symbol": "NAVI",
        "reportedCurrency": "USD",
        "cik": "0001593538",
        "fillingDate": "2018-11-02",
        "acceptedDate": "2018-11-02 16:24:10",
        "calendarYear": "2018",
        "period": "Q3",
        "revenue": 1241000000,
        "costOfRevenue": 255000000,
        "grossProfit": 986000000,
        "grossProfitRatio": 0.7945205479,
        "researchAndDevelopmentExpenses": 0,
        "generalAndAdministrativeExpenses": 121000000,
        "sellingAndMarketingExpenses": 0,
        "sellingGeneralAndAdministrativeExpenses": 121000000,
        "otherExpenses": 134000000,
        "operatingExpenses": 255000000,
        "costAndExpenses": 510000000,
        "interestIncome": 1241000000,
        "interestExpense": 935000000,
        "depreciationAndAmortization": 351000000,
        "ebitda": 731000000,
        "ebitdaratio": 0.5890410959,
        "operatingIncome": 731000000,
        "operatingIncomeRatio": 0.5890410959,
        "totalOtherIncomeExpensesNet": -584000000,
        "incomeBeforeTax": 147000000,
        "incomeBeforeTaxRatio": 0.1184528606,
        "incomeTaxExpense": 33000000,
        "netIncome": 114000000,
        "netIncomeRatio": 0.0918614021,
        "eps": 0.44,
        "epsdiluted": 0.43,
        "weightedAverageShsOut": 259090909,
        "weightedAverageShsOutDil": 264000000,
        "link": "https://www.sec.gov/Archives/edgar/data/1593538/000156459018026503/0001564590-18-026503-index.htm",
        "finalLink": "https://www.sec.gov/Archives/edgar/data/1593538/000156459018026503/navi-10q_20180930.htm"
    },
    {
        "date": "2018-06-30",
        "symbol": "NAVI",
        "reportedCurrency": "USD",
        "cik": "0001593538",
        "fillingDate": "2018-08-03",
        "acceptedDate": "2018-08-03 16:22:09",
        "calendarYear": "2018",
        "period": "Q2",
        "revenue": 1227000000,
        "costOfRevenue": 201000000,
        "grossProfit": 1026000000,
        "grossProfitRatio": 0.8361858191,
        "researchAndDevelopmentExpenses": 0,
        "generalAndAdministrativeExpenses": 125000000,
        "sellingAndMarketingExpenses": 0,
        "sellingGeneralAndAdministrativeExpenses": 125000000,
        "otherExpenses": 316000000,
        "operatingExpenses": 441000000,
        "costAndExpenses": 402000000,
        "interestIncome": 1227000000,
        "interestExpense": 929000000,
        "depreciationAndAmortization": 217000000,
        "ebitda": 128000000,
        "ebitdaratio": 0.1043194784,
        "operatingIncome": 825000000,
        "operatingIncomeRatio": 0.6723716381,
        "totalOtherIncomeExpensesNet": -9000000,
        "incomeBeforeTax": 113000000,
        "incomeBeforeTaxRatio": 0.0920945395,
        "incomeTaxExpense": 30000000,
        "netIncome": 83000000,
        "netIncomeRatio": 0.0676446618,
        "eps": 0.31,
        "epsdiluted": 0.31,
        "weightedAverageShsOut": 265000000,
        "weightedAverageShsOutDil": 269000000,
        "link": "https://www.sec.gov/Archives/edgar/data/1593538/000156459018019172/0001564590-18-019172-index.htm",
        "finalLink": "https://www.sec.gov/Archives/edgar/data/1593538/000156459018019172/navi-10q_20180630.htm"
    },
    {
        "date": "2018-03-31",
        "symbol": "NAVI",
        "reportedCurrency": "USD",
        "cik": "0001593538",
        "fillingDate": "2018-05-03",
        "acceptedDate": "2018-05-03 17:09:23",
        "calendarYear": "2018",
        "period": "Q1",
        "revenue": 1172000000,
        "costOfRevenue": 275000000,
        "grossProfit": 897000000,
        "grossProfitRatio": 0.7653583618,
        "researchAndDevelopmentExpenses": 0,
        "generalAndAdministrativeExpenses": 134000000,
        "sellingAndMarketingExpenses": 0,
        "sellingGeneralAndAdministrativeExpenses": 134000000,
        "otherExpenses": 141000000,
        "operatingExpenses": 275000000,
        "costAndExpenses": 540000000,
        "interestIncome": 1172000000,
        "interestExpense": 843000000,
        "depreciationAndAmortization": 383000000,
        "ebitda": 622000000,
        "ebitdaratio": 0.5307167235,
        "operatingIncome": 622000000,
        "operatingIncomeRatio": 0.5307167235,
        "totalOtherIncomeExpensesNet": -460000000,
        "incomeBeforeTax": 162000000,
        "incomeBeforeTaxRatio": 0.138225256,
        "incomeTaxExpense": 36000000,
        "netIncome": 126000000,
        "netIncomeRatio": 0.1075085324,
        "eps": 0.48,
        "epsdiluted": 0.47,
        "weightedAverageShsOut": 262500000,
        "weightedAverageShsOutDil": 269000000,
        "link": "https://www.sec.gov/Archives/edgar/data/1593538/000156459018010743/0001564590-18-010743-index.htm",
        "finalLink": "https://www.sec.gov/Archives/edgar/data/1593538/000156459018010743/navi-10q_20180331.htm"
    },
    {
        "date": "2017-12-31",
        "symbol": "NAVI",
        "reportedCurrency": "USD",
        "cik": "0001593538",
        "fillingDate": "2018-02-26",
        "acceptedDate": "2018-02-26 17:28:09",
        "calendarYear": "2017",
        "period": "Q4",
        "revenue": 587000000,
        "costOfRevenue": -584000000,
        "grossProfit": 1171000000,
        "grossProfitRatio": 1.9948892675,
        "researchAndDevelopmentExpenses": 0,
        "generalAndAdministrativeExpenses": 138000000,
        "sellingAndMarketingExpenses": 0,
        "sellingGeneralAndAdministrativeExpenses": 138000000,
        "otherExpenses": 449000000,
        "operatingExpenses": 587000000,
        "costAndExpenses": 587000000,
        "interestIncome": 1159000000,
        "interestExpense": 793000000,
        "depreciationAndAmortization": 683000000,
        "ebitda": 975000000,
        "ebitdaratio": 1.660988075,
        "operatingIncome": 292000000,
        "operatingIncomeRatio": 0.4974446337,
        "totalOtherIncomeExpensesNet": -110000000,
        "incomeBeforeTax": 182000000,
        "incomeBeforeTaxRatio": 0.3100511073,
        "incomeTaxExpense": 266000000,
        "netIncome": -84000000,
        "netIncomeRatio": -0.1431005111,
        "eps": -0.32,
        "epsdiluted": -0.32,
        "weightedAverageShsOut": 262500000,
        "weightedAverageShsOutDil": 263000000,
        "link": "https://www.sec.gov/Archives/edgar/data/1593538/000156459018003273/0001564590-18-003273-index.htm",
        "finalLink": "https://www.sec.gov/Archives/edgar/data/1593538/000156459018003273/navi-10k_20171231.htm"
    },
    {
        "date": "2017-09-30",
        "symbol": "NAVI",
        "reportedCurrency": "USD",
        "cik": "0001593538",
        "fillingDate": "2017-10-27",
        "acceptedDate": "2017-10-27 16:25:31",
        "calendarYear": "2017",
        "period": "Q3",
        "revenue": 1140000000,
        "costOfRevenue": 238000000,
        "grossProfit": 902000000,
        "grossProfitRatio": 0.7912280702,
        "researchAndDevelopmentExpenses": 0,
        "generalAndAdministrativeExpenses": 128000000,
        "sellingAndMarketingExpenses": 0,
        "sellingGeneralAndAdministrativeExpenses": 128000000,
        "otherExpenses": 491000000,
        "operatingExpenses": 238000000,
        "costAndExpenses": 476000000,
        "interestIncome": 1140000000,
        "interestExpense": 785000000,
        "depreciationAndAmortization": 390000000,
        "ebitda": 664000000,
        "ebitdaratio": 0.5824561404,
        "operatingIncome": 664000000,
        "operatingIncomeRatio": 0.5824561404,
        "totalOtherIncomeExpensesNet": -1000000,
        "incomeBeforeTax": 269000000,
        "incomeBeforeTaxRatio": 0.2359649123,
        "incomeTaxExpense": 93000000,
        "netIncome": 176000000,
        "netIncomeRatio": 0.1543859649,
        "eps": 0.65,
        "epsdiluted": 0.64,
        "weightedAverageShsOut": 270769231,
        "weightedAverageShsOutDil": 274000000,
        "link": "https://www.sec.gov/Archives/edgar/data/1593538/000119312517323117/0001193125-17-323117-index.htm",
        "finalLink": "https://www.sec.gov/Archives/edgar/data/1593538/000119312517323117/d473313d10q.htm"
    },
    {
        "date": "2017-06-30",
        "symbol": "NAVI",
        "reportedCurrency": "USD",
        "cik": "0001593538",
        "fillingDate": "2017-08-01",
        "acceptedDate": "2017-08-01 16:27:36",
        "calendarYear": "2017",
        "period": "Q2",
        "revenue": 1070000000,
        "costOfRevenue": 230000000,
        "grossProfit": 840000000,
        "grossProfitRatio": 0.785046729,
        "researchAndDevelopmentExpenses": 0,
        "generalAndAdministrativeExpenses": 124000000,
        "sellingAndMarketingExpenses": 0,
        "sellingGeneralAndAdministrativeExpenses": 124000000,
        "otherExpenses": 389000000,
        "operatingExpenses": 230000000,
        "costAndExpenses": 460000000,
        "interestIncome": 1070000000,
        "interestExpense": 719000000,
        "depreciationAndAmortization": 281000000,
        "ebitda": 178000000,
        "ebitdaratio": 0.1663551402,
        "operatingIncome": 610000000,
        "operatingIncomeRatio": 0.5700934579,
        "totalOtherIncomeExpensesNet": 0,
        "incomeBeforeTax": 172000000,
        "incomeBeforeTaxRatio": 0.1607476636,
        "incomeTaxExpense": 60000000,
        "netIncome": 112000000,
        "netIncomeRatio": 0.1046728972,
        "eps": 0.4,
        "epsdiluted": 0.39,
        "weightedAverageShsOut": 280000000,
        "weightedAverageShsOutDil": 285000000,
        "link": "https://www.sec.gov/Archives/edgar/data/1593538/000119312517244289/0001193125-17-244289-index.htm",
        "finalLink": "https://www.sec.gov/Archives/edgar/data/1593538/000119312517244289/d404958d10q.htm"
    },
    {
        "date": "2017-03-31",
        "symbol": "NAVI",
        "reportedCurrency": "USD",
        "cik": "0001593538",
        "fillingDate": "2017-04-27",
        "acceptedDate": "2017-04-27 16:35:32",
        "calendarYear": "2017",
        "period": "Q1",
        "revenue": 1015000000,
        "costOfRevenue": 238000000,
        "grossProfit": 777000000,
        "grossProfitRatio": 0.7655172414,
        "researchAndDevelopmentExpenses": 0,
        "generalAndAdministrativeExpenses": 130000000,
        "sellingAndMarketingExpenses": 0,
        "sellingGeneralAndAdministrativeExpenses": 130000000,
        "otherExpenses": 362000000,
        "operatingExpenses": 244000000,
        "costAndExpenses": 476000000,
        "interestIncome": 1015000000,
        "interestExpense": 675000000,
        "depreciationAndAmortization": 277000000,
        "ebitda": 539000000,
        "ebitdaratio": 0.5310344828,
        "operatingIncome": 539000000,
        "operatingIncomeRatio": 0.5310344828,
        "totalOtherIncomeExpensesNet": -398000000,
        "incomeBeforeTax": 141000000,
        "incomeBeforeTaxRatio": 0.1389162562,
        "incomeTaxExpense": 53000000,
        "netIncome": 88000000,
        "netIncomeRatio": 0.0866995074,
        "eps": 0.31,
        "epsdiluted": 0.3,
        "weightedAverageShsOut": 283870968,
        "weightedAverageShsOutDil": 296000000,
        "link": "https://www.sec.gov/Archives/edgar/data/1593538/000119312517143137/0001193125-17-143137-index.htm",
        "finalLink": "https://www.sec.gov/Archives/edgar/data/1593538/000119312517143137/d321115d10q.htm"
    },
    {
        "date": "2016-12-31",
        "symbol": "NAVI",
        "reportedCurrency": "USD",
        "cik": "0001593538",
        "fillingDate": "2017-02-24",
        "acceptedDate": "2017-02-24 16:28:54",
        "calendarYear": "2016",
        "period": "Q4",
        "revenue": 1288000000,
        "costOfRevenue": -282000000,
        "grossProfit": 1570000000,
        "grossProfitRatio": 1.2189440994,
        "researchAndDevelopmentExpenses": 0,
        "generalAndAdministrativeExpenses": 121000000,
        "sellingAndMarketingExpenses": 0,
        "sellingGeneralAndAdministrativeExpenses": 121000000,
        "otherExpenses": 482000000,
        "operatingExpenses": 603000000,
        "costAndExpenses": 603000000,
        "interestIncome": 1027000000,
        "interestExpense": 649000000,
        "depreciationAndAmortization": 211000000,
        "ebitda": 256000000,
        "ebitdaratio": 0.198757764,
        "operatingIncome": 681000000,
        "operatingIncomeRatio": 0.5287267081,
        "totalOtherIncomeExpensesNet": 0,
        "incomeBeforeTax": 241000000,
        "incomeBeforeTaxRatio": 0.1871118012,
        "incomeTaxExpense": 96000000,
        "netIncome": 145000000,
        "netIncomeRatio": 0.1125776398,
        "eps": 0.49,
        "epsdiluted": 0.48,
        "weightedAverageShsOut": 295918367,
        "weightedAverageShsOutDil": 300000000,
        "link": "https://www.sec.gov/Archives/edgar/data/1593538/000119312517056358/0001193125-17-056358-index.htm",
        "finalLink": "https://www.sec.gov/Archives/edgar/data/1593538/000119312517056358/d293261d10k.htm"
    },
    {
        "date": "2016-09-30",
        "symbol": "NAVI",
        "reportedCurrency": "USD",
        "cik": "0001593538",
        "fillingDate": "2016-11-07",
        "acceptedDate": "2016-11-07 16:42:17",
        "calendarYear": "2016",
        "period": "Q3",
        "revenue": 722000000,
        "costOfRevenue": 228000000,
        "grossProfit": 494000000,
        "grossProfitRatio": 0.6842105263,
        "researchAndDevelopmentExpenses": 0,
        "generalAndAdministrativeExpenses": 122000000,
        "sellingAndMarketingExpenses": 0,
        "sellingGeneralAndAdministrativeExpenses": 122000000,
        "otherExpenses": 600000000,
        "operatingExpenses": 228000000,
        "costAndExpenses": 456000000,
        "interestIncome": 1039000000,
        "interestExpense": 627000000,
        "depreciationAndAmortization": 774000000,
        "ebitda": 1004000000,
        "ebitdaratio": 1.3905817175,
        "operatingIncome": 230000000,
        "operatingIncomeRatio": 0.3185595568,
        "totalOtherIncomeExpensesNet": 147000000,
        "incomeBeforeTax": 377000000,
        "incomeBeforeTaxRatio": 0.5221606648,
        "incomeTaxExpense": 147000000,
        "netIncome": 230000000,
        "netIncomeRatio": 0.3185595568,
        "eps": 0.74,
        "epsdiluted": 0.73,
        "weightedAverageShsOut": 310810811,
        "weightedAverageShsOutDil": 316000000,
        "link": "https://www.sec.gov/Archives/edgar/data/1593538/000119312516761735/0001193125-16-761735-index.htm",
        "finalLink": "https://www.sec.gov/Archives/edgar/data/1593538/000119312516761735/d256179d10q.htm"
    },
    {
        "date": "2016-06-30",
        "symbol": "NAVI",
        "reportedCurrency": "USD",
        "cik": "0001593538",
        "fillingDate": "2016-07-25",
        "acceptedDate": "2016-07-25 16:26:39",
        "calendarYear": "2016",
        "period": "Q2",
        "revenue": 552000000,
        "costOfRevenue": 230000000,
        "grossProfit": 322000000,
        "grossProfitRatio": 0.5833333333,
        "researchAndDevelopmentExpenses": 0,
        "generalAndAdministrativeExpenses": 124000000,
        "sellingAndMarketingExpenses": 0,
        "sellingGeneralAndAdministrativeExpenses": 124000000,
        "otherExpenses": 428000000,
        "operatingExpenses": 552000000,
        "costAndExpenses": 460000000,
        "interestIncome": 1028000000,
        "interestExpense": 599000000,
        "depreciationAndAmortization": 680000000,
        "ebitda": 805000000,
        "ebitdaratio": 1.4583333333,
        "operatingIncome": 125000000,
        "operatingIncomeRatio": 0.2264492754,
        "totalOtherIncomeExpensesNet": 436000000,
        "incomeBeforeTax": 206000000,
        "incomeBeforeTaxRatio": 0.3731884058,
        "incomeTaxExpense": 81000000,
        "netIncome": 125000000,
        "netIncomeRatio": 0.2264492754,
        "eps": 0.39,
        "epsdiluted": 0.38,
        "weightedAverageShsOut": 320512821,
        "weightedAverageShsOutDil": 328000000,
        "link": "https://www.sec.gov/Archives/edgar/data/1593538/000119312516656576/0001193125-16-656576-index.htm",
        "finalLink": "https://www.sec.gov/Archives/edgar/data/1593538/000119312516656576/d201428d10q.htm"
    },
    {
        "date": "2016-03-31",
        "symbol": "NAVI",
        "reportedCurrency": "USD",
        "cik": "0001593538",
        "fillingDate": "2016-04-28",
        "acceptedDate": "2016-04-28 16:17:18",
        "calendarYear": "2016",
        "period": "Q1",
        "revenue": 646000000,
        "costOfRevenue": 247000000,
        "grossProfit": 399000000,
        "grossProfitRatio": 0.6176470588,
        "researchAndDevelopmentExpenses": 0,
        "generalAndAdministrativeExpenses": 132000000,
        "sellingAndMarketingExpenses": 0,
        "sellingGeneralAndAdministrativeExpenses": 132000000,
        "otherExpenses": 514000000,
        "operatingExpenses": 646000000,
        "costAndExpenses": 494000000,
        "interestIncome": 1051000000,
        "interestExpense": 565000000,
        "depreciationAndAmortization": 668000000,
        "ebitda": 849000000,
        "ebitdaratio": 1.3142414861,
        "operatingIncome": 181000000,
        "operatingIncomeRatio": 0.2801857585,
        "totalOtherIncomeExpensesNet": 531000000,
        "incomeBeforeTax": 284000000,
        "incomeBeforeTaxRatio": 0.439628483,
        "incomeTaxExpense": 103000000,
        "netIncome": 181000000,
        "netIncomeRatio": 0.2801857585,
        "eps": 0.53,
        "epsdiluted": 0.53,
        "weightedAverageShsOut": 341509434,
        "weightedAverageShsOutDil": 343000000,
        "link": "https://www.sec.gov/Archives/edgar/data/1593538/000119312516563741/0001193125-16-563741-index.htm",
        "finalLink": "https://www.sec.gov/Archives/edgar/data/1593538/000119312516563741/d136015d10q.htm"
    },
    {
        "date": "2015-12-31",
        "symbol": "NAVI",
        "reportedCurrency": "USD",
        "cik": "0001593538",
        "fillingDate": "2016-02-25",
        "acceptedDate": "2016-02-25 16:32:18",
        "calendarYear": "2015",
        "period": "Q4",
        "revenue": 786000000,
        "costOfRevenue": -1398000000,
        "grossProfit": 2184000000,
        "grossProfitRatio": 2.7786259542,
        "researchAndDevelopmentExpenses": 0,
        "generalAndAdministrativeExpenses": 123000000,
        "sellingAndMarketingExpenses": 0,
        "sellingGeneralAndAdministrativeExpenses": 123000000,
        "otherExpenses": 663000000,
        "operatingExpenses": 786000000,
        "costAndExpenses": 786000000,
        "interestIncome": 1057000000,
        "interestExpense": 521000000,
        "depreciationAndAmortization": -23000000,
        "ebitda": 950000000,
        "ebitdaratio": 1.2086513995,
        "operatingIncome": 996000000,
        "operatingIncomeRatio": 1.2671755725,
        "totalOtherIncomeExpensesNet": -544000000,
        "incomeBeforeTax": 452000000,
        "incomeBeforeTaxRatio": 0.5750636132,
        "incomeTaxExpense": 166000000,
        "netIncome": 286000000,
        "netIncomeRatio": 0.3638676845,
        "eps": 0.8,
        "epsdiluted": 0.79,
        "weightedAverageShsOut": 357500000,
        "weightedAverageShsOutDil": 361000000,
        "link": "https://www.sec.gov/Archives/edgar/data/1593538/000119312516478393/0001193125-16-478393-index.htm",
        "finalLink": "https://www.sec.gov/Archives/edgar/data/1593538/000119312516478393/d35213d10k.htm"
    },
    {
        "date": "2015-09-30",
        "symbol": "NAVI",
        "reportedCurrency": "USD",
        "cik": "0001593538",
        "fillingDate": "2015-10-30",
        "acceptedDate": "2015-10-30 16:19:19",
        "calendarYear": "2015",
        "period": "Q3",
        "revenue": 734000000,
        "costOfRevenue": 228000000,
        "grossProfit": 506000000,
        "grossProfitRatio": 0.689373297,
        "researchAndDevelopmentExpenses": 0,
        "generalAndAdministrativeExpenses": 106000000,
        "sellingAndMarketingExpenses": 0,
        "sellingGeneralAndAdministrativeExpenses": 106000000,
        "otherExpenses": 628000000,
        "operatingExpenses": 734000000,
        "costAndExpenses": 456000000,
        "interestIncome": 1077000000,
        "interestExpense": 524000000,
        "depreciationAndAmortization": 669000000,
        "ebitda": 905000000,
        "ebitdaratio": 1.2329700272,
        "operatingIncome": 236000000,
        "operatingIncomeRatio": 0.3215258856,
        "totalOtherIncomeExpensesNet": 608000000,
        "incomeBeforeTax": 380000000,
        "incomeBeforeTaxRatio": 0.5177111717,
        "incomeTaxExpense": 144000000,
        "netIncome": 237000000,
        "netIncomeRatio": 0.3228882834,
        "eps": 0.64,
        "epsdiluted": 0.63,
        "weightedAverageShsOut": 370312500,
        "weightedAverageShsOutDil": 375000000,
        "link": "https://www.sec.gov/Archives/edgar/data/1593538/000119312515360320/0001193125-15-360320-index.htm",
        "finalLink": "https://www.sec.gov/Archives/edgar/data/1593538/000119312515360320/d71801d10q.htm"
    },
    {
        "date": "2015-06-30",
        "symbol": "NAVI",
        "reportedCurrency": "USD",
        "cik": "0001593538",
        "fillingDate": "2015-08-03",
        "acceptedDate": "2015-08-03 16:25:39",
        "calendarYear": "2015",
        "period": "Q2",
        "revenue": 750000000,
        "costOfRevenue": 225000000,
        "grossProfit": 525000000,
        "grossProfitRatio": 0.7,
        "researchAndDevelopmentExpenses": 0,
        "generalAndAdministrativeExpenses": 115000000,
        "sellingAndMarketingExpenses": 0,
        "sellingGeneralAndAdministrativeExpenses": 115000000,
        "otherExpenses": 225000000,
        "operatingExpenses": 750000000,
        "costAndExpenses": 450000000,
        "interestIncome": 1064000000,
        "interestExpense": 515000000,
        "depreciationAndAmortization": 628000000,
        "ebitda": 810000000,
        "ebitdaratio": 1.08,
        "operatingIncome": 182000000,
        "operatingIncomeRatio": 0.2426666667,
        "totalOtherIncomeExpensesNet": 113000000,
        "incomeBeforeTax": 295000000,
        "incomeBeforeTaxRatio": 0.3933333333,
        "incomeTaxExpense": 113000000,
        "netIncome": 182000000,
        "netIncomeRatio": 0.2426666667,
        "eps": 0.48,
        "epsdiluted": 0.47,
        "weightedAverageShsOut": 379166667,
        "weightedAverageShsOutDil": 387000000,
        "link": "https://www.sec.gov/Archives/edgar/data/1593538/000119312515274878/0001193125-15-274878-index.htm",
        "finalLink": "https://www.sec.gov/Archives/edgar/data/1593538/000119312515274878/d939783d10q.htm"
    },
    {
        "date": "2015-03-31",
        "symbol": "NAVI",
        "reportedCurrency": "USD",
        "cik": "0001593538",
        "fillingDate": "2015-04-30",
        "acceptedDate": "2015-04-30 16:28:24",
        "calendarYear": "2015",
        "period": "Q1",
        "revenue": 832000000,
        "costOfRevenue": 230000000,
        "grossProfit": 602000000,
        "grossProfitRatio": 0.7235576923,
        "researchAndDevelopmentExpenses": 0,
        "generalAndAdministrativeExpenses": 123000000,
        "sellingAndMarketingExpenses": 0,
        "sellingGeneralAndAdministrativeExpenses": 123000000,
        "otherExpenses": 709000000,
        "operatingExpenses": 832000000,
        "costAndExpenses": 460000000,
        "interestIncome": 1097000000,
        "interestExpense": 514000000,
        "depreciationAndAmortization": 695000000,
        "ebitda": 987000000,
        "ebitdaratio": 1.1862980769,
        "operatingIncome": 292000000,
        "operatingIncomeRatio": 0.3509615385,
        "totalOtherIncomeExpensesNet": 181000000,
        "incomeBeforeTax": 473000000,
        "incomeBeforeTaxRatio": 0.5685096154,
        "incomeTaxExpense": 181000000,
        "netIncome": 292000000,
        "netIncomeRatio": 0.3509615385,
        "eps": 0.73,
        "epsdiluted": 0.72,
        "weightedAverageShsOut": 400000000,
        "weightedAverageShsOutDil": 405000000,
        "link": "https://www.sec.gov/Archives/edgar/data/1593538/000119312515162088/0001193125-15-162088-index.htm",
        "finalLink": "https://www.sec.gov/Archives/edgar/data/1593538/000119312515162088/d893658d10q.htm"
    },
    {
        "date": "2014-12-31",
        "symbol": "NAVI",
        "reportedCurrency": "USD",
        "cik": "0001593538",
        "fillingDate": "2015-02-27",
        "acceptedDate": "2015-02-27 16:58:42",
        "calendarYear": "2014",
        "period": "Q4",
        "revenue": 786000000,
        "costOfRevenue": -1687000000,
        "grossProfit": 2473000000,
        "grossProfitRatio": 3.1463104326,
        "researchAndDevelopmentExpenses": 0,
        "generalAndAdministrativeExpenses": 91000000,
        "sellingAndMarketingExpenses": 0,
        "sellingGeneralAndAdministrativeExpenses": 91000000,
        "otherExpenses": 695000000,
        "operatingExpenses": 786000000,
        "costAndExpenses": 786000000,
        "interestIncome": 1127000000,
        "interestExpense": 513000000,
        "depreciationAndAmortization": -214000000,
        "ebitda": 720000000,
        "ebitdaratio": 0.9160305344,
        "operatingIncome": 1149000000,
        "operatingIncomeRatio": 1.4618320611,
        "totalOtherIncomeExpensesNet": -11000000,
        "incomeBeforeTax": 421000000,
        "incomeBeforeTaxRatio": 0.5356234097,
        "incomeTaxExpense": 159000000,
        "netIncome": 263000000,
        "netIncomeRatio": 0.334605598,
        "eps": 0.65,
        "epsdiluted": 0.64,
        "weightedAverageShsOut": 404615385,
        "weightedAverageShsOutDil": 413000000,
        "link": "https://www.sec.gov/Archives/edgar/data/1593538/000119312515070145/0001193125-15-070145-index.htm",
        "finalLink": "https://www.sec.gov/Archives/edgar/data/1593538/000119312515070145/d832950d10k.htm"
    },
    {
        "date": "2014-09-30",
        "symbol": "NAVI",
        "reportedCurrency": "USD",
        "cik": "0001593538",
        "fillingDate": "2014-10-30",
        "acceptedDate": "2014-10-30 16:27:02",
        "calendarYear": "2014",
        "period": "Q3",
        "revenue": 912000000,
        "costOfRevenue": 195000000,
        "grossProfit": 717000000,
        "grossProfitRatio": 0.7861842105,
        "researchAndDevelopmentExpenses": 0,
        "generalAndAdministrativeExpenses": 109000000,
        "sellingAndMarketingExpenses": 0,
        "sellingGeneralAndAdministrativeExpenses": 109000000,
        "otherExpenses": 803000000,
        "operatingExpenses": 912000000,
        "costAndExpenses": 390000000,
        "interestIncome": 1132000000,
        "interestExpense": 508000000,
        "depreciationAndAmortization": 706000000,
        "ebitda": 1067000000,
        "ebitdaratio": 1.1699561404,
        "operatingIncome": 361000000,
        "operatingIncomeRatio": 0.3958333333,
        "totalOtherIncomeExpensesNet": 44000000,
        "incomeBeforeTax": 561000000,
        "incomeBeforeTaxRatio": 0.6151315789,
        "incomeTaxExpense": 200000000,
        "netIncome": 359000000,
        "netIncomeRatio": 0.3936403509,
        "eps": 0.87,
        "epsdiluted": 0.85,
        "weightedAverageShsOut": 412643678,
        "weightedAverageShsOutDil": 423000000,
        "link": "https://www.sec.gov/Archives/edgar/data/1593538/000119312514389715/0001193125-14-389715-index.htm",
        "finalLink": "https://www.sec.gov/Archives/edgar/data/1593538/000119312514389715/d788100d10q.htm"
    },
    {
        "date": "2014-06-30",
        "symbol": "NAVI",
        "reportedCurrency": "USD",
        "cik": "0001593538",
        "fillingDate": "2014-08-01",
        "acceptedDate": "2014-08-01 16:21:39",
        "calendarYear": "2014",
        "period": "Q2",
        "revenue": 937000000,
        "costOfRevenue": 211000000,
        "grossProfit": 726000000,
        "grossProfitRatio": 0.7748132337,
        "researchAndDevelopmentExpenses": 0,
        "generalAndAdministrativeExpenses": 116000000,
        "sellingAndMarketingExpenses": 0,
        "sellingGeneralAndAdministrativeExpenses": 116000000,
        "otherExpenses": 821000000,
        "operatingExpenses": 937000000,
        "costAndExpenses": 422000000,
        "interestIncome": 1175000000,
        "interestExpense": 513000000,
        "depreciationAndAmortization": 704000000,
        "ebitda": 1011000000,
        "ebitdaratio": 1.0789754536,
        "operatingIncome": 307000000,
        "operatingIncomeRatio": 0.3276414088,
        "totalOtherIncomeExpensesNet": 191000000,
        "incomeBeforeTax": 498000000,
        "incomeBeforeTaxRatio": 0.5314834578,
        "incomeTaxExpense": 191000000,
        "netIncome": 307000000,
        "netIncomeRatio": 0.3276414088,
        "eps": 0.72,
        "epsdiluted": 0.71,
        "weightedAverageShsOut": 423611111,
        "weightedAverageShsOutDil": 430000000,
        "link": "https://www.sec.gov/Archives/edgar/data/1593538/000119312514291601/0001193125-14-291601-index.htm",
        "finalLink": "https://www.sec.gov/Archives/edgar/data/1593538/000119312514291601/d743153d10q.htm"
    },
    {
        "date": "2014-03-31",
        "symbol": "NAVI",
        "reportedCurrency": "USD",
        "cik": "0001593538",
        "fillingDate": "2014-05-09",
        "acceptedDate": "2014-05-09 17:19:16",
        "calendarYear": "2014",
        "period": "Q1",
        "revenue": 936000000,
        "costOfRevenue": 366000000,
        "grossProfit": 570000000,
        "grossProfitRatio": 0.608974359,
        "researchAndDevelopmentExpenses": 0,
        "generalAndAdministrativeExpenses": 142000000,
        "sellingAndMarketingExpenses": 0,
        "sellingGeneralAndAdministrativeExpenses": 142000000,
        "otherExpenses": 794000000,
        "operatingExpenses": 936000000,
        "costAndExpenses": 732000000,
        "interestIncome": 1296000000,
        "interestExpense": 530000000,
        "depreciationAndAmortization": 666000000,
        "ebitda": 885000000,
        "ebitdaratio": 0.9455128205,
        "operatingIncome": 219000000,
        "operatingIncomeRatio": 0.233974359,
        "totalOtherIncomeExpensesNet": -65000000,
        "incomeBeforeTax": 355000000,
        "incomeBeforeTaxRatio": 0.3792735043,
        "incomeTaxExpense": 136000000,
        "netIncome": 219000000,
        "netIncomeRatio": 0.233974359,
        "eps": 0.5,
        "epsdiluted": 0.49,
        "weightedAverageShsOut": 427000000,
        "weightedAverageShsOutDil": 435000000,
        "link": "https://www.sec.gov/Archives/edgar/data/1593538/000119312514192760/0001193125-14-192760-index.htm",
        "finalLink": "https://www.sec.gov/Archives/edgar/data/1593538/000119312514192760/d711908d10q.htm"
    },
    {
        "date": "2013-12-31",
        "symbol": "NAVI",
        "reportedCurrency": "USD",
        "cik": "0001593538",
        "fillingDate": "2013-12-31",
        "acceptedDate": "2013-12-30 19:00:00",
        "calendarYear": "2013",
        "period": "Q4",
        "revenue": 865000000,
        "costOfRevenue": 0,
        "grossProfit": 865000000,
        "grossProfitRatio": 1,
        "researchAndDevelopmentExpenses": 0,
        "generalAndAdministrativeExpenses": 124000000,
        "sellingAndMarketingExpenses": 0,
        "sellingGeneralAndAdministrativeExpenses": 124000000,
        "otherExpenses": -45000000,
        "operatingExpenses": 79000000,
        "costAndExpenses": 79000000,
        "interestIncome": 1333000000,
        "interestExpense": 544000000,
        "depreciationAndAmortization": -470000000,
        "ebitda": 415000000,
        "ebitdaratio": 0.4797687861,
        "operatingIncome": 944000000,
        "operatingIncomeRatio": 1.0913294798,
        "totalOtherIncomeExpensesNet": -129000000,
        "incomeBeforeTax": 341000000,
        "incomeBeforeTaxRatio": 0.3942196532,
        "incomeTaxExpense": 131000000,
        "netIncome": 269000000,
        "netIncomeRatio": 0.310982659,
        "eps": 0.64,
        "epsdiluted": 0.64,
        "weightedAverageShsOut": 422739239,
        "weightedAverageShsOutDil": 422739239,
        "link": "",
        "finalLink": ""
    },
    {
        "date": "2013-09-30",
        "symbol": "NAVI",
        "reportedCurrency": "USD",
        "cik": "0001593538",
        "fillingDate": "2013-09-30",
        "acceptedDate": "2013-09-30 00:00:00",
        "calendarYear": "2013",
        "period": "Q3",
        "revenue": 868000000,
        "costOfRevenue": 0,
        "grossProfit": 868000000,
        "grossProfitRatio": 1,
        "researchAndDevelopmentExpenses": 0,
        "generalAndAdministrativeExpenses": 128000000,
        "sellingAndMarketingExpenses": 0,
        "sellingGeneralAndAdministrativeExpenses": 128000000,
        "otherExpenses": -59000000,
        "operatingExpenses": 69000000,
        "costAndExpenses": 69000000,
        "interestIncome": 1340000000,
        "interestExpense": 541000000,
        "depreciationAndAmortization": -400000000,
        "ebitda": 529000000,
        "ebitdaratio": 0.6094470046,
        "operatingIncome": 937000000,
        "operatingIncomeRatio": 1.0794930876,
        "totalOtherIncomeExpensesNet": -12000000,
        "incomeBeforeTax": 388000000,
        "incomeBeforeTaxRatio": 0.4470046083,
        "incomeTaxExpense": 136000000,
        "netIncome": 260000000,
        "netIncomeRatio": 0.2995391705,
        "eps": 0.6,
        "epsdiluted": 0.59,
        "weightedAverageShsOut": 427000000,
        "weightedAverageShsOutDil": 435000000,
        "link": "",
        "finalLink": ""
    },
    {
        "date": "2013-06-30",
        "symbol": "NAVI",
        "reportedCurrency": "USD",
        "cik": "0001593538",
        "fillingDate": "2013-06-30",
        "acceptedDate": "2013-06-30 00:00:00",
        "calendarYear": "2013",
        "period": "Q2",
        "revenue": 1255000000,
        "costOfRevenue": 0,
        "grossProfit": 1255000000,
        "grossProfitRatio": 1,
        "researchAndDevelopmentExpenses": 0,
        "generalAndAdministrativeExpenses": 128000000,
        "sellingAndMarketingExpenses": 0,
        "sellingGeneralAndAdministrativeExpenses": 128000000,
        "otherExpenses": 12000000,
        "operatingExpenses": 140000000,
        "costAndExpenses": 140000000,
        "interestIncome": 1337000000,
        "interestExpense": 553000000,
        "depreciationAndAmortization": -920000000,
        "ebitda": 436000000,
        "ebitdaratio": 0.3474103586,
        "operatingIncome": 1395000000,
        "operatingIncomeRatio": 1.1115537849,
        "totalOtherIncomeExpensesNet": -117000000,
        "incomeBeforeTax": 803000000,
        "incomeBeforeTaxRatio": 0.6398406375,
        "incomeTaxExpense": 299000000,
        "netIncome": 543000000,
        "netIncomeRatio": 0.4326693227,
        "eps": 1.26,
        "epsdiluted": 1.24,
        "weightedAverageShsOut": 427000000,
        "weightedAverageShsOutDil": 435000000,
        "link": "",
        "finalLink": ""
    },
    {
        "date": "2013-03-31",
        "symbol": "NAVI",
        "reportedCurrency": "USD",
        "cik": "0001593538",
        "fillingDate": "2013-03-31",
        "acceptedDate": "2013-03-31 00:00:00",
        "calendarYear": "2013",
        "period": "Q1",
        "revenue": 923000000,
        "costOfRevenue": 0,
        "grossProfit": 923000000,
        "grossProfitRatio": 1,
        "researchAndDevelopmentExpenses": 0,
        "generalAndAdministrativeExpenses": 125000000,
        "sellingAndMarketingExpenses": 0,
        "sellingGeneralAndAdministrativeExpenses": 125000000,
        "otherExpenses": 80000000,
        "operatingExpenses": 205000000,
        "costAndExpenses": 205000000,
        "interestIncome": 1366000000,
        "interestExpense": 571000000,
        "depreciationAndAmortization": -569000000,
        "ebitda": 557000000,
        "ebitdaratio": 0.6034669556,
        "operatingIncome": 1128000000,
        "operatingIncomeRatio": 1.2221018418,
        "totalOtherIncomeExpensesNet": -13000000,
        "incomeBeforeTax": 556000000,
        "incomeBeforeTaxRatio": 0.602383532,
        "incomeTaxExpense": 211000000,
        "netIncome": 346000000,
        "netIncomeRatio": 0.374864572,
        "eps": 0.8,
        "epsdiluted": 0.78,
        "weightedAverageShsOut": 427000000,
        "weightedAverageShsOutDil": 435000000,
        "link": "",
        "finalLink": ""
    },
    {
        "date": "2012-12-31",
        "symbol": "NAVI",
        "reportedCurrency": "USD",
        "cik": "0001593538",
        "fillingDate": "2012-12-31",
        "acceptedDate": "2012-12-30 19:00:00",
        "calendarYear": "2012",
        "period": "Q4",
        "revenue": 759000000,
        "costOfRevenue": 0,
        "grossProfit": 759000000,
        "grossProfitRatio": 1,
        "researchAndDevelopmentExpenses": 0,
        "generalAndAdministrativeExpenses": 0,
        "sellingAndMarketingExpenses": 0,
        "sellingGeneralAndAdministrativeExpenses": 114000000,
        "otherExpenses": 0,
        "operatingExpenses": 253000000,
        "costAndExpenses": 253000000,
        "interestIncome": 0,
        "interestExpense": 0,
        "depreciationAndAmortization": -529000000,
        "ebitda": -28000000,
        "ebitdaratio": -0.0368906456,
        "operatingIncome": 529000000,
        "operatingIncomeRatio": 0.696969697,
        "totalOtherIncomeExpensesNet": -23000000,
        "incomeBeforeTax": 506000000,
        "incomeBeforeTaxRatio": 0.6666666667,
        "incomeTaxExpense": 158000000,
        "netIncome": 343000000,
        "netIncomeRatio": 0.4519104084,
        "eps": 0.73,
        "epsdiluted": 0.74,
        "weightedAverageShsOut": 467773412,
        "weightedAverageShsOutDil": 463000000,
        "link": null,
        "finalLink": null
    },
    {
        "date": "2012-09-30",
        "symbol": "NAVI",
        "reportedCurrency": "USD",
        "cik": "0001593538",
        "fillingDate": "2012-09-30",
        "acceptedDate": "2012-09-29 20:00:00",
        "calendarYear": "2012",
        "period": "Q3",
        "revenue": 474000000,
        "costOfRevenue": 0,
        "grossProfit": 474000000,
        "grossProfitRatio": 1,
        "researchAndDevelopmentExpenses": 0,
        "generalAndAdministrativeExpenses": 0,
        "sellingAndMarketingExpenses": 0,
        "sellingGeneralAndAdministrativeExpenses": 113000000,
        "otherExpenses": 0,
        "operatingExpenses": 183000000,
        "costAndExpenses": -183000000,
        "interestIncome": 0,
        "interestExpense": 0,
        "depreciationAndAmortization": 0,
        "ebitda": 287000000,
        "ebitdaratio": 0.6054852321,
        "operatingIncome": 287000000,
        "operatingIncomeRatio": 0.6054852321,
        "totalOtherIncomeExpensesNet": 0,
        "incomeBeforeTax": 291000000,
        "incomeBeforeTaxRatio": 0.6139240506,
        "incomeTaxExpense": 104000000,
        "netIncome": 183000000,
        "netIncomeRatio": 0.3860759494,
        "eps": 0.39,
        "epsdiluted": 0.39,
        "weightedAverageShsOut": 469230769,
        "weightedAverageShsOutDil": 471000000,
        "link": null,
        "finalLink": null
    }
]