[
    {
        "date": "2020-06-30",
        "symbol": "NBL",
        "reportedCurrency": "USD",
        "cik": "0000072207",
        "fillingDate": "2020-08-03",
        "acceptedDate": "2020-08-03 08:19:51",
        "calendarYear": "2020",
        "period": "Q2",
        "revenue": 571000000,
        "costOfRevenue": 597000000,
        "grossProfit": -26000000,
        "grossProfitRatio": -0.0455341506,
        "researchAndDevelopmentExpenses": 0,
        "generalAndAdministrativeExpenses": 63000000,
        "sellingAndMarketingExpenses": 10000000,
        "sellingGeneralAndAdministrativeExpenses": 73000000,
        "otherExpenses": 15000000,
        "operatingExpenses": 88000000,
        "costAndExpenses": 685000000,
        "interestIncome": 0,
        "interestExpense": 87000000,
        "depreciationAndAmortization": -296000000,
        "ebitda": -410000000,
        "ebitdaratio": -0.7180385289,
        "operatingIncome": -114000000,
        "operatingIncomeRatio": -0.1996497373,
        "totalOtherIncomeExpensesNet": -362000000,
        "incomeBeforeTax": -476000000,
        "incomeBeforeTaxRatio": -0.8336252189,
        "incomeTaxExpense": -89000000,
        "netIncome": -408000000,
        "netIncomeRatio": -0.7145359019,
        "eps": -0.85,
        "epsdiluted": -0.85,
        "weightedAverageShsOut": 479000000,
        "weightedAverageShsOutDil": 479000000,
        "link": "https://www.sec.gov/Archives/edgar/data/72207/000007220720000069/0000072207-20-000069-index.htm",
        "finalLink": "https://www.sec.gov/Archives/edgar/data/72207/000007220720000069/nbl-20200630x10q.htm"
    },
    {
        "date": "2020-03-31",
        "symbol": "NBL",
        "reportedCurrency": "USD",
        "cik": "0000072207",
        "fillingDate": "2020-05-08",
        "acceptedDate": "2020-05-08 12:58:56",
        "calendarYear": "2020",
        "period": "Q1",
        "revenue": 1020000000,
        "costOfRevenue": 907000000,
        "grossProfit": 113000000,
        "grossProfitRatio": 0.1107843137,
        "researchAndDevelopmentExpenses": 0,
        "generalAndAdministrativeExpenses": 85000000,
        "sellingAndMarketingExpenses": 1504000000,
        "sellingGeneralAndAdministrativeExpenses": 1589000000,
        "otherExpenses": 0,
        "operatingExpenses": 1589000000,
        "costAndExpenses": 2496000000,
        "interestIncome": 0,
        "interestExpense": 81000000,
        "depreciationAndAmortization": -2417000000,
        "ebitda": -3893000000,
        "ebitdaratio": -3.8166666667,
        "operatingIncome": -1476000000,
        "operatingIncomeRatio": -1.4470588235,
        "totalOtherIncomeExpensesNet": -2542000000,
        "incomeBeforeTax": -4018000000,
        "incomeBeforeTaxRatio": -3.9392156863,
        "incomeTaxExpense": -11000000,
        "netIncome": -3963000000,
        "netIncomeRatio": -3.8852941176,
        "eps": -8.27,
        "epsdiluted": -8.27,
        "weightedAverageShsOut": 479000000,
        "weightedAverageShsOutDil": 479000000,
        "link": "https://www.sec.gov/Archives/edgar/data/72207/000007220720000041/0000072207-20-000041-index.html",
        "finalLink": "https://www.sec.gov/Archives/edgar/data/72207/000007220720000041/nbl-20200331x10q.htm"
    },
    {
        "date": "2019-12-31",
        "symbol": "NBL",
        "reportedCurrency": "USD",
        "cik": "0000072207",
        "fillingDate": "2020-02-12",
        "acceptedDate": "2020-02-12 10:57:26",
        "calendarYear": "2019",
        "period": "Q4",
        "revenue": 1174000000,
        "costOfRevenue": 988000000,
        "grossProfit": 186000000,
        "grossProfitRatio": 0.1584327087,
        "researchAndDevelopmentExpenses": 0,
        "generalAndAdministrativeExpenses": 118000000,
        "sellingAndMarketingExpenses": 8000000,
        "sellingGeneralAndAdministrativeExpenses": 126000000,
        "otherExpenses": 129000000,
        "operatingExpenses": 255000000,
        "costAndExpenses": 1243000000,
        "interestIncome": 0,
        "interestExpense": 64000000,
        "depreciationAndAmortization": -1367000000,
        "ebitda": -1436000000,
        "ebitdaratio": -1.2231686542,
        "operatingIncome": -69000000,
        "operatingIncomeRatio": -0.0587734242,
        "totalOtherIncomeExpensesNet": -1413000000,
        "incomeBeforeTax": -1482000000,
        "incomeBeforeTaxRatio": -1.262350937,
        "incomeTaxExpense": -294000000,
        "netIncome": -1206000000,
        "netIncomeRatio": -1.0272572402,
        "eps": -2.52,
        "epsdiluted": -2.52,
        "weightedAverageShsOut": 478000000,
        "weightedAverageShsOutDil": 478000000,
        "link": "https://www.sec.gov/Archives/edgar/data/72207/000007220720000010/0000072207-20-000010-index.html",
        "finalLink": "https://www.sec.gov/Archives/edgar/data/72207/000007220720000010/nbl-20191231x10k.htm"
    },
    {
        "date": "2019-09-30",
        "symbol": "NBL",
        "reportedCurrency": "USD",
        "cik": "0000072207",
        "fillingDate": "2019-11-07",
        "acceptedDate": "2019-11-07 12:19:22",
        "calendarYear": "2019",
        "period": "Q3",
        "revenue": 1119000000,
        "costOfRevenue": 976000000,
        "grossProfit": 143000000,
        "grossProfitRatio": 0.127792672,
        "researchAndDevelopmentExpenses": 0,
        "generalAndAdministrativeExpenses": 91000000,
        "sellingAndMarketingExpenses": 7000000,
        "sellingGeneralAndAdministrativeExpenses": 98000000,
        "otherExpenses": 25000000,
        "operatingExpenses": 123000000,
        "costAndExpenses": 1099000000,
        "interestIncome": 0,
        "interestExpense": 67000000,
        "depreciationAndAmortization": 79000000,
        "ebitda": 99000000,
        "ebitdaratio": 0.0884718499,
        "operatingIncome": 20000000,
        "operatingIncomeRatio": 0.017873101,
        "totalOtherIncomeExpensesNet": 31000000,
        "incomeBeforeTax": 51000000,
        "incomeBeforeTaxRatio": 0.0455764075,
        "incomeTaxExpense": 15000000,
        "netIncome": 17000000,
        "netIncomeRatio": 0.0151921358,
        "eps": 0.0356,
        "epsdiluted": 0.0354,
        "weightedAverageShsOut": 478000000,
        "weightedAverageShsOutDil": 480000000,
        "link": "https://www.sec.gov/Archives/edgar/data/72207/000007220719000083/0000072207-19-000083-index.html",
        "finalLink": "https://www.sec.gov/Archives/edgar/data/72207/000007220719000083/nbl-20190930x10q.htm"
    },
    {
        "date": "2019-06-30",
        "symbol": "NBL",
        "reportedCurrency": "USD",
        "cik": "0000072207",
        "fillingDate": "2019-08-02",
        "acceptedDate": "2019-08-02 10:46:13",
        "calendarYear": "2019",
        "period": "Q2",
        "revenue": 1093000000,
        "costOfRevenue": 901000000,
        "grossProfit": 192000000,
        "grossProfitRatio": 0.175663312,
        "researchAndDevelopmentExpenses": 0,
        "generalAndAdministrativeExpenses": 105000000,
        "sellingAndMarketingExpenses": 14000000,
        "sellingGeneralAndAdministrativeExpenses": 119000000,
        "otherExpenses": 33000000,
        "operatingExpenses": 152000000,
        "costAndExpenses": 1053000000,
        "interestIncome": 0,
        "interestExpense": 63000000,
        "depreciationAndAmortization": 33000000,
        "ebitda": 73000000,
        "ebitdaratio": 0.0667886551,
        "operatingIncome": 40000000,
        "operatingIncomeRatio": 0.0365965233,
        "totalOtherIncomeExpensesNet": -12000000,
        "incomeBeforeTax": 28000000,
        "incomeBeforeTaxRatio": 0.0256175663,
        "incomeTaxExpense": 20000000,
        "netIncome": -10000000,
        "netIncomeRatio": -0.0091491308,
        "eps": -0.0209,
        "epsdiluted": -0.0209,
        "weightedAverageShsOut": 478000000,
        "weightedAverageShsOutDil": 478000000,
        "link": "https://www.sec.gov/Archives/edgar/data/72207/000007220719000067/0000072207-19-000067-index.htm",
        "finalLink": "https://www.sec.gov/Archives/edgar/data/72207/000007220719000067/nbl-20190630x10q.htm"
    },
    {
        "date": "2019-03-31",
        "symbol": "NBL",
        "reportedCurrency": "USD",
        "cik": "0000072207",
        "fillingDate": "2019-05-03",
        "acceptedDate": "2019-05-03 10:22:14",
        "calendarYear": "2019",
        "period": "Q1",
        "revenue": 1035000000,
        "costOfRevenue": 900000000,
        "grossProfit": 135000000,
        "grossProfitRatio": 0.1304347826,
        "researchAndDevelopmentExpenses": 0,
        "generalAndAdministrativeExpenses": 102000000,
        "sellingAndMarketingExpenses": 24000000,
        "sellingGeneralAndAdministrativeExpenses": 126000000,
        "otherExpenses": 0,
        "operatingExpenses": 126000000,
        "costAndExpenses": 1026000000,
        "interestIncome": 0,
        "interestExpense": 66000000,
        "depreciationAndAmortization": -340000000,
        "ebitda": -331000000,
        "ebitdaratio": -0.3198067633,
        "operatingIncome": 9000000,
        "operatingIncomeRatio": 0.0086956522,
        "totalOtherIncomeExpensesNet": -382000000,
        "incomeBeforeTax": -373000000,
        "incomeBeforeTaxRatio": -0.3603864734,
        "incomeTaxExpense": -84000000,
        "netIncome": -313000000,
        "netIncomeRatio": -0.3024154589,
        "eps": -0.65,
        "epsdiluted": -0.65,
        "weightedAverageShsOut": 478000000,
        "weightedAverageShsOutDil": 478000000,
        "link": "https://www.sec.gov/Archives/edgar/data/72207/000007220719000053/0000072207-19-000053-index.html",
        "finalLink": "https://www.sec.gov/Archives/edgar/data/72207/000007220719000053/nbl-20190331x10q.htm"
    },
    {
        "date": "2018-12-31",
        "symbol": "NBL",
        "reportedCurrency": "USD",
        "cik": "0000072207",
        "fillingDate": "2019-02-19",
        "acceptedDate": "2019-02-19 12:55:35",
        "calendarYear": "2018",
        "period": "Q4",
        "revenue": 1197000000,
        "costOfRevenue": 919000000,
        "grossProfit": 278000000,
        "grossProfitRatio": 0.2322472849,
        "researchAndDevelopmentExpenses": 0,
        "generalAndAdministrativeExpenses": 69000000,
        "sellingAndMarketingExpenses": 19000000,
        "sellingGeneralAndAdministrativeExpenses": 88000000,
        "otherExpenses": 36000000,
        "operatingExpenses": 124000000,
        "costAndExpenses": 1043000000,
        "interestIncome": 0,
        "interestExpense": 66000000,
        "depreciationAndAmortization": -830000000,
        "ebitda": -676000000,
        "ebitdaratio": -0.5647451963,
        "operatingIncome": 154000000,
        "operatingIncomeRatio": 0.1286549708,
        "totalOtherIncomeExpensesNet": -874000000,
        "incomeBeforeTax": -720000000,
        "incomeBeforeTaxRatio": -0.6015037594,
        "incomeTaxExpense": 82000000,
        "netIncome": -824000000,
        "netIncomeRatio": -0.6883876358,
        "eps": -1.72,
        "epsdiluted": -1.72,
        "weightedAverageShsOut": 479000000,
        "weightedAverageShsOutDil": 479000000,
        "link": "https://www.sec.gov/Archives/edgar/data/72207/000007220719000018/0000072207-19-000018-index.html",
        "finalLink": "https://www.sec.gov/Archives/edgar/data/72207/000007220719000018/nbl-20181231x10k.htm"
    },
    {
        "date": "2018-09-30",
        "symbol": "NBL",
        "reportedCurrency": "USD",
        "cik": "0000072207",
        "fillingDate": "2018-11-01",
        "acceptedDate": "2018-11-01 10:47:35",
        "calendarYear": "2018",
        "period": "Q3",
        "revenue": 1273000000,
        "costOfRevenue": 834000000,
        "grossProfit": 439000000,
        "grossProfitRatio": 0.344854674,
        "researchAndDevelopmentExpenses": 0,
        "generalAndAdministrativeExpenses": 107000000,
        "sellingAndMarketingExpenses": 11000000,
        "sellingGeneralAndAdministrativeExpenses": 118000000,
        "otherExpenses": 15000000,
        "operatingExpenses": 133000000,
        "costAndExpenses": 967000000,
        "interestIncome": 0,
        "interestExpense": 70000000,
        "depreciationAndAmortization": 50000000,
        "ebitda": 356000000,
        "ebitdaratio": 0.2796543598,
        "operatingIncome": 306000000,
        "operatingIncomeRatio": 0.2403770621,
        "totalOtherIncomeExpensesNet": 1000000,
        "incomeBeforeTax": 307000000,
        "incomeBeforeTaxRatio": 0.241162608,
        "incomeTaxExpense": 59000000,
        "netIncome": 227000000,
        "netIncomeRatio": 0.1783189317,
        "eps": 0.47,
        "epsdiluted": 0.47,
        "weightedAverageShsOut": 482000000,
        "weightedAverageShsOutDil": 484000000,
        "link": "https://www.sec.gov/Archives/edgar/data/72207/000007220718000073/0000072207-18-000073-index.html",
        "finalLink": "https://www.sec.gov/Archives/edgar/data/72207/000007220718000073/nbl-20180930x10q.htm"
    },
    {
        "date": "2018-06-30",
        "symbol": "NBL",
        "reportedCurrency": "USD",
        "cik": "0000072207",
        "fillingDate": "2018-08-03",
        "acceptedDate": "2018-08-03 10:27:14",
        "calendarYear": "2018",
        "period": "Q2",
        "revenue": 1100000000,
        "costOfRevenue": 828000000,
        "grossProfit": 272000000,
        "grossProfitRatio": 0.2472727273,
        "researchAndDevelopmentExpenses": 0,
        "generalAndAdministrativeExpenses": 105000000,
        "sellingAndMarketingExpenses": 7000000,
        "sellingGeneralAndAdministrativeExpenses": 112000000,
        "otherExpenses": 29000000,
        "operatingExpenses": 141000000,
        "costAndExpenses": 969000000,
        "interestIncome": 0,
        "interestExpense": 73000000,
        "depreciationAndAmortization": -65000000,
        "ebitda": 66000000,
        "ebitdaratio": 0.06,
        "operatingIncome": 131000000,
        "operatingIncomeRatio": 0.1190909091,
        "totalOtherIncomeExpensesNet": -121000000,
        "incomeBeforeTax": 10000000,
        "incomeBeforeTaxRatio": 0.0090909091,
        "incomeTaxExpense": 16000000,
        "netIncome": -23000000,
        "netIncomeRatio": -0.0209090909,
        "eps": -0.0475,
        "epsdiluted": -0.0475,
        "weightedAverageShsOut": 484000000,
        "weightedAverageShsOutDil": 484000000,
        "link": "https://www.sec.gov/Archives/edgar/data/72207/000007220718000060/0000072207-18-000060-index.html",
        "finalLink": "https://www.sec.gov/Archives/edgar/data/72207/000007220718000060/nbl-20180630x10q.htm"
    },
    {
        "date": "2018-03-31",
        "symbol": "NBL",
        "reportedCurrency": "USD",
        "cik": "0000072207",
        "fillingDate": "2018-05-01",
        "acceptedDate": "2018-05-01 12:32:19",
        "calendarYear": "2018",
        "period": "Q1",
        "revenue": 1173000000,
        "costOfRevenue": 789000000,
        "grossProfit": 384000000,
        "grossProfitRatio": 0.3273657289,
        "researchAndDevelopmentExpenses": 0,
        "generalAndAdministrativeExpenses": 99000000,
        "sellingAndMarketingExpenses": 5000000,
        "sellingGeneralAndAdministrativeExpenses": 104000000,
        "otherExpenses": 35000000,
        "operatingExpenses": 139000000,
        "costAndExpenses": 928000000,
        "interestIncome": 0,
        "interestExpense": 73000000,
        "depreciationAndAmortization": 371000000,
        "ebitda": 616000000,
        "ebitdaratio": 0.5251491901,
        "operatingIncome": 245000000,
        "operatingIncomeRatio": 0.2088661552,
        "totalOtherIncomeExpensesNet": 298000000,
        "incomeBeforeTax": 543000000,
        "incomeBeforeTaxRatio": 0.462915601,
        "incomeTaxExpense": -31000000,
        "netIncome": 574000000,
        "netIncomeRatio": 0.4893435635,
        "eps": 1.18,
        "epsdiluted": 1.18,
        "weightedAverageShsOut": 487000000,
        "weightedAverageShsOutDil": 488000000,
        "link": "https://www.sec.gov/Archives/edgar/data/72207/000007220718000041/0000072207-18-000041-index.html",
        "finalLink": "https://www.sec.gov/Archives/edgar/data/72207/000007220718000041/nbl-20180331x10q.htm"
    },
    {
        "date": "2017-12-31",
        "symbol": "NBL",
        "reportedCurrency": "USD",
        "cik": "0000072207",
        "fillingDate": "2018-02-20",
        "acceptedDate": "2018-02-20 10:49:21",
        "calendarYear": "2017",
        "period": "Q4",
        "revenue": 1142000000,
        "costOfRevenue": 774000000,
        "grossProfit": 368000000,
        "grossProfitRatio": 0.3222416813,
        "researchAndDevelopmentExpenses": 0,
        "generalAndAdministrativeExpenses": 150000000,
        "sellingAndMarketingExpenses": 8000000,
        "sellingGeneralAndAdministrativeExpenses": 158000000,
        "otherExpenses": 52000000,
        "operatingExpenses": 210000000,
        "costAndExpenses": 984000000,
        "interestIncome": 0,
        "interestExpense": 83000000,
        "depreciationAndAmortization": 195000000,
        "ebitda": 353000000,
        "ebitdaratio": 0.3091068301,
        "operatingIncome": 158000000,
        "operatingIncomeRatio": 0.1383537653,
        "totalOtherIncomeExpensesNet": 134000000,
        "incomeBeforeTax": 292000000,
        "incomeBeforeTaxRatio": 0.2556917688,
        "incomeTaxExpense": -224000000,
        "netIncome": 494000000,
        "netIncomeRatio": 0.4325744308,
        "eps": 1.01,
        "epsdiluted": 1.01,
        "weightedAverageShsOut": 487000000,
        "weightedAverageShsOutDil": 488000000,
        "link": "https://www.sec.gov/Archives/edgar/data/72207/000007220718000020/0000072207-18-000020-index.html",
        "finalLink": "https://www.sec.gov/Archives/edgar/data/72207/000007220718000020/nbl-20171231x10k.htm"
    },
    {
        "date": "2017-09-30",
        "symbol": "NBL",
        "reportedCurrency": "USD",
        "cik": "0000072207",
        "fillingDate": "2017-10-31",
        "acceptedDate": "2017-10-31 10:26:05",
        "calendarYear": "2017",
        "period": "Q3",
        "revenue": 907000000,
        "costOfRevenue": 803000000,
        "grossProfit": 104000000,
        "grossProfitRatio": 0.1146637266,
        "researchAndDevelopmentExpenses": 0,
        "generalAndAdministrativeExpenses": 96000000,
        "sellingAndMarketingExpenses": 6000000,
        "sellingGeneralAndAdministrativeExpenses": 102000000,
        "otherExpenses": 64000000,
        "operatingExpenses": 166000000,
        "costAndExpenses": 969000000,
        "interestIncome": 0,
        "interestExpense": 88000000,
        "depreciationAndAmortization": -79000000,
        "ebitda": -141000000,
        "ebitdaratio": -0.1554575524,
        "operatingIncome": -62000000,
        "operatingIncomeRatio": -0.0683572216,
        "totalOtherIncomeExpensesNet": -146000000,
        "incomeBeforeTax": -208000000,
        "incomeBeforeTaxRatio": -0.2293274531,
        "incomeTaxExpense": -93000000,
        "netIncome": -136000000,
        "netIncomeRatio": -0.1499448732,
        "eps": -0.28,
        "epsdiluted": -0.28,
        "weightedAverageShsOut": 487000000,
        "weightedAverageShsOutDil": 487000000,
        "link": "https://www.sec.gov/Archives/edgar/data/72207/000007220717000089/0000072207-17-000089-index.html",
        "finalLink": "https://www.sec.gov/Archives/edgar/data/72207/000007220717000089/nbl-20170930x10q.htm"
    },
    {
        "date": "2017-06-30",
        "symbol": "NBL",
        "reportedCurrency": "USD",
        "cik": "0000072207",
        "fillingDate": "2017-08-03",
        "acceptedDate": "2017-08-03 17:19:50",
        "calendarYear": "2017",
        "period": "Q2",
        "revenue": 1017000000,
        "costOfRevenue": 786000000,
        "grossProfit": 231000000,
        "grossProfitRatio": 0.2271386431,
        "researchAndDevelopmentExpenses": 0,
        "generalAndAdministrativeExpenses": 103000000,
        "sellingAndMarketingExpenses": 30000000,
        "sellingGeneralAndAdministrativeExpenses": 133000000,
        "otherExpenses": 0,
        "operatingExpenses": 133000000,
        "costAndExpenses": 919000000,
        "interestIncome": 0,
        "interestExpense": 96000000,
        "depreciationAndAmortization": -2350000000,
        "ebitda": -2252000000,
        "ebitdaratio": -2.2143559489,
        "operatingIncome": 98000000,
        "operatingIncomeRatio": 0.0963618486,
        "totalOtherIncomeExpensesNet": -2432000000,
        "incomeBeforeTax": -2334000000,
        "incomeBeforeTaxRatio": -2.2949852507,
        "incomeTaxExpense": -836000000,
        "netIncome": -1512000000,
        "netIncomeRatio": -1.4867256637,
        "eps": -3.2,
        "epsdiluted": -3.2,
        "weightedAverageShsOut": 472000000,
        "weightedAverageShsOutDil": 472000000,
        "link": "https://www.sec.gov/Archives/edgar/data/72207/000007220717000066/0000072207-17-000066-index.html",
        "finalLink": "https://www.sec.gov/Archives/edgar/data/72207/000007220717000066/nbl-20170630x10q.htm"
    },
    {
        "date": "2017-03-31",
        "symbol": "NBL",
        "reportedCurrency": "USD",
        "cik": "0000072207",
        "fillingDate": "2017-05-02",
        "acceptedDate": "2017-05-02 10:32:49",
        "calendarYear": "2017",
        "period": "Q1",
        "revenue": 994000000,
        "costOfRevenue": 831000000,
        "grossProfit": 163000000,
        "grossProfitRatio": 0.1639839034,
        "researchAndDevelopmentExpenses": 0,
        "generalAndAdministrativeExpenses": 99000000,
        "sellingAndMarketingExpenses": 19000000,
        "sellingGeneralAndAdministrativeExpenses": 118000000,
        "otherExpenses": 42000000,
        "operatingExpenses": 160000000,
        "costAndExpenses": 991000000,
        "interestIncome": 0,
        "interestExpense": 87000000,
        "depreciationAndAmortization": 132000000,
        "ebitda": 135000000,
        "ebitdaratio": 0.1358148893,
        "operatingIncome": 3000000,
        "operatingIncomeRatio": 0.0030181087,
        "totalOtherIncomeExpensesNet": 56000000,
        "incomeBeforeTax": 59000000,
        "incomeBeforeTaxRatio": 0.0593561368,
        "incomeTaxExpense": 12000000,
        "netIncome": 36000000,
        "netIncomeRatio": 0.0362173038,
        "eps": 0.0835,
        "epsdiluted": 0.0829,
        "weightedAverageShsOut": 431000000,
        "weightedAverageShsOutDil": 434000000,
        "link": "https://www.sec.gov/Archives/edgar/data/72207/000007220717000039/0000072207-17-000039-index.html",
        "finalLink": "https://www.sec.gov/Archives/edgar/data/72207/000007220717000039/nbl-20170331x10q.htm"
    },
    {
        "date": "2016-12-31",
        "symbol": "NBL",
        "reportedCurrency": "USD",
        "cik": "0000072207",
        "fillingDate": "2017-02-14",
        "acceptedDate": "2017-02-14 10:45:06",
        "calendarYear": "2016",
        "period": "Q4",
        "revenue": 978000000,
        "costOfRevenue": 858000000,
        "grossProfit": 120000000,
        "grossProfitRatio": 0.1226993865,
        "researchAndDevelopmentExpenses": 0,
        "generalAndAdministrativeExpenses": 147000000,
        "sellingAndMarketingExpenses": 17000000,
        "sellingGeneralAndAdministrativeExpenses": 164000000,
        "otherExpenses": 549000000,
        "operatingExpenses": 713000000,
        "costAndExpenses": 1571000000,
        "interestIncome": 0,
        "interestExpense": 86000000,
        "depreciationAndAmortization": 126000000,
        "ebitda": -467000000,
        "ebitdaratio": -0.4775051125,
        "operatingIncome": -593000000,
        "operatingIncomeRatio": -0.6063394683,
        "totalOtherIncomeExpensesNet": 52000000,
        "incomeBeforeTax": -541000000,
        "incomeBeforeTaxRatio": -0.5531697342,
        "incomeTaxExpense": -301000000,
        "netIncome": -252000000,
        "netIncomeRatio": -0.2576687117,
        "eps": -0.59,
        "epsdiluted": -0.59,
        "weightedAverageShsOut": 430000000,
        "weightedAverageShsOutDil": 430000000,
        "link": "https://www.sec.gov/Archives/edgar/data/72207/000007220717000014/0000072207-17-000014-index.html",
        "finalLink": "https://www.sec.gov/Archives/edgar/data/72207/000007220717000014/nbl-20161231x10k.htm"
    },
    {
        "date": "2016-09-30",
        "symbol": "NBL",
        "reportedCurrency": "USD",
        "cik": "0000072207",
        "fillingDate": "2016-11-02",
        "acceptedDate": "2016-11-02 11:14:37",
        "calendarYear": "2016",
        "period": "Q3",
        "revenue": 882000000,
        "costOfRevenue": 895000000,
        "grossProfit": -13000000,
        "grossProfitRatio": -0.014739229,
        "researchAndDevelopmentExpenses": 0,
        "generalAndAdministrativeExpenses": 75000000,
        "sellingAndMarketingExpenses": 20000000,
        "sellingGeneralAndAdministrativeExpenses": 95000000,
        "otherExpenses": 125000000,
        "operatingExpenses": 220000000,
        "costAndExpenses": 1115000000,
        "interestIncome": 0,
        "interestExpense": 86000000,
        "depreciationAndAmortization": 38000000,
        "ebitda": -195000000,
        "ebitdaratio": -0.2210884354,
        "operatingIncome": -233000000,
        "operatingIncomeRatio": -0.2641723356,
        "totalOtherIncomeExpensesNet": -47000000,
        "incomeBeforeTax": -280000000,
        "incomeBeforeTaxRatio": -0.3174603175,
        "incomeTaxExpense": -137000000,
        "netIncome": -144000000,
        "netIncomeRatio": -0.1632653061,
        "eps": -0.33,
        "epsdiluted": -0.33,
        "weightedAverageShsOut": 430000000,
        "weightedAverageShsOutDil": 430000000,
        "link": "https://www.sec.gov/Archives/edgar/data/72207/000007220716000115/0000072207-16-000115-index.html",
        "finalLink": "https://www.sec.gov/Archives/edgar/data/72207/000007220716000115/nbl-20160930x10q.htm"
    },
    {
        "date": "2016-06-30",
        "symbol": "NBL",
        "reportedCurrency": "USD",
        "cik": "0000072207",
        "fillingDate": "2016-08-03",
        "acceptedDate": "2016-08-03 12:38:46",
        "calendarYear": "2016",
        "period": "Q2",
        "revenue": 823000000,
        "costOfRevenue": 896000000,
        "grossProfit": -73000000,
        "grossProfitRatio": -0.0886998785,
        "researchAndDevelopmentExpenses": 0,
        "generalAndAdministrativeExpenses": 107000000,
        "sellingAndMarketingExpenses": 89000000,
        "sellingGeneralAndAdministrativeExpenses": 196000000,
        "otherExpenses": 0,
        "operatingExpenses": 196000000,
        "costAndExpenses": 1092000000,
        "interestIncome": 0,
        "interestExpense": 78000000,
        "depreciationAndAmortization": -151000000,
        "ebitda": -420000000,
        "ebitdaratio": -0.510328068,
        "operatingIncome": -269000000,
        "operatingIncomeRatio": -0.3268529769,
        "totalOtherIncomeExpensesNet": -229000000,
        "incomeBeforeTax": -498000000,
        "incomeBeforeTaxRatio": -0.6051032807,
        "incomeTaxExpense": -183000000,
        "netIncome": -315000000,
        "netIncomeRatio": -0.382746051,
        "eps": -0.73,
        "epsdiluted": -0.73,
        "weightedAverageShsOut": 430000000,
        "weightedAverageShsOutDil": 430000000,
        "link": "https://www.sec.gov/Archives/edgar/data/72207/000007220716000104/0000072207-16-000104-index.htm",
        "finalLink": "https://www.sec.gov/Archives/edgar/data/72207/000007220716000104/nbl-20160630x10q.htm"
    },
    {
        "date": "2016-03-31",
        "symbol": "NBL",
        "reportedCurrency": "USD",
        "cik": "0000072207",
        "fillingDate": "2016-05-04",
        "acceptedDate": "2016-05-04 11:15:37",
        "calendarYear": "2016",
        "period": "Q1",
        "revenue": 705000000,
        "costOfRevenue": 889000000,
        "grossProfit": -184000000,
        "grossProfitRatio": -0.2609929078,
        "researchAndDevelopmentExpenses": 0,
        "generalAndAdministrativeExpenses": 91000000,
        "sellingAndMarketingExpenses": 22000000,
        "sellingGeneralAndAdministrativeExpenses": 113000000,
        "otherExpenses": 163000000,
        "operatingExpenses": 276000000,
        "costAndExpenses": 1165000000,
        "interestIncome": 0,
        "interestExpense": 79000000,
        "depreciationAndAmortization": 86000000,
        "ebitda": -374000000,
        "ebitdaratio": -0.5304964539,
        "operatingIncome": -460000000,
        "operatingIncomeRatio": -0.6524822695,
        "totalOtherIncomeExpensesNet": 7000000,
        "incomeBeforeTax": -453000000,
        "incomeBeforeTaxRatio": -0.6425531915,
        "incomeTaxExpense": -166000000,
        "netIncome": -287000000,
        "netIncomeRatio": -0.4070921986,
        "eps": -0.67,
        "epsdiluted": -0.67,
        "weightedAverageShsOut": 429000000,
        "weightedAverageShsOutDil": 429000000,
        "link": "https://www.sec.gov/Archives/edgar/data/72207/000007220716000088/0000072207-16-000088-index.html",
        "finalLink": "https://www.sec.gov/Archives/edgar/data/72207/000007220716000088/nbl-20160331x10q.htm"
    },
    {
        "date": "2015-12-31",
        "symbol": "NBL",
        "reportedCurrency": "USD",
        "cik": "0000072207",
        "fillingDate": "2016-02-17",
        "acceptedDate": "2016-02-17 12:45:45",
        "calendarYear": "2015",
        "period": "Q4",
        "revenue": 816000000,
        "costOfRevenue": 956000000,
        "grossProfit": -140000000,
        "grossProfitRatio": -0.1715686275,
        "researchAndDevelopmentExpenses": 0,
        "generalAndAdministrativeExpenses": 88000000,
        "sellingAndMarketingExpenses": 189000000,
        "sellingGeneralAndAdministrativeExpenses": 277000000,
        "otherExpenses": 0,
        "operatingExpenses": 277000000,
        "costAndExpenses": 1233000000,
        "interestIncome": 0,
        "interestExpense": 80000000,
        "depreciationAndAmortization": -1129000000,
        "ebitda": -1546000000,
        "ebitdaratio": -1.8946078431,
        "operatingIncome": -417000000,
        "operatingIncomeRatio": -0.5110294118,
        "totalOtherIncomeExpensesNet": -1209000000,
        "incomeBeforeTax": -1626000000,
        "incomeBeforeTaxRatio": -1.9926470588,
        "incomeTaxExpense": 402000000,
        "netIncome": -2028000000,
        "netIncomeRatio": -2.4852941176,
        "eps": -4.73,
        "epsdiluted": -4.73,
        "weightedAverageShsOut": 429000000,
        "weightedAverageShsOutDil": 429000000,
        "link": "https://www.sec.gov/Archives/edgar/data/72207/000007220716000070/0000072207-16-000070-index.html",
        "finalLink": "https://www.sec.gov/Archives/edgar/data/72207/000007220716000070/nbl-20151231x10k.htm"
    },
    {
        "date": "2015-09-30",
        "symbol": "NBL",
        "reportedCurrency": "USD",
        "cik": "0000072207",
        "fillingDate": "2015-11-02",
        "acceptedDate": "2015-11-02 11:02:18",
        "calendarYear": "2015",
        "period": "Q3",
        "revenue": 765000000,
        "costOfRevenue": 774000000,
        "grossProfit": -9000000,
        "grossProfitRatio": -0.0117647059,
        "researchAndDevelopmentExpenses": 0,
        "generalAndAdministrativeExpenses": 176000000,
        "sellingAndMarketingExpenses": 220000000,
        "sellingGeneralAndAdministrativeExpenses": 396000000,
        "otherExpenses": 0,
        "operatingExpenses": 396000000,
        "costAndExpenses": 1170000000,
        "interestIncome": 0,
        "interestExpense": 71000000,
        "depreciationAndAmortization": 217000000,
        "ebitda": -188000000,
        "ebitdaratio": -0.245751634,
        "operatingIncome": -405000000,
        "operatingIncomeRatio": -0.5294117647,
        "totalOtherIncomeExpensesNet": 146000000,
        "incomeBeforeTax": -259000000,
        "incomeBeforeTaxRatio": -0.3385620915,
        "incomeTaxExpense": 24000000,
        "netIncome": -283000000,
        "netIncomeRatio": -0.3699346405,
        "eps": -0.67,
        "epsdiluted": -0.67,
        "weightedAverageShsOut": 420000000,
        "weightedAverageShsOutDil": 420000000,
        "link": "https://www.sec.gov/Archives/edgar/data/72207/000007220715000062/0000072207-15-000062-index.html",
        "finalLink": "https://www.sec.gov/Archives/edgar/data/72207/000007220715000062/nbl-20150930x10q.htm"
    },
    {
        "date": "2015-06-30",
        "symbol": "NBL",
        "reportedCurrency": "USD",
        "cik": "0000072207",
        "fillingDate": "2015-08-03",
        "acceptedDate": "2015-08-03 11:16:02",
        "calendarYear": "2015",
        "period": "Q2",
        "revenue": 724000000,
        "costOfRevenue": 664000000,
        "grossProfit": 60000000,
        "grossProfitRatio": 0.0828729282,
        "researchAndDevelopmentExpenses": 0,
        "generalAndAdministrativeExpenses": 104000000,
        "sellingAndMarketingExpenses": 41000000,
        "sellingGeneralAndAdministrativeExpenses": 145000000,
        "otherExpenses": 0,
        "operatingExpenses": 145000000,
        "costAndExpenses": 809000000,
        "interestIncome": 0,
        "interestExpense": 54000000,
        "depreciationAndAmortization": -154000000,
        "ebitda": -239000000,
        "ebitdaratio": -0.3301104972,
        "operatingIncome": -85000000,
        "operatingIncomeRatio": -0.1174033149,
        "totalOtherIncomeExpensesNet": -208000000,
        "incomeBeforeTax": -293000000,
        "incomeBeforeTaxRatio": -0.4046961326,
        "incomeTaxExpense": -184000000,
        "netIncome": -109000000,
        "netIncomeRatio": -0.1505524862,
        "eps": -0.28,
        "epsdiluted": -0.28,
        "weightedAverageShsOut": 387000000,
        "weightedAverageShsOutDil": 387000000,
        "link": "https://www.sec.gov/Archives/edgar/data/72207/000007220715000047/0000072207-15-000047-index.html",
        "finalLink": "https://www.sec.gov/Archives/edgar/data/72207/000007220715000047/nbl-20150630x10q.htm"
    },
    {
        "date": "2015-03-31",
        "symbol": "NBL",
        "reportedCurrency": "USD",
        "cik": "0000072207",
        "fillingDate": "2015-05-05",
        "acceptedDate": "2015-05-05 11:08:08",
        "calendarYear": "2015",
        "period": "Q1",
        "revenue": 741000000,
        "costOfRevenue": 699000000,
        "grossProfit": 42000000,
        "grossProfitRatio": 0.0566801619,
        "researchAndDevelopmentExpenses": 0,
        "generalAndAdministrativeExpenses": 94000000,
        "sellingAndMarketingExpenses": 65000000,
        "sellingGeneralAndAdministrativeExpenses": 159000000,
        "otherExpenses": 0,
        "operatingExpenses": 159000000,
        "costAndExpenses": 858000000,
        "interestIncome": 0,
        "interestExpense": 57000000,
        "depreciationAndAmortization": 132000000,
        "ebitda": 15000000,
        "ebitdaratio": 0.020242915,
        "operatingIncome": -117000000,
        "operatingIncomeRatio": -0.1578947368,
        "totalOtherIncomeExpensesNet": 75000000,
        "incomeBeforeTax": -42000000,
        "incomeBeforeTaxRatio": -0.0566801619,
        "incomeTaxExpense": -20000000,
        "netIncome": -22000000,
        "netIncomeRatio": -0.0296896086,
        "eps": -0.0595,
        "epsdiluted": -0.0595,
        "weightedAverageShsOut": 370000000,
        "weightedAverageShsOutDil": 370000000,
        "link": "https://www.sec.gov/Archives/edgar/data/72207/000007220715000030/0000072207-15-000030-index.html",
        "finalLink": "https://www.sec.gov/Archives/edgar/data/72207/000007220715000030/nbl-20150331x10q.htm"
    },
    {
        "date": "2014-12-31",
        "symbol": "NBL",
        "reportedCurrency": "USD",
        "cik": "0000072207",
        "fillingDate": "2015-02-19",
        "acceptedDate": "2015-02-19 11:36:09",
        "calendarYear": "2014",
        "period": "Q4",
        "revenue": 1038000000,
        "costOfRevenue": 723000000,
        "grossProfit": 315000000,
        "grossProfitRatio": 0.3034682081,
        "researchAndDevelopmentExpenses": 0,
        "generalAndAdministrativeExpenses": 104000000,
        "sellingAndMarketingExpenses": 148000000,
        "sellingGeneralAndAdministrativeExpenses": 252000000,
        "otherExpenses": 0,
        "operatingExpenses": 252000000,
        "costAndExpenses": 975000000,
        "interestIncome": 0,
        "interestExpense": 59000000,
        "depreciationAndAmortization": 621000000,
        "ebitda": 684000000,
        "ebitdaratio": 0.6589595376,
        "operatingIncome": 63000000,
        "operatingIncomeRatio": 0.0606936416,
        "totalOtherIncomeExpensesNet": 562000000,
        "incomeBeforeTax": 625000000,
        "incomeBeforeTaxRatio": 0.6021194605,
        "incomeTaxExpense": 222000000,
        "netIncome": 403000000,
        "netIncomeRatio": 0.3882466281,
        "eps": 1.09,
        "epsdiluted": 1.09,
        "weightedAverageShsOut": 370000000,
        "weightedAverageShsOutDil": 370000000,
        "link": "https://www.sec.gov/Archives/edgar/data/72207/000007220715000007/0000072207-15-000007-index.htm",
        "finalLink": "https://www.sec.gov/Archives/edgar/data/72207/000007220715000007/nbl-20141231x10k.htm"
    },
    {
        "date": "2014-09-30",
        "symbol": "NBL",
        "reportedCurrency": "USD",
        "cik": "0000072207",
        "fillingDate": "2014-10-28",
        "acceptedDate": "2014-10-28 11:21:32",
        "calendarYear": "2014",
        "period": "Q3",
        "revenue": 1228000000,
        "costOfRevenue": 677000000,
        "grossProfit": 551000000,
        "grossProfitRatio": 0.4486970684,
        "researchAndDevelopmentExpenses": 0,
        "generalAndAdministrativeExpenses": 132000000,
        "sellingAndMarketingExpenses": 217000000,
        "sellingGeneralAndAdministrativeExpenses": 349000000,
        "otherExpenses": 0,
        "operatingExpenses": 349000000,
        "costAndExpenses": 1026000000,
        "interestIncome": 0,
        "interestExpense": 52000000,
        "depreciationAndAmortization": 426000000,
        "ebitda": 628000000,
        "ebitdaratio": 0.5114006515,
        "operatingIncome": 202000000,
        "operatingIncomeRatio": 0.164495114,
        "totalOtherIncomeExpensesNet": 374000000,
        "incomeBeforeTax": 576000000,
        "incomeBeforeTaxRatio": 0.4690553746,
        "incomeTaxExpense": 157000000,
        "netIncome": 419000000,
        "netIncomeRatio": 0.3412052117,
        "eps": 1.16,
        "epsdiluted": 1.14,
        "weightedAverageShsOut": 362000000,
        "weightedAverageShsOutDil": 367000000,
        "link": "https://www.sec.gov/Archives/edgar/data/72207/000007220714000051/0000072207-14-000051-index.html",
        "finalLink": "https://www.sec.gov/Archives/edgar/data/72207/000007220714000051/nbl-2014930x10q.htm"
    },
    {
        "date": "2014-06-30",
        "symbol": "NBL",
        "reportedCurrency": "USD",
        "cik": "0000072207",
        "fillingDate": "2014-07-24",
        "acceptedDate": "2014-07-24 12:49:39",
        "calendarYear": "2014",
        "period": "Q2",
        "revenue": 1338000000,
        "costOfRevenue": 661000000,
        "grossProfit": 677000000,
        "grossProfitRatio": 0.5059790732,
        "researchAndDevelopmentExpenses": 0,
        "generalAndAdministrativeExpenses": 127000000,
        "sellingAndMarketingExpenses": 59000000,
        "sellingGeneralAndAdministrativeExpenses": 186000000,
        "otherExpenses": 0,
        "operatingExpenses": 186000000,
        "costAndExpenses": 847000000,
        "interestIncome": 0,
        "interestExpense": 52000000,
        "depreciationAndAmortization": -206000000,
        "ebitda": 285000000,
        "ebitdaratio": 0.2130044843,
        "operatingIncome": 491000000,
        "operatingIncomeRatio": 0.3669656203,
        "totalOtherIncomeExpensesNet": -258000000,
        "incomeBeforeTax": 233000000,
        "incomeBeforeTaxRatio": 0.1741405082,
        "incomeTaxExpense": 41000000,
        "netIncome": 192000000,
        "netIncomeRatio": 0.1434977578,
        "eps": 0.53,
        "epsdiluted": 0.52,
        "weightedAverageShsOut": 361000000,
        "weightedAverageShsOutDil": 366000000,
        "link": "https://www.sec.gov/Archives/edgar/data/72207/000007220714000038/0000072207-14-000038-index.html",
        "finalLink": "https://www.sec.gov/Archives/edgar/data/72207/000007220714000038/nbl-2014630x10q.htm"
    },
    {
        "date": "2014-03-31",
        "symbol": "NBL",
        "reportedCurrency": "USD",
        "cik": "0000072207",
        "fillingDate": "2014-04-24",
        "acceptedDate": "2014-04-24 11:26:18",
        "calendarYear": "2014",
        "period": "Q1",
        "revenue": 1327000000,
        "costOfRevenue": 657000000,
        "grossProfit": 670000000,
        "grossProfitRatio": 0.5048982668,
        "researchAndDevelopmentExpenses": 0,
        "generalAndAdministrativeExpenses": 140000000,
        "sellingAndMarketingExpenses": 74000000,
        "sellingGeneralAndAdministrativeExpenses": 214000000,
        "otherExpenses": 0,
        "operatingExpenses": 214000000,
        "costAndExpenses": 871000000,
        "interestIncome": 0,
        "interestExpense": 47000000,
        "depreciationAndAmortization": -132000000,
        "ebitda": 324000000,
        "ebitdaratio": 0.2441597589,
        "operatingIncome": 456000000,
        "operatingIncomeRatio": 0.3436322532,
        "totalOtherIncomeExpensesNet": -179000000,
        "incomeBeforeTax": 277000000,
        "incomeBeforeTaxRatio": 0.2087415222,
        "incomeTaxExpense": 77000000,
        "netIncome": 200000000,
        "netIncomeRatio": 0.1507159005,
        "eps": 0.56,
        "epsdiluted": 0.55,
        "weightedAverageShsOut": 360000000,
        "weightedAverageShsOutDil": 365000000,
        "link": "https://www.sec.gov/Archives/edgar/data/72207/000007220714000021/0000072207-14-000021-index.html",
        "finalLink": "https://www.sec.gov/Archives/edgar/data/72207/000007220714000021/nbl-2014331x10q.htm"
    },
    {
        "date": "2013-12-31",
        "symbol": "NBL",
        "reportedCurrency": "USD",
        "cik": "0000072207",
        "fillingDate": "2014-02-06",
        "acceptedDate": "2014-02-06 11:12:20",
        "calendarYear": "2013",
        "period": "Q4",
        "revenue": 1272000000,
        "costOfRevenue": 653000000,
        "grossProfit": 619000000,
        "grossProfitRatio": 0.4866352201,
        "researchAndDevelopmentExpenses": 0,
        "generalAndAdministrativeExpenses": 109000000,
        "sellingAndMarketingExpenses": 204000000,
        "sellingGeneralAndAdministrativeExpenses": 313000000,
        "otherExpenses": 0,
        "operatingExpenses": 313000000,
        "costAndExpenses": 966000000,
        "interestIncome": 0,
        "interestExpense": 54000000,
        "depreciationAndAmortization": -10000000,
        "ebitda": 296000000,
        "ebitdaratio": 0.2327044025,
        "operatingIncome": 306000000,
        "operatingIncomeRatio": 0.2405660377,
        "totalOtherIncomeExpensesNet": -77000000,
        "incomeBeforeTax": 229000000,
        "incomeBeforeTaxRatio": 0.1800314465,
        "incomeTaxExpense": 107000000,
        "netIncome": 135000000,
        "netIncomeRatio": 0.1061320755,
        "eps": 0.38,
        "epsdiluted": 0.38,
        "weightedAverageShsOut": 360000000,
        "weightedAverageShsOutDil": 360000000,
        "link": "https://www.sec.gov/Archives/edgar/data/72207/000007220714000008/0000072207-14-000008-index.htm",
        "finalLink": "https://www.sec.gov/Archives/edgar/data/72207/000007220714000008/nbl-20131231x10k.htm"
    },
    {
        "date": "2013-09-30",
        "symbol": "NBL",
        "reportedCurrency": "USD",
        "cik": "0000072207",
        "fillingDate": "2013-10-24",
        "acceptedDate": "2013-10-24 11:50:48",
        "calendarYear": "2013",
        "period": "Q3",
        "revenue": 1341000000,
        "costOfRevenue": 633000000,
        "grossProfit": 708000000,
        "grossProfitRatio": 0.5279642058,
        "researchAndDevelopmentExpenses": 0,
        "generalAndAdministrativeExpenses": 109000000,
        "sellingAndMarketingExpenses": 60000000,
        "sellingGeneralAndAdministrativeExpenses": 169000000,
        "otherExpenses": 0,
        "operatingExpenses": 169000000,
        "costAndExpenses": 802000000,
        "interestIncome": 0,
        "interestExpense": 46000000,
        "depreciationAndAmortization": -172000000,
        "ebitda": 367000000,
        "ebitdaratio": 0.2736763609,
        "operatingIncome": 539000000,
        "operatingIncomeRatio": 0.4019388516,
        "totalOtherIncomeExpensesNet": -228000000,
        "incomeBeforeTax": 311000000,
        "incomeBeforeTaxRatio": 0.2319164802,
        "incomeTaxExpense": 116000000,
        "netIncome": 205000000,
        "netIncomeRatio": 0.1528709918,
        "eps": 0.57,
        "epsdiluted": 0.56,
        "weightedAverageShsOut": 359000000,
        "weightedAverageShsOutDil": 363000000,
        "link": "https://www.sec.gov/Archives/edgar/data/72207/000007220713000059/0000072207-13-000059-index.html",
        "finalLink": "https://www.sec.gov/Archives/edgar/data/72207/000007220713000059/nbl-20130930x10q.htm"
    },
    {
        "date": "2013-06-30",
        "symbol": "NBL",
        "reportedCurrency": "USD",
        "cik": "0000072207",
        "fillingDate": "2013-07-25",
        "acceptedDate": "2013-07-25 11:39:07",
        "calendarYear": "2013",
        "period": "Q2",
        "revenue": 1112000000,
        "costOfRevenue": 578000000,
        "grossProfit": 534000000,
        "grossProfitRatio": 0.4802158273,
        "researchAndDevelopmentExpenses": 0,
        "generalAndAdministrativeExpenses": 104000000,
        "sellingAndMarketingExpenses": 90000000,
        "sellingGeneralAndAdministrativeExpenses": 194000000,
        "otherExpenses": 0,
        "operatingExpenses": 194000000,
        "costAndExpenses": 772000000,
        "interestIncome": 0,
        "interestExpense": 33000000,
        "depreciationAndAmortization": 198000000,
        "ebitda": 538000000,
        "ebitdaratio": 0.4838129496,
        "operatingIncome": 340000000,
        "operatingIncomeRatio": 0.3057553957,
        "totalOtherIncomeExpensesNet": 146000000,
        "incomeBeforeTax": 486000000,
        "incomeBeforeTaxRatio": 0.4370503597,
        "incomeTaxExpense": 128000000,
        "netIncome": 377000000,
        "netIncomeRatio": 0.339028777,
        "eps": 1.05,
        "epsdiluted": 1.04,
        "weightedAverageShsOut": 359000000,
        "weightedAverageShsOutDil": 363000000,
        "link": "https://www.sec.gov/Archives/edgar/data/72207/000007220713000047/0000072207-13-000047-index.html",
        "finalLink": "https://www.sec.gov/Archives/edgar/data/72207/000007220713000047/nbl-20130630x10q.htm"
    },
    {
        "date": "2013-03-31",
        "symbol": "NBL",
        "reportedCurrency": "USD",
        "cik": "0000072207",
        "fillingDate": "2013-04-25",
        "acceptedDate": "2013-04-25 11:43:49",
        "calendarYear": "2013",
        "period": "Q1",
        "revenue": 1083000000,
        "costOfRevenue": 553000000,
        "grossProfit": 530000000,
        "grossProfitRatio": 0.4893813481,
        "researchAndDevelopmentExpenses": 0,
        "generalAndAdministrativeExpenses": 112000000,
        "sellingAndMarketingExpenses": 61000000,
        "sellingGeneralAndAdministrativeExpenses": 173000000,
        "otherExpenses": 0,
        "operatingExpenses": 173000000,
        "costAndExpenses": 726000000,
        "interestIncome": 0,
        "interestExpense": 25000000,
        "depreciationAndAmortization": 15000000,
        "ebitda": 372000000,
        "ebitdaratio": 0.3434903047,
        "operatingIncome": 357000000,
        "operatingIncomeRatio": 0.3296398892,
        "totalOtherIncomeExpensesNet": -39000000,
        "incomeBeforeTax": 318000000,
        "incomeBeforeTaxRatio": 0.2936288089,
        "incomeTaxExpense": 86000000,
        "netIncome": 261000000,
        "netIncomeRatio": 0.2409972299,
        "eps": 0.73,
        "epsdiluted": 0.72,
        "weightedAverageShsOut": 358000000,
        "weightedAverageShsOutDil": 362000000,
        "link": "https://www.sec.gov/Archives/edgar/data/72207/000007220713000028/0000072207-13-000028-index.html",
        "finalLink": "https://www.sec.gov/Archives/edgar/data/72207/000007220713000028/nbl-20130331x10q.htm"
    },
    {
        "date": "2012-12-31",
        "symbol": "NBL",
        "reportedCurrency": "USD",
        "cik": "0000072207",
        "fillingDate": "2013-02-07",
        "acceptedDate": "2013-02-07 11:33:09",
        "calendarYear": "2012",
        "period": "Q4",
        "revenue": 1112000000,
        "costOfRevenue": 1551000000,
        "grossProfit": -439000000,
        "grossProfitRatio": -0.3947841727,
        "researchAndDevelopmentExpenses": 0,
        "generalAndAdministrativeExpenses": 98000000,
        "sellingAndMarketingExpenses": 0,
        "sellingGeneralAndAdministrativeExpenses": -802000000,
        "otherExpenses": 0,
        "operatingExpenses": -802000000,
        "costAndExpenses": 749000000,
        "interestIncome": 0,
        "interestExpense": 30000000,
        "depreciationAndAmortization": -3000000,
        "ebitda": 360000000,
        "ebitdaratio": 0.3237410072,
        "operatingIncome": 363000000,
        "operatingIncomeRatio": 0.3264388489,
        "totalOtherIncomeExpensesNet": -6000000,
        "incomeBeforeTax": 357000000,
        "incomeBeforeTaxRatio": 0.3210431655,
        "incomeTaxExpense": 79000000,
        "netIncome": 251000000,
        "netIncomeRatio": 0.2257194245,
        "eps": 0.7,
        "epsdiluted": 0.7,
        "weightedAverageShsOut": 358000000,
        "weightedAverageShsOutDil": 358000000,
        "link": "https://www.sec.gov/Archives/edgar/data/72207/000007220713000013/0000072207-13-000013-index.html",
        "finalLink": "https://www.sec.gov/Archives/edgar/data/72207/000007220713000013/nbl-20121231x10kf.htm"
    },
    {
        "date": "2012-09-30",
        "symbol": "NBL",
        "reportedCurrency": "USD",
        "cik": "0000072207",
        "fillingDate": "2012-10-25",
        "acceptedDate": "2012-10-25 12:01:58",
        "calendarYear": "2012",
        "period": "Q3",
        "revenue": 955000000,
        "costOfRevenue": 158000000,
        "grossProfit": 797000000,
        "grossProfitRatio": 0.8345549738,
        "researchAndDevelopmentExpenses": 0,
        "generalAndAdministrativeExpenses": 93000000,
        "sellingAndMarketingExpenses": 463000000,
        "sellingGeneralAndAdministrativeExpenses": 556000000,
        "otherExpenses": 0,
        "operatingExpenses": 556000000,
        "costAndExpenses": 714000000,
        "interestIncome": 0,
        "interestExpense": 36000000,
        "depreciationAndAmortization": 127000000,
        "ebitda": 368000000,
        "ebitdaratio": 0.3853403141,
        "operatingIncome": 241000000,
        "operatingIncomeRatio": 0.2523560209,
        "totalOtherIncomeExpensesNet": 34000000,
        "incomeBeforeTax": 275000000,
        "incomeBeforeTaxRatio": 0.2879581152,
        "incomeTaxExpense": 111000000,
        "netIncome": 221000000,
        "netIncomeRatio": 0.2314136126,
        "eps": 0.62,
        "epsdiluted": 0.61,
        "weightedAverageShsOut": 356000000,
        "weightedAverageShsOutDil": 360000000,
        "link": "https://www.sec.gov/Archives/edgar/data/72207/000007220712000021/0000072207-12-000021-index.html",
        "finalLink": "https://www.sec.gov/Archives/edgar/data/72207/000007220712000021/nbl-2012930x10q.htm"
    },
    {
        "date": "2012-06-30",
        "symbol": "NBL",
        "reportedCurrency": "USD",
        "cik": "0000072207",
        "fillingDate": "2012-07-26",
        "acceptedDate": "2012-07-26 11:13:16",
        "calendarYear": "2012",
        "period": "Q2",
        "revenue": 934000000,
        "costOfRevenue": 169000000,
        "grossProfit": 765000000,
        "grossProfitRatio": 0.8190578158,
        "researchAndDevelopmentExpenses": 0,
        "generalAndAdministrativeExpenses": 96000000,
        "sellingAndMarketingExpenses": 492000000,
        "sellingGeneralAndAdministrativeExpenses": 588000000,
        "otherExpenses": 0,
        "operatingExpenses": 588000000,
        "costAndExpenses": 757000000,
        "interestIncome": 0,
        "interestExpense": 27000000,
        "depreciationAndAmortization": 257000000,
        "ebitda": 434000000,
        "ebitdaratio": 0.4646680942,
        "operatingIncome": 177000000,
        "operatingIncomeRatio": 0.1895074946,
        "totalOtherIncomeExpensesNet": 213000000,
        "incomeBeforeTax": 390000000,
        "incomeBeforeTaxRatio": 0.4175588865,
        "incomeTaxExpense": 115000000,
        "netIncome": 292000000,
        "netIncomeRatio": 0.312633833,
        "eps": 0.82,
        "epsdiluted": 0.81,
        "weightedAverageShsOut": 356000000,
        "weightedAverageShsOutDil": 360000000,
        "link": "https://www.sec.gov/Archives/edgar/data/72207/000007220712000008/0000072207-12-000008-index.html",
        "finalLink": "https://www.sec.gov/Archives/edgar/data/72207/000007220712000008/nbl-2012630x10q.htm"
    },
    {
        "date": "2012-03-31",
        "symbol": "NBL",
        "reportedCurrency": "USD",
        "cik": "0000072207",
        "fillingDate": "2012-04-26",
        "acceptedDate": "2012-04-26 11:13:59",
        "calendarYear": "2012",
        "period": "Q1",
        "revenue": 1112000000,
        "costOfRevenue": 179000000,
        "grossProfit": 933000000,
        "grossProfitRatio": 0.839028777,
        "researchAndDevelopmentExpenses": 0,
        "generalAndAdministrativeExpenses": 98000000,
        "sellingAndMarketingExpenses": 375000000,
        "sellingGeneralAndAdministrativeExpenses": 473000000,
        "otherExpenses": 0,
        "operatingExpenses": 473000000,
        "costAndExpenses": 652000000,
        "interestIncome": 0,
        "interestExpense": 32000000,
        "depreciationAndAmortization": -54000000,
        "ebitda": 406000000,
        "ebitdaratio": 0.3651079137,
        "operatingIncome": 460000000,
        "operatingIncomeRatio": 0.4136690647,
        "totalOtherIncomeExpensesNet": -86000000,
        "incomeBeforeTax": 374000000,
        "incomeBeforeTaxRatio": 0.3363309353,
        "incomeTaxExpense": 111000000,
        "netIncome": 263000000,
        "netIncomeRatio": 0.2365107914,
        "eps": 0.74,
        "epsdiluted": 0.73,
        "weightedAverageShsOut": 354000000,
        "weightedAverageShsOutDil": 360000000,
        "link": "https://www.sec.gov/Archives/edgar/data/72207/000114036112006454/0001140361-12-006454-index.htm",
        "finalLink": "https://www.sec.gov/Archives/edgar/data/72207/000114036112006454/form10k.htm"
    },
    {
        "date": "2011-12-31",
        "symbol": "NBL",
        "reportedCurrency": "USD",
        "cik": "0000072207",
        "fillingDate": "2012-02-09",
        "acceptedDate": "2012-02-09 11:46:41",
        "calendarYear": "2011",
        "period": "Q4",
        "revenue": 936000000,
        "costOfRevenue": 448000000,
        "grossProfit": 488000000,
        "grossProfitRatio": 0.5213675214,
        "researchAndDevelopmentExpenses": 0,
        "generalAndAdministrativeExpenses": 87000000,
        "sellingAndMarketingExpenses": 150000000,
        "sellingGeneralAndAdministrativeExpenses": 237000000,
        "otherExpenses": 0,
        "operatingExpenses": 237000000,
        "costAndExpenses": 685000000,
        "interestIncome": 0,
        "interestExpense": 14000000,
        "depreciationAndAmortization": -707000000,
        "ebitda": -456000000,
        "ebitdaratio": -0.4871794872,
        "operatingIncome": 251000000,
        "operatingIncomeRatio": 0.2681623932,
        "totalOtherIncomeExpensesNet": -721000000,
        "incomeBeforeTax": -470000000,
        "incomeBeforeTaxRatio": -0.5021367521,
        "incomeTaxExpense": -174000000,
        "netIncome": -296000000,
        "netIncomeRatio": -0.3162393162,
        "eps": -0.84,
        "epsdiluted": -0.84,
        "weightedAverageShsOut": 354000000,
        "weightedAverageShsOutDil": 354000000,
        "link": "https://www.sec.gov/Archives/edgar/data/72207/000114036112006454/0001140361-12-006454-index.html",
        "finalLink": "https://www.sec.gov/Archives/edgar/data/72207/000114036112006454/form10k.htm"
    },
    {
        "date": "2011-09-30",
        "symbol": "NBL",
        "reportedCurrency": "USD",
        "cik": "0000072207",
        "fillingDate": "2011-10-20",
        "acceptedDate": "2011-10-20 11:12:07",
        "calendarYear": "2011",
        "period": "Q3",
        "revenue": 874000000,
        "costOfRevenue": 153000000,
        "grossProfit": 721000000,
        "grossProfitRatio": 0.8249427918,
        "researchAndDevelopmentExpenses": 0,
        "generalAndAdministrativeExpenses": 89000000,
        "sellingAndMarketingExpenses": 282000000,
        "sellingGeneralAndAdministrativeExpenses": 371000000,
        "otherExpenses": 0,
        "operatingExpenses": 371000000,
        "costAndExpenses": 524000000,
        "interestIncome": 0,
        "interestExpense": 14000000,
        "depreciationAndAmortization": 386000000,
        "ebitda": 736000000,
        "ebitdaratio": 0.8421052632,
        "operatingIncome": 350000000,
        "operatingIncomeRatio": 0.4004576659,
        "totalOtherIncomeExpensesNet": 372000000,
        "incomeBeforeTax": 722000000,
        "incomeBeforeTaxRatio": 0.8260869565,
        "incomeTaxExpense": 281000000,
        "netIncome": 441000000,
        "netIncomeRatio": 0.504576659,
        "eps": 1.25,
        "epsdiluted": 1.23,
        "weightedAverageShsOut": 354000000,
        "weightedAverageShsOutDil": 360000000,
        "link": "https://www.sec.gov/Archives/edgar/data/72207/000114036111049923/0001140361-11-049923-index.html",
        "finalLink": "https://www.sec.gov/Archives/edgar/data/72207/000114036111049923/form10q.htm"
    },
    {
        "date": "2011-06-30",
        "symbol": "NBL",
        "reportedCurrency": "USD",
        "cik": "0000072207",
        "fillingDate": "2011-07-28",
        "acceptedDate": "2011-07-28 12:57:47",
        "calendarYear": "2011",
        "period": "Q2",
        "revenue": 906000000,
        "costOfRevenue": 155000000,
        "grossProfit": 751000000,
        "grossProfitRatio": 0.8289183223,
        "researchAndDevelopmentExpenses": 0,
        "generalAndAdministrativeExpenses": 82000000,
        "sellingAndMarketingExpenses": 303000000,
        "sellingGeneralAndAdministrativeExpenses": 385000000,
        "otherExpenses": 0,
        "operatingExpenses": 385000000,
        "costAndExpenses": 540000000,
        "interestIncome": 0,
        "interestExpense": 21000000,
        "depreciationAndAmortization": 80000000,
        "ebitda": 446000000,
        "ebitdaratio": 0.4922737307,
        "operatingIncome": 366000000,
        "operatingIncomeRatio": 0.4039735099,
        "totalOtherIncomeExpensesNet": 59000000,
        "incomeBeforeTax": 425000000,
        "incomeBeforeTaxRatio": 0.4690949227,
        "incomeTaxExpense": 131000000,
        "netIncome": 294000000,
        "netIncomeRatio": 0.3245033113,
        "eps": 0.84,
        "epsdiluted": 0.82,
        "weightedAverageShsOut": 352000000,
        "weightedAverageShsOutDil": 358000000,
        "link": "https://www.sec.gov/Archives/edgar/data/72207/000114036111038302/0001140361-11-038302-index.html",
        "finalLink": "https://www.sec.gov/Archives/edgar/data/72207/000114036111038302/form10q.htm"
    },
    {
        "date": "2011-03-31",
        "symbol": "NBL",
        "reportedCurrency": "USD",
        "cik": "0000072207",
        "fillingDate": "2011-04-28",
        "acceptedDate": "2011-04-28 12:50:55",
        "calendarYear": "2011",
        "period": "Q1",
        "revenue": 851000000,
        "costOfRevenue": 142000000,
        "grossProfit": 709000000,
        "grossProfitRatio": 0.8331374853,
        "researchAndDevelopmentExpenses": 0,
        "generalAndAdministrativeExpenses": 83000000,
        "sellingAndMarketingExpenses": 291000000,
        "sellingGeneralAndAdministrativeExpenses": 374000000,
        "otherExpenses": 0,
        "operatingExpenses": 374000000,
        "costAndExpenses": 516000000,
        "interestIncome": 0,
        "interestExpense": 41000000,
        "depreciationAndAmortization": -257000000,
        "ebitda": 78000000,
        "ebitdaratio": 0.0916568743,
        "operatingIncome": 335000000,
        "operatingIncomeRatio": 0.3936545241,
        "totalOtherIncomeExpensesNet": -298000000,
        "incomeBeforeTax": 37000000,
        "incomeBeforeTaxRatio": 0.0434782609,
        "incomeTaxExpense": 23000000,
        "netIncome": 14000000,
        "netIncomeRatio": 0.0164512338,
        "eps": 0.0398,
        "epsdiluted": 0.0393,
        "weightedAverageShsOut": 352000000,
        "weightedAverageShsOutDil": 356000000,
        "link": "https://www.sec.gov/Archives/edgar/data/72207/000114036111023588/0001140361-11-023588-index.html",
        "finalLink": "https://www.sec.gov/Archives/edgar/data/72207/000114036111023588/form10q.htm"
    },
    {
        "date": "2010-12-31",
        "symbol": "NBL",
        "reportedCurrency": "USD",
        "cik": "0000072207",
        "fillingDate": "2011-02-10",
        "acceptedDate": "2011-02-10 17:16:56",
        "calendarYear": "2010",
        "period": "Q4",
        "revenue": 783000000,
        "costOfRevenue": 218000000,
        "grossProfit": 565000000,
        "grossProfitRatio": 0.7215836526,
        "researchAndDevelopmentExpenses": 0,
        "generalAndAdministrativeExpenses": 83000000,
        "sellingAndMarketingExpenses": 227000000,
        "sellingGeneralAndAdministrativeExpenses": 310000000,
        "otherExpenses": 0,
        "operatingExpenses": 310000000,
        "costAndExpenses": 528000000,
        "interestIncome": 0,
        "interestExpense": 12000000,
        "depreciationAndAmortization": -174000000,
        "ebitda": 81000000,
        "ebitdaratio": 0.1034482759,
        "operatingIncome": 255000000,
        "operatingIncomeRatio": 0.3256704981,
        "totalOtherIncomeExpensesNet": -186000000,
        "incomeBeforeTax": 69000000,
        "incomeBeforeTaxRatio": 0.0881226054,
        "incomeTaxExpense": 17000000,
        "netIncome": 52000000,
        "netIncomeRatio": 0.0664112388,
        "eps": 0.15,
        "epsdiluted": 0.15,
        "weightedAverageShsOut": 352000000,
        "weightedAverageShsOutDil": 352000000,
        "link": "https://www.sec.gov/Archives/edgar/data/72207/000114036111007888/0001140361-11-007888-index.htm",
        "finalLink": "https://www.sec.gov/Archives/edgar/data/72207/000114036111007888/form10k.htm"
    },
    {
        "date": "2010-09-30",
        "symbol": "NBL",
        "reportedCurrency": "USD",
        "cik": "0000072207",
        "fillingDate": "2010-10-28",
        "acceptedDate": "2010-10-28 11:10:59",
        "calendarYear": "2010",
        "period": "Q3",
        "revenue": 721000000,
        "costOfRevenue": 141000000,
        "grossProfit": 580000000,
        "grossProfitRatio": 0.8044382802,
        "researchAndDevelopmentExpenses": 0,
        "generalAndAdministrativeExpenses": 65000000,
        "sellingAndMarketingExpenses": 266000000,
        "sellingGeneralAndAdministrativeExpenses": 331000000,
        "otherExpenses": 0,
        "operatingExpenses": 331000000,
        "costAndExpenses": 472000000,
        "interestIncome": 0,
        "interestExpense": 21000000,
        "depreciationAndAmortization": 70000000,
        "ebitda": 319000000,
        "ebitdaratio": 0.4424410541,
        "operatingIncome": 249000000,
        "operatingIncomeRatio": 0.3453536755,
        "totalOtherIncomeExpensesNet": 49000000,
        "incomeBeforeTax": 298000000,
        "incomeBeforeTaxRatio": 0.4133148405,
        "incomeTaxExpense": 66000000,
        "netIncome": 232000000,
        "netIncomeRatio": 0.3217753121,
        "eps": 0.66,
        "epsdiluted": 0.66,
        "weightedAverageShsOut": 350000000,
        "weightedAverageShsOutDil": 354000000,
        "link": "https://www.sec.gov/Archives/edgar/data/72207/000114036110042488/0001140361-10-042488-index.html",
        "finalLink": "https://www.sec.gov/Archives/edgar/data/72207/000114036110042488/form10-q.htm"
    },
    {
        "date": "2010-06-30",
        "symbol": "NBL",
        "reportedCurrency": "USD",
        "cik": "0000072207",
        "fillingDate": "2010-07-29",
        "acceptedDate": "2010-07-29 16:28:29",
        "calendarYear": "2010",
        "period": "Q2",
        "revenue": 751000000,
        "costOfRevenue": 202000000,
        "grossProfit": 549000000,
        "grossProfitRatio": 0.7310252996,
        "researchAndDevelopmentExpenses": 0,
        "generalAndAdministrativeExpenses": 63000000,
        "sellingAndMarketingExpenses": 256000000,
        "sellingGeneralAndAdministrativeExpenses": 319000000,
        "otherExpenses": 0,
        "operatingExpenses": 319000000,
        "costAndExpenses": 521000000,
        "interestIncome": 0,
        "interestExpense": 19000000,
        "depreciationAndAmortization": 109000000,
        "ebitda": 339000000,
        "ebitdaratio": 0.4513981358,
        "operatingIncome": 230000000,
        "operatingIncomeRatio": 0.3062583222,
        "totalOtherIncomeExpensesNet": 90000000,
        "incomeBeforeTax": 320000000,
        "incomeBeforeTaxRatio": 0.4260985353,
        "incomeTaxExpense": 116000000,
        "netIncome": 204000000,
        "netIncomeRatio": 0.2716378162,
        "eps": 0.58,
        "epsdiluted": 0.57,
        "weightedAverageShsOut": 350000000,
        "weightedAverageShsOutDil": 356000000,
        "link": "https://www.sec.gov/Archives/edgar/data/72207/000114036110030762/0001140361-10-030762-index.html",
        "finalLink": "https://www.sec.gov/Archives/edgar/data/72207/000114036110030762/form10q.htm"
    },
    {
        "date": "2010-03-31",
        "symbol": "NBL",
        "reportedCurrency": "USD",
        "cik": "0000072207",
        "fillingDate": "2010-04-29",
        "acceptedDate": "2010-04-29 12:41:45",
        "calendarYear": "2010",
        "period": "Q1",
        "revenue": 733000000,
        "costOfRevenue": 219000000,
        "grossProfit": 514000000,
        "grossProfitRatio": 0.7012278308,
        "researchAndDevelopmentExpenses": 0,
        "generalAndAdministrativeExpenses": 66000000,
        "sellingAndMarketingExpenses": 230000000,
        "sellingGeneralAndAdministrativeExpenses": 296000000,
        "otherExpenses": 0,
        "operatingExpenses": 296000000,
        "costAndExpenses": 515000000,
        "interestIncome": 0,
        "interestExpense": 20000000,
        "depreciationAndAmortization": 145000000,
        "ebitda": 363000000,
        "ebitdaratio": 0.4952251023,
        "operatingIncome": 218000000,
        "operatingIncomeRatio": 0.2974079127,
        "totalOtherIncomeExpensesNet": 125000000,
        "incomeBeforeTax": 343000000,
        "incomeBeforeTaxRatio": 0.4679399727,
        "incomeTaxExpense": 106000000,
        "netIncome": 237000000,
        "netIncomeRatio": 0.3233287858,
        "eps": 0.68,
        "epsdiluted": 0.67,
        "weightedAverageShsOut": 348000000,
        "weightedAverageShsOutDil": 354000000,
        "link": "https://www.sec.gov/Archives/edgar/data/72207/000114036110017930/0001140361-10-017930-index.html",
        "finalLink": "https://www.sec.gov/Archives/edgar/data/72207/000114036110017930/form10q.htm"
    },
    {
        "date": "2009-12-31",
        "symbol": "NBL",
        "reportedCurrency": "USD",
        "cik": "0000072207",
        "fillingDate": "2010-02-18",
        "acceptedDate": "2010-02-18 16:46:35",
        "calendarYear": "2009",
        "period": "Q4",
        "revenue": 760000000,
        "costOfRevenue": 177000000,
        "grossProfit": 583000000,
        "grossProfitRatio": 0.7671052632,
        "researchAndDevelopmentExpenses": 0,
        "generalAndAdministrativeExpenses": 64000000,
        "sellingAndMarketingExpenses": 238000000,
        "sellingGeneralAndAdministrativeExpenses": 302000000,
        "otherExpenses": 0,
        "operatingExpenses": 302000000,
        "costAndExpenses": 479000000,
        "interestIncome": 0,
        "interestExpense": 20000000,
        "depreciationAndAmortization": -176000000,
        "ebitda": 105000000,
        "ebitdaratio": 0.1381578947,
        "operatingIncome": 281000000,
        "operatingIncomeRatio": 0.3697368421,
        "totalOtherIncomeExpensesNet": -196000000,
        "incomeBeforeTax": 85000000,
        "incomeBeforeTaxRatio": 0.1118421053,
        "incomeTaxExpense": 77000000,
        "netIncome": 8000000,
        "netIncomeRatio": 0.0105263158,
        "eps": 0.023,
        "epsdiluted": 0.023,
        "weightedAverageShsOut": 348000000,
        "weightedAverageShsOutDil": 348000000,
        "link": "https://www.sec.gov/Archives/edgar/data/72207/000007220710000006/0000072207-10-000006-index.html",
        "finalLink": "https://www.sec.gov/Archives/edgar/data/72207/000007220710000006/form10-k.htm"
    },
    {
        "date": "2009-09-30",
        "symbol": "NBL",
        "reportedCurrency": "USD",
        "cik": "0000072207",
        "fillingDate": "2009-10-29",
        "acceptedDate": "2009-10-29 12:08:39",
        "calendarYear": "2009",
        "period": "Q3",
        "revenue": 621000000,
        "costOfRevenue": 158000000,
        "grossProfit": 463000000,
        "grossProfitRatio": 0.7455716586,
        "researchAndDevelopmentExpenses": 0,
        "generalAndAdministrativeExpenses": 53000000,
        "sellingAndMarketingExpenses": 239000000,
        "sellingGeneralAndAdministrativeExpenses": 292000000,
        "otherExpenses": 0,
        "operatingExpenses": 292000000,
        "costAndExpenses": 450000000,
        "interestIncome": 0,
        "interestExpense": 23000000,
        "depreciationAndAmortization": -33000000,
        "ebitda": 138000000,
        "ebitdaratio": 0.2222222222,
        "operatingIncome": 171000000,
        "operatingIncomeRatio": 0.2753623188,
        "totalOtherIncomeExpensesNet": -56000000,
        "incomeBeforeTax": 115000000,
        "incomeBeforeTaxRatio": 0.1851851852,
        "incomeTaxExpense": 8000000,
        "netIncome": 107000000,
        "netIncomeRatio": 0.1723027375,
        "eps": 0.31,
        "epsdiluted": 0.31,
        "weightedAverageShsOut": 346000000,
        "weightedAverageShsOutDil": 350000000,
        "link": "https://www.sec.gov/Archives/edgar/data/72207/000007220709000038/0000072207-09-000038-index.html",
        "finalLink": "https://www.sec.gov/Archives/edgar/data/72207/000007220709000038/form10-q.htm"
    },
    {
        "date": "2009-06-30",
        "symbol": "NBL",
        "reportedCurrency": "USD",
        "cik": "0000072207",
        "fillingDate": "2009-07-30",
        "acceptedDate": "2009-07-30 12:05:55",
        "calendarYear": "2009",
        "period": "Q2",
        "revenue": 491000000,
        "costOfRevenue": 162000000,
        "grossProfit": 329000000,
        "grossProfitRatio": 0.6700610998,
        "researchAndDevelopmentExpenses": 0,
        "generalAndAdministrativeExpenses": 60000000,
        "sellingAndMarketingExpenses": 193000000,
        "sellingGeneralAndAdministrativeExpenses": 253000000,
        "otherExpenses": 0,
        "operatingExpenses": 253000000,
        "costAndExpenses": 415000000,
        "interestIncome": 0,
        "interestExpense": 23000000,
        "depreciationAndAmortization": -143000000,
        "ebitda": -67000000,
        "ebitdaratio": -0.1364562118,
        "operatingIncome": 76000000,
        "operatingIncomeRatio": 0.1547861507,
        "totalOtherIncomeExpensesNet": -166000000,
        "incomeBeforeTax": -90000000,
        "incomeBeforeTaxRatio": -0.183299389,
        "incomeTaxExpense": -33000000,
        "netIncome": -57000000,
        "netIncomeRatio": -0.116089613,
        "eps": -0.16,
        "epsdiluted": -0.16,
        "weightedAverageShsOut": 346000000,
        "weightedAverageShsOutDil": 346000000,
        "link": "https://www.sec.gov/Archives/edgar/data/72207/000007220709000031/0000072207-09-000031-index.html",
        "finalLink": "https://www.sec.gov/Archives/edgar/data/72207/000007220709000031/form10-q.htm"
    },
    {
        "date": "2009-03-31",
        "symbol": "NBL",
        "reportedCurrency": "USD",
        "cik": "0000072207",
        "fillingDate": "2009-04-30",
        "acceptedDate": "2009-04-30 13:05:50",
        "calendarYear": "2009",
        "period": "Q1",
        "revenue": 441000000,
        "costOfRevenue": 178000000,
        "grossProfit": 263000000,
        "grossProfitRatio": 0.5963718821,
        "researchAndDevelopmentExpenses": 0,
        "generalAndAdministrativeExpenses": 59000000,
        "sellingAndMarketingExpenses": 188000000,
        "sellingGeneralAndAdministrativeExpenses": 247000000,
        "otherExpenses": 0,
        "operatingExpenses": 247000000,
        "costAndExpenses": 425000000,
        "interestIncome": 0,
        "interestExpense": 18000000,
        "depreciationAndAmortization": -372000000,
        "ebitda": -356000000,
        "ebitdaratio": -0.8072562358,
        "operatingIncome": 16000000,
        "operatingIncomeRatio": 0.0362811791,
        "totalOtherIncomeExpensesNet": -390000000,
        "incomeBeforeTax": -374000000,
        "incomeBeforeTaxRatio": -0.8480725624,
        "incomeTaxExpense": -186000000,
        "netIncome": -188000000,
        "netIncomeRatio": -0.4263038549,
        "eps": -0.54,
        "epsdiluted": -0.54,
        "weightedAverageShsOut": 346000000,
        "weightedAverageShsOutDil": 346000000,
        "link": "https://www.sec.gov/Archives/edgar/data/72207/000007220709000018/0000072207-09-000018-index.html",
        "finalLink": "https://www.sec.gov/Archives/edgar/data/72207/000007220709000018/form10-q.htm"
    },
    {
        "date": "2008-12-31",
        "symbol": "NBL",
        "reportedCurrency": "USD",
        "cik": "0000072207",
        "fillingDate": "2009-02-19",
        "acceptedDate": "2009-02-19 12:19:29",
        "calendarYear": "2008",
        "period": "Q4",
        "revenue": 731000000,
        "costOfRevenue": 259000000,
        "grossProfit": 472000000,
        "grossProfitRatio": 0.6456908345,
        "researchAndDevelopmentExpenses": 0,
        "generalAndAdministrativeExpenses": 52000000,
        "sellingAndMarketingExpenses": 105000000,
        "sellingGeneralAndAdministrativeExpenses": 157000000,
        "otherExpenses": 0,
        "operatingExpenses": 157000000,
        "costAndExpenses": 416000000,
        "interestIncome": 0,
        "interestExpense": 0,
        "depreciationAndAmortization": 173000000,
        "ebitda": 488000000,
        "ebitdaratio": 0.6675786594,
        "operatingIncome": 315000000,
        "operatingIncomeRatio": 0.4309165527,
        "totalOtherIncomeExpensesNet": 173000000,
        "incomeBeforeTax": 488000000,
        "incomeBeforeTaxRatio": 0.6675786594,
        "incomeTaxExpense": 183000000,
        "netIncome": 305000000,
        "netIncomeRatio": 0.4172366621,
        "eps": 0.88,
        "epsdiluted": 0.88,
        "weightedAverageShsOut": 346000000,
        "weightedAverageShsOutDil": 346000000,
        "link": "https://www.sec.gov/Archives/edgar/data/72207/000007220709000004/0000072207-09-000004-index.html",
        "finalLink": "https://www.sec.gov/Archives/edgar/data/72207/000007220709000004/form10-k.htm"
    },
    {
        "date": "2008-09-30",
        "symbol": "NBL",
        "reportedCurrency": "USD",
        "cik": "0000072207",
        "fillingDate": "2008-10-29",
        "acceptedDate": "2008-10-29 12:23:41",
        "calendarYear": "2008",
        "period": "Q3",
        "revenue": 1058000000,
        "costOfRevenue": 248000000,
        "grossProfit": 810000000,
        "grossProfitRatio": 0.7655954631,
        "researchAndDevelopmentExpenses": 0,
        "generalAndAdministrativeExpenses": 63000000,
        "sellingAndMarketingExpenses": 241000000,
        "sellingGeneralAndAdministrativeExpenses": 304000000,
        "otherExpenses": 0,
        "operatingExpenses": 304000000,
        "costAndExpenses": 552000000,
        "interestIncome": 0,
        "interestExpense": 0,
        "depreciationAndAmortization": 194000000,
        "ebitda": 1648000000,
        "ebitdaratio": 1.5576559546,
        "operatingIncome": 506000000,
        "operatingIncomeRatio": 0.4782608696,
        "totalOtherIncomeExpensesNet": 948000000,
        "incomeBeforeTax": 1454000000,
        "incomeBeforeTaxRatio": 1.3742911153,
        "incomeTaxExpense": 480000000,
        "netIncome": 974000000,
        "netIncomeRatio": 0.9206049149,
        "eps": 2.82,
        "epsdiluted": 2.77,
        "weightedAverageShsOut": 346000000,
        "weightedAverageShsOutDil": 352000000,
        "link": "https://www.sec.gov/Archives/edgar/data/72207/000007220708000020/0000072207-08-000020-index.html",
        "finalLink": "https://www.sec.gov/Archives/edgar/data/72207/000007220708000020/form10-q.htm"
    },
    {
        "date": "2008-06-30",
        "symbol": "NBL",
        "reportedCurrency": "USD",
        "cik": "0000072207",
        "fillingDate": "2008-07-30",
        "acceptedDate": "2008-07-30 12:48:07",
        "calendarYear": "2008",
        "period": "Q2",
        "revenue": 1205000000,
        "costOfRevenue": 207000000,
        "grossProfit": 998000000,
        "grossProfitRatio": 0.8282157676,
        "researchAndDevelopmentExpenses": 0,
        "generalAndAdministrativeExpenses": 79000000,
        "sellingAndMarketingExpenses": 247000000,
        "sellingGeneralAndAdministrativeExpenses": 326000000,
        "otherExpenses": 0,
        "operatingExpenses": 326000000,
        "costAndExpenses": 533000000,
        "interestIncome": 0,
        "interestExpense": 0,
        "depreciationAndAmortization": 196000000,
        "ebitda": -2000000,
        "ebitdaratio": -0.001659751,
        "operatingIncome": 672000000,
        "operatingIncomeRatio": 0.5576763485,
        "totalOtherIncomeExpensesNet": -870000000,
        "incomeBeforeTax": -198000000,
        "incomeBeforeTaxRatio": -0.1643153527,
        "incomeTaxExpense": -54000000,
        "netIncome": -144000000,
        "netIncomeRatio": -0.1195020747,
        "eps": -0.42,
        "epsdiluted": -0.42,
        "weightedAverageShsOut": 344000000,
        "weightedAverageShsOutDil": 344000000,
        "link": "https://www.sec.gov/Archives/edgar/data/72207/000007220708000016/0000072207-08-000016-index.html",
        "finalLink": "https://www.sec.gov/Archives/edgar/data/72207/000007220708000016/form10-q.htm"
    },
    {
        "date": "2008-03-31",
        "symbol": "NBL",
        "reportedCurrency": "USD",
        "cik": "0000072207",
        "fillingDate": "2008-05-01",
        "acceptedDate": "2008-05-01 12:30:22",
        "calendarYear": "2008",
        "period": "Q1",
        "revenue": 1025000000,
        "costOfRevenue": 156000000,
        "grossProfit": 869000000,
        "grossProfitRatio": 0.847804878,
        "researchAndDevelopmentExpenses": 0,
        "generalAndAdministrativeExpenses": 60000000,
        "sellingAndMarketingExpenses": 246000000,
        "sellingGeneralAndAdministrativeExpenses": 306000000,
        "otherExpenses": 0,
        "operatingExpenses": 306000000,
        "costAndExpenses": 462000000,
        "interestIncome": 0,
        "interestExpense": 0,
        "depreciationAndAmortization": 203000000,
        "ebitda": 519000000,
        "ebitdaratio": 0.5063414634,
        "operatingIncome": 563000000,
        "operatingIncomeRatio": 0.5492682927,
        "totalOtherIncomeExpensesNet": -247000000,
        "incomeBeforeTax": 316000000,
        "incomeBeforeTaxRatio": 0.3082926829,
        "incomeTaxExpense": 101000000,
        "netIncome": 215000000,
        "netIncomeRatio": 0.2097560976,
        "eps": 0.63,
        "epsdiluted": 0.61,
        "weightedAverageShsOut": 344000000,
        "weightedAverageShsOutDil": 350000000,
        "link": "https://www.sec.gov/Archives/edgar/data/72207/000007220708000008/0000072207-08-000008-index.html",
        "finalLink": "https://www.sec.gov/Archives/edgar/data/72207/000007220708000008/form10-q.htm"
    },
    {
        "date": "2007-12-31",
        "symbol": "NBL",
        "reportedCurrency": "USD",
        "cik": "0000072207",
        "fillingDate": "2008-02-27",
        "acceptedDate": "2008-02-27 14:37:35",
        "calendarYear": "2007",
        "period": "Q4",
        "revenue": 1061365000,
        "costOfRevenue": 164886000,
        "grossProfit": 896479000,
        "grossProfitRatio": 0.8446472232,
        "researchAndDevelopmentExpenses": 0,
        "generalAndAdministrativeExpenses": 64010000,
        "sellingAndMarketingExpenses": 220408000,
        "sellingGeneralAndAdministrativeExpenses": 284418000,
        "otherExpenses": 0,
        "operatingExpenses": 284418000,
        "costAndExpenses": 449304000,
        "interestIncome": 0,
        "interestExpense": 0,
        "depreciationAndAmortization": 194560000,
        "ebitda": 621897000,
        "ebitdaratio": 0.5859407461,
        "operatingIncome": 612061000,
        "operatingIncomeRatio": 0.5766734347,
        "totalOtherIncomeExpensesNet": -184724000,
        "incomeBeforeTax": 427337000,
        "incomeBeforeTaxRatio": 0.4026296326,
        "incomeTaxExpense": 127059000,
        "netIncome": 300278000,
        "netIncomeRatio": 0.28291681,
        "eps": 0.87,
        "epsdiluted": 0.87,
        "weightedAverageShsOut": 344000000,
        "weightedAverageShsOutDil": 344000000,
        "link": "https://www.sec.gov/Archives/edgar/data/72207/000007220708000002/0000072207-08-000002-index.htm",
        "finalLink": "https://www.sec.gov/Archives/edgar/data/72207/000007220708000002/form10-k.htm"
    },
    {
        "date": "2007-09-30",
        "symbol": "NBL",
        "reportedCurrency": "USD",
        "cik": "0000072207",
        "fillingDate": "2007-10-31",
        "acceptedDate": "2007-10-31 16:33:20",
        "calendarYear": "2007",
        "period": "Q3",
        "revenue": 768440000,
        "costOfRevenue": 140821000,
        "grossProfit": 627619000,
        "grossProfitRatio": 0.8167443132,
        "researchAndDevelopmentExpenses": 0,
        "generalAndAdministrativeExpenses": 49518000,
        "sellingAndMarketingExpenses": 222018000,
        "sellingGeneralAndAdministrativeExpenses": 271536000,
        "otherExpenses": 0,
        "operatingExpenses": 271536000,
        "costAndExpenses": 412357000,
        "interestIncome": 0,
        "interestExpense": 0,
        "depreciationAndAmortization": 202121000,
        "ebitda": 545398000,
        "ebitdaratio": 0.7097470199,
        "operatingIncome": 356083000,
        "operatingIncomeRatio": 0.463384259,
        "totalOtherIncomeExpensesNet": -12806000,
        "incomeBeforeTax": 343277000,
        "incomeBeforeTaxRatio": 0.4467193275,
        "incomeTaxExpense": 120602000,
        "netIncome": 222675000,
        "netIncomeRatio": 0.2897753891,
        "eps": 0.65,
        "epsdiluted": 0.64,
        "weightedAverageShsOut": 342246000,
        "weightedAverageShsOutDil": 346700000,
        "link": "https://www.sec.gov/Archives/edgar/data/72207/000007220707000002/0000072207-07-000002-index.html",
        "finalLink": "https://www.sec.gov/Archives/edgar/data/72207/000007220707000002/form10-q.htm"
    },
    {
        "date": "2007-06-30",
        "symbol": "NBL",
        "reportedCurrency": "USD",
        "cik": "0000072207",
        "fillingDate": "2007-08-02",
        "acceptedDate": "2007-08-02 16:57:04",
        "calendarYear": "2007",
        "period": "Q2",
        "revenue": 794213000,
        "costOfRevenue": 152376000,
        "grossProfit": 641837000,
        "grossProfitRatio": 0.8081421483,
        "researchAndDevelopmentExpenses": 0,
        "generalAndAdministrativeExpenses": 47761000,
        "sellingAndMarketingExpenses": 209975000,
        "sellingGeneralAndAdministrativeExpenses": 257736000,
        "otherExpenses": 0,
        "operatingExpenses": 257736000,
        "costAndExpenses": 410112000,
        "interestIncome": 0,
        "interestExpense": 0,
        "depreciationAndAmortization": 188073000,
        "ebitda": 481174000,
        "ebitdaratio": 0.6058500679,
        "operatingIncome": 384101000,
        "operatingIncomeRatio": 0.48362467,
        "totalOtherIncomeExpensesNet": -91000000,
        "incomeBeforeTax": 293101000,
        "incomeBeforeTaxRatio": 0.3690458353,
        "incomeTaxExpense": 83996000,
        "netIncome": 209105000,
        "netIncomeRatio": 0.2632857936,
        "eps": 0.61,
        "epsdiluted": 0.6,
        "weightedAverageShsOut": 341800000,
        "weightedAverageShsOutDil": 346166000,
        "link": "https://www.sec.gov/Archives/edgar/data/72207/000110465907058392/0001104659-07-058392-index.html",
        "finalLink": "https://www.sec.gov/Archives/edgar/data/72207/000110465907058392/a07-18829_110q.htm"
    },
    {
        "date": "2007-03-31",
        "symbol": "NBL",
        "reportedCurrency": "USD",
        "cik": "0000072207",
        "fillingDate": "2007-05-04",
        "acceptedDate": "2007-05-03 18:03:20",
        "calendarYear": "2007",
        "period": "Q1",
        "revenue": 696982000,
        "costOfRevenue": 156259000,
        "grossProfit": 540723000,
        "grossProfitRatio": 0.7758062619,
        "researchAndDevelopmentExpenses": 0,
        "generalAndAdministrativeExpenses": 45089000,
        "sellingAndMarketingExpenses": 189127000,
        "sellingGeneralAndAdministrativeExpenses": 234216000,
        "otherExpenses": 0,
        "operatingExpenses": 234216000,
        "costAndExpenses": 390475000,
        "interestIncome": 0,
        "interestExpense": 0,
        "depreciationAndAmortization": 173517000,
        "ebitda": 477369000,
        "ebitdaratio": 0.684908649,
        "operatingIncome": 306507000,
        "operatingIncomeRatio": 0.4397631503,
        "totalOtherIncomeExpensesNet": -2655000,
        "incomeBeforeTax": 303852000,
        "incomeBeforeTaxRatio": 0.4359538697,
        "incomeTaxExpense": 92040000,
        "netIncome": 211812000,
        "netIncomeRatio": 0.3038988094,
        "eps": 0.62,
        "epsdiluted": 0.61,
        "weightedAverageShsOut": 341688000,
        "weightedAverageShsOutDil": 346086000,
        "link": "https://www.sec.gov/Archives/edgar/data/72207/000110465907035522/0001104659-07-035522-index.html",
        "finalLink": "https://www.sec.gov/Archives/edgar/data/72207/000110465907035522/a07-10782_110q.htm"
    },
    {
        "date": "2006-12-31",
        "symbol": "NBL",
        "reportedCurrency": "USD",
        "cik": "0000072207",
        "fillingDate": "2007-02-26",
        "acceptedDate": "2007-02-26 17:15:15",
        "calendarYear": "2006",
        "period": "Q4",
        "revenue": 714186000,
        "costOfRevenue": 214662000,
        "grossProfit": 499524000,
        "grossProfitRatio": 0.6994312406,
        "researchAndDevelopmentExpenses": 0,
        "generalAndAdministrativeExpenses": 50825000,
        "sellingAndMarketingExpenses": 80067000,
        "sellingGeneralAndAdministrativeExpenses": 130892000,
        "otherExpenses": 0,
        "operatingExpenses": 130892000,
        "costAndExpenses": 345554000,
        "interestIncome": 0,
        "interestExpense": 0,
        "depreciationAndAmortization": 171950000,
        "ebitda": 418712000,
        "ebitdaratio": 0.5862786445,
        "operatingIncome": 368632000,
        "operatingIncomeRatio": 0.5161568555,
        "totalOtherIncomeExpensesNet": -121870000,
        "incomeBeforeTax": 246762000,
        "incomeBeforeTaxRatio": 0.3455150339,
        "incomeTaxExpense": 81780000,
        "netIncome": 164982000,
        "netIncomeRatio": 0.2310070486,
        "eps": 0.48,
        "epsdiluted": 0.48,
        "weightedAverageShsOut": 341688000,
        "weightedAverageShsOutDil": 341688000,
        "link": "https://www.sec.gov/Archives/edgar/data/72207/000110465907013911/0001104659-07-013911-index.htm",
        "finalLink": "https://www.sec.gov/Archives/edgar/data/72207/000110465907013911/a07-5315_110k.htm"
    },
    {
        "date": "2006-09-30",
        "symbol": "NBL",
        "reportedCurrency": "USD",
        "cik": "0000072207",
        "fillingDate": "2006-11-03",
        "acceptedDate": "2006-11-02 19:02:29",
        "calendarYear": "2006",
        "period": "Q3",
        "revenue": 741319000,
        "costOfRevenue": 134443000,
        "grossProfit": 606876000,
        "grossProfitRatio": 0.8186435259,
        "researchAndDevelopmentExpenses": 0,
        "generalAndAdministrativeExpenses": 40657000,
        "sellingAndMarketingExpenses": 196462000,
        "sellingGeneralAndAdministrativeExpenses": 237119000,
        "otherExpenses": 0,
        "operatingExpenses": 237119000,
        "costAndExpenses": 371562000,
        "interestIncome": 0,
        "interestExpense": 0,
        "depreciationAndAmortization": 174634000,
        "ebitda": 719600000,
        "ebitdaratio": 0.9707022213,
        "operatingIncome": 369757000,
        "operatingIncomeRatio": 0.4987825754,
        "totalOtherIncomeExpensesNet": 175209000,
        "incomeBeforeTax": 544966000,
        "incomeBeforeTaxRatio": 0.7351302206,
        "incomeTaxExpense": 226902000,
        "netIncome": 318064000,
        "netIncomeRatio": 0.429051461,
        "eps": 0.9,
        "epsdiluted": 0.88,
        "weightedAverageShsOut": 352436000,
        "weightedAverageShsOutDil": 362154000,
        "link": "https://www.sec.gov/Archives/edgar/data/72207/000110465906070851/0001104659-06-070851-index.htm",
        "finalLink": "https://www.sec.gov/Archives/edgar/data/72207/000110465906070851/a06-21638_110q.htm"
    },
    {
        "date": "2006-06-30",
        "symbol": "NBL",
        "reportedCurrency": "USD",
        "cik": "0000072207",
        "fillingDate": "2006-08-04",
        "acceptedDate": "2006-08-03 19:39:38",
        "calendarYear": "2006",
        "period": "Q2",
        "revenue": 772580000,
        "costOfRevenue": 165535000,
        "grossProfit": 607045000,
        "grossProfitRatio": 0.7857373994,
        "researchAndDevelopmentExpenses": 0,
        "generalAndAdministrativeExpenses": 37661000,
        "sellingAndMarketingExpenses": 168648000,
        "sellingGeneralAndAdministrativeExpenses": 206309000,
        "otherExpenses": 0,
        "operatingExpenses": 206309000,
        "costAndExpenses": 371844000,
        "interestIncome": 0,
        "interestExpense": 0,
        "depreciationAndAmortization": 177159000,
        "ebitda": 132294000,
        "ebitdaratio": 0.1712366357,
        "operatingIncome": 400736000,
        "operatingIncomeRatio": 0.5186983872,
        "totalOtherIncomeExpensesNet": -445601000,
        "incomeBeforeTax": -44865000,
        "incomeBeforeTaxRatio": -0.058071656,
        "incomeTaxExpense": -14160000,
        "netIncome": -30705000,
        "netIncomeRatio": -0.039743457,
        "eps": -0.0867,
        "epsdiluted": -0.0867,
        "weightedAverageShsOut": 354320000,
        "weightedAverageShsOutDil": 354320000,
        "link": "https://www.sec.gov/Archives/edgar/data/72207/000110465906051274/0001104659-06-051274-index.htm",
        "finalLink": "https://www.sec.gov/Archives/edgar/data/72207/000110465906051274/a06-15292_110q.htm"
    },
    {
        "date": "2006-03-31",
        "symbol": "NBL",
        "reportedCurrency": "USD",
        "cik": "0000072207",
        "fillingDate": "2006-05-03",
        "acceptedDate": "2006-05-03 15:47:52",
        "calendarYear": "2006",
        "period": "Q1",
        "revenue": 672347000,
        "costOfRevenue": 160857000,
        "grossProfit": 511490000,
        "grossProfitRatio": 0.760753004,
        "researchAndDevelopmentExpenses": 0,
        "generalAndAdministrativeExpenses": 44574000,
        "sellingAndMarketingExpenses": 124465000,
        "sellingGeneralAndAdministrativeExpenses": 169039000,
        "otherExpenses": 0,
        "operatingExpenses": 169039000,
        "costAndExpenses": 329896000,
        "interestIncome": 0,
        "interestExpense": 0,
        "depreciationAndAmortization": 134107000,
        "ebitda": 483460000,
        "ebitdaratio": 0.7190632218,
        "operatingIncome": 342451000,
        "operatingIncomeRatio": 0.5093366967,
        "totalOtherIncomeExpensesNet": 6902000,
        "incomeBeforeTax": 349353000,
        "incomeBeforeTaxRatio": 0.5196022292,
        "incomeTaxExpense": 123266000,
        "netIncome": 226087000,
        "netIncomeRatio": 0.3362653511,
        "eps": 0.64,
        "epsdiluted": 0.63,
        "weightedAverageShsOut": 352272000,
        "weightedAverageShsOutDil": 360198000,
        "link": "https://www.sec.gov/Archives/edgar/data/72207/000104746906002817/0001047469-06-002817-index.htm",
        "finalLink": "https://www.sec.gov/Archives/edgar/data/72207/000104746906002817/a2167949z10-k.htm"
    },
    {
        "date": "2005-12-31",
        "symbol": "NBL",
        "reportedCurrency": "USD",
        "cik": "0000072207",
        "fillingDate": "2006-03-03",
        "acceptedDate": "2006-03-03 15:56:43",
        "calendarYear": "2005",
        "period": "Q4",
        "revenue": 686801000,
        "costOfRevenue": 218147000,
        "grossProfit": 468654000,
        "grossProfitRatio": 0.682372332,
        "researchAndDevelopmentExpenses": 0,
        "generalAndAdministrativeExpenses": 48717000,
        "sellingAndMarketingExpenses": 58378000,
        "sellingGeneralAndAdministrativeExpenses": 107095000,
        "otherExpenses": 0,
        "operatingExpenses": 107095000,
        "costAndExpenses": 325242000,
        "interestIncome": 0,
        "interestExpense": 0,
        "depreciationAndAmortization": 118673000,
        "ebitda": 443296000,
        "ebitdaratio": 0.6454504289,
        "operatingIncome": 361559000,
        "operatingIncomeRatio": 0.5264392451,
        "totalOtherIncomeExpensesNet": -36936000,
        "incomeBeforeTax": 324623000,
        "incomeBeforeTaxRatio": 0.4726594749,
        "incomeTaxExpense": 102704000,
        "netIncome": 221919000,
        "netIncomeRatio": 0.3231197974,
        "eps": 0.63,
        "epsdiluted": 0.63,
        "weightedAverageShsOut": 352272000,
        "weightedAverageShsOutDil": 352272000,
        "link": "https://www.sec.gov/Archives/edgar/data/72207/000104746906002817/0001047469-06-002817-index.htm",
        "finalLink": "https://www.sec.gov/Archives/edgar/data/72207/000104746906002817/a2167949z10-k.htm"
    },
    {
        "date": "2005-09-30",
        "symbol": "NBL",
        "reportedCurrency": "USD",
        "cik": "0000072207",
        "fillingDate": "2005-11-04",
        "acceptedDate": "2005-11-04 11:37:49",
        "calendarYear": "2005",
        "period": "Q3",
        "revenue": 645169000,
        "costOfRevenue": 172987000,
        "grossProfit": 472182000,
        "grossProfitRatio": 0.7318733541,
        "researchAndDevelopmentExpenses": 0,
        "generalAndAdministrativeExpenses": 29346000,
        "sellingAndMarketingExpenses": 138139000,
        "sellingGeneralAndAdministrativeExpenses": 167485000,
        "otherExpenses": 0,
        "operatingExpenses": 167485000,
        "costAndExpenses": 340472000,
        "interestIncome": 0,
        "interestExpense": 0,
        "depreciationAndAmortization": 122715000,
        "ebitda": 366922000,
        "ebitdaratio": 0.5687223038,
        "operatingIncome": 304697000,
        "operatingIncomeRatio": 0.4722747063,
        "totalOtherIncomeExpensesNet": -60490000,
        "incomeBeforeTax": 244207000,
        "incomeBeforeTaxRatio": 0.3785163267,
        "incomeTaxExpense": 67251000,
        "netIncome": 176956000,
        "netIncomeRatio": 0.2742785224,
        "eps": 0.51,
        "epsdiluted": 0.49,
        "weightedAverageShsOut": 349406000,
        "weightedAverageShsOutDil": 357494000,
        "link": "https://www.sec.gov/Archives/edgar/data/72207/000110465905052564/0001104659-05-052564-index.htm",
        "finalLink": "https://www.sec.gov/Archives/edgar/data/72207/000110465905052564/a05-18076_110q.htm"
    },
    {
        "date": "2005-06-30",
        "symbol": "NBL",
        "reportedCurrency": "USD",
        "cik": "0000072207",
        "fillingDate": "2005-08-04",
        "acceptedDate": "2005-08-04 16:02:47",
        "calendarYear": "2005",
        "period": "Q2",
        "revenue": 488368000,
        "costOfRevenue": 102859000,
        "grossProfit": 385509000,
        "grossProfitRatio": 0.7893821872,
        "researchAndDevelopmentExpenses": 0,
        "generalAndAdministrativeExpenses": 38177000,
        "sellingAndMarketingExpenses": 96739000,
        "sellingGeneralAndAdministrativeExpenses": 134916000,
        "otherExpenses": 0,
        "operatingExpenses": 134916000,
        "costAndExpenses": 237775000,
        "interestIncome": 0,
        "interestExpense": 0,
        "depreciationAndAmortization": 103808000,
        "ebitda": 329085000,
        "ebitdaratio": 0.6738463618,
        "operatingIncome": 250593000,
        "operatingIncomeRatio": 0.5131233005,
        "totalOtherIncomeExpensesNet": -25316000,
        "incomeBeforeTax": 225277000,
        "incomeBeforeTaxRatio": 0.4612853422,
        "incomeTaxExpense": 88400000,
        "netIncome": 136877000,
        "netIncomeRatio": 0.2802743013,
        "eps": 0.47,
        "epsdiluted": 0.46,
        "weightedAverageShsOut": 292712000,
        "weightedAverageShsOutDil": 300660000,
        "link": "https://www.sec.gov/Archives/edgar/data/72207/000110465905036473/0001104659-05-036473-index.htm",
        "finalLink": "https://www.sec.gov/Archives/edgar/data/72207/000110465905036473/a05-12717_110q.htm"
    },
    {
        "date": "2005-03-31",
        "symbol": "NBL",
        "reportedCurrency": "USD",
        "cik": "0000072207",
        "fillingDate": "2005-05-06",
        "acceptedDate": "2005-05-05 17:36:38",
        "calendarYear": "2005",
        "period": "Q1",
        "revenue": 365234000,
        "costOfRevenue": 91269000,
        "grossProfit": 273965000,
        "grossProfitRatio": 0.7501081498,
        "researchAndDevelopmentExpenses": 0,
        "generalAndAdministrativeExpenses": 15168000,
        "sellingAndMarketingExpenses": 70467000,
        "sellingGeneralAndAdministrativeExpenses": 85635000,
        "otherExpenses": 0,
        "operatingExpenses": 85635000,
        "costAndExpenses": 176904000,
        "interestIncome": 0,
        "interestExpense": 0,
        "depreciationAndAmortization": 79679000,
        "ebitda": 254232000,
        "ebitdaratio": 0.6960797735,
        "operatingIncome": 188330000,
        "operatingIncomeRatio": 0.5156420268,
        "totalOtherIncomeExpensesNet": -13777000,
        "incomeBeforeTax": 174553000,
        "incomeBeforeTaxRatio": 0.4779210041,
        "incomeTaxExpense": 64585000,
        "netIncome": 109968000,
        "netIncomeRatio": 0.3010891648,
        "eps": 0.47,
        "epsdiluted": 0.46,
        "weightedAverageShsOut": 236332000,
        "weightedAverageShsOutDil": 240556000,
        "link": "https://www.sec.gov/Archives/edgar/data/72207/000110465905010676/0001104659-05-010676-index.htm",
        "finalLink": "https://www.sec.gov/Archives/edgar/data/72207/000110465905010676/a05-1850_110k.htm"
    },
    {
        "date": "2004-12-31",
        "symbol": "NBL",
        "reportedCurrency": "USD",
        "cik": "0000072207",
        "fillingDate": "2005-03-14",
        "acceptedDate": "2005-03-11 18:02:01",
        "calendarYear": "2004",
        "period": "Q4",
        "revenue": 365975000,
        "costOfRevenue": 32773000,
        "grossProfit": 333202000,
        "grossProfitRatio": 0.9104501674,
        "researchAndDevelopmentExpenses": 0,
        "generalAndAdministrativeExpenses": 122297000,
        "sellingAndMarketingExpenses": 74490000,
        "sellingGeneralAndAdministrativeExpenses": 196787000,
        "otherExpenses": 0,
        "operatingExpenses": 196787000,
        "costAndExpenses": 229560000,
        "interestIncome": 0,
        "interestExpense": 0,
        "depreciationAndAmortization": 82553000,
        "ebitda": 225678000,
        "ebitdaratio": 0.6166486782,
        "operatingIncome": 136415000,
        "operatingIncomeRatio": 0.3727440399,
        "totalOtherIncomeExpensesNet": 6204000,
        "incomeBeforeTax": 142619000,
        "incomeBeforeTaxRatio": 0.3896960175,
        "incomeTaxExpense": 55680000,
        "netIncome": 87445000,
        "netIncomeRatio": 0.2389370859,
        "eps": 0.37,
        "epsdiluted": 0.37,
        "weightedAverageShsOut": 236332000,
        "weightedAverageShsOutDil": 236332000,
        "link": "https://www.sec.gov/Archives/edgar/data/72207/000110465905010676/0001104659-05-010676-index.htm",
        "finalLink": "https://www.sec.gov/Archives/edgar/data/72207/000110465905010676/a05-1850_110k.htm"
    },
    {
        "date": "2004-09-30",
        "symbol": "NBL",
        "reportedCurrency": "USD",
        "cik": "0000072207",
        "fillingDate": "2004-11-09",
        "acceptedDate": "2004-11-08 20:25:11",
        "calendarYear": "2004",
        "period": "Q3",
        "revenue": 326573000,
        "costOfRevenue": 91601000,
        "grossProfit": 234972000,
        "grossProfitRatio": 0.7195083488,
        "researchAndDevelopmentExpenses": 0,
        "generalAndAdministrativeExpenses": 13326000,
        "sellingAndMarketingExpenses": 76040000,
        "sellingGeneralAndAdministrativeExpenses": 89366000,
        "otherExpenses": 0,
        "operatingExpenses": 89366000,
        "costAndExpenses": 180967000,
        "interestIncome": 0,
        "interestExpense": 0,
        "depreciationAndAmortization": 84867000,
        "ebitda": 216179000,
        "ebitdaratio": 0.6619622565,
        "operatingIncome": 145606000,
        "operatingIncomeRatio": 0.4458604967,
        "totalOtherIncomeExpensesNet": -17015000,
        "incomeBeforeTax": 128591000,
        "incomeBeforeTaxRatio": 0.3937588227,
        "incomeTaxExpense": 47620000,
        "netIncome": 83692000,
        "netIncomeRatio": 0.2562734825,
        "eps": 0.36,
        "epsdiluted": 0.35,
        "weightedAverageShsOut": 233812000,
        "weightedAverageShsOutDil": 237948000,
        "link": "https://www.sec.gov/Archives/edgar/data/72207/000110465904034400/0001104659-04-034400-index.htm",
        "finalLink": "https://www.sec.gov/Archives/edgar/data/72207/000110465904034400/a04-12866_110q.htm"
    },
    {
        "date": "2004-06-30",
        "symbol": "NBL",
        "reportedCurrency": "USD",
        "cik": "0000072207",
        "fillingDate": "2004-08-06",
        "acceptedDate": "2004-08-06 16:51:51",
        "calendarYear": "2004",
        "period": "Q2",
        "revenue": 339202000,
        "costOfRevenue": 112765000,
        "grossProfit": 226437000,
        "grossProfitRatio": 0.6675579743,
        "researchAndDevelopmentExpenses": 0,
        "generalAndAdministrativeExpenses": 13133000,
        "sellingAndMarketingExpenses": 80643000,
        "sellingGeneralAndAdministrativeExpenses": 93776000,
        "otherExpenses": 0,
        "operatingExpenses": 93776000,
        "costAndExpenses": 206541000,
        "interestIncome": 0,
        "interestExpense": 0,
        "depreciationAndAmortization": 91134000,
        "ebitda": 208516000,
        "ebitdaratio": 0.614725149,
        "operatingIncome": 132661000,
        "operatingIncomeRatio": 0.3910973402,
        "totalOtherIncomeExpensesNet": -16678000,
        "incomeBeforeTax": 115983000,
        "incomeBeforeTaxRatio": 0.3419289981,
        "incomeTaxExpense": 45355000,
        "netIncome": 72027000,
        "netIncomeRatio": 0.212342498,
        "eps": 0.31,
        "epsdiluted": 0.31,
        "weightedAverageShsOut": 232336000,
        "weightedAverageShsOutDil": 235828000,
        "link": "https://www.sec.gov/Archives/edgar/data/72207/000110465904023039/0001104659-04-023039-index.htm",
        "finalLink": "https://www.sec.gov/Archives/edgar/data/72207/000110465904023039/a04-8925_110q.htm"
    },
    {
        "date": "2004-03-31",
        "symbol": "NBL",
        "reportedCurrency": "USD",
        "cik": "0000072207",
        "fillingDate": "2004-05-10",
        "acceptedDate": "2004-05-07 17:57:34",
        "calendarYear": "2004",
        "period": "Q1",
        "revenue": 319426000,
        "costOfRevenue": 85132000,
        "grossProfit": 234294000,
        "grossProfitRatio": 0.7334844377,
        "researchAndDevelopmentExpenses": 0,
        "generalAndAdministrativeExpenses": 15059000,
        "sellingAndMarketingExpenses": 77682000,
        "sellingGeneralAndAdministrativeExpenses": 92741000,
        "otherExpenses": 0,
        "operatingExpenses": 92741000,
        "costAndExpenses": 177873000,
        "interestIncome": 0,
        "interestExpense": 0,
        "depreciationAndAmortization": 89131000,
        "ebitda": 228213000,
        "ebitdaratio": 0.7144471646,
        "operatingIncome": 141553000,
        "operatingIncomeRatio": 0.4431480218,
        "totalOtherIncomeExpensesNet": -12705000,
        "incomeBeforeTax": 128848000,
        "incomeBeforeTaxRatio": 0.4033735513,
        "incomeTaxExpense": 53536000,
        "netIncome": 85546000,
        "netIncomeRatio": 0.2678116371,
        "eps": 0.37,
        "epsdiluted": 0.37,
        "weightedAverageShsOut": 230652000,
        "weightedAverageShsOutDil": 234124000,
        "link": "https://www.sec.gov/Archives/edgar/data/72207/000110465904007279/0001104659-04-007279-index.htm",
        "finalLink": "https://www.sec.gov/Archives/edgar/data/72207/000110465904007279/a04-3320_110k.htm"
    },
    {
        "date": "2003-12-31",
        "symbol": "NBL",
        "reportedCurrency": "USD",
        "cik": "0000072207",
        "fillingDate": "2004-03-15",
        "acceptedDate": "2004-03-12 17:38:18",
        "calendarYear": "2003",
        "period": "Q4",
        "revenue": 257133000,
        "costOfRevenue": 57202000,
        "grossProfit": 199931000,
        "grossProfitRatio": 0.7775392501,
        "researchAndDevelopmentExpenses": 0,
        "generalAndAdministrativeExpenses": 70511000,
        "sellingAndMarketingExpenses": 91653000,
        "sellingGeneralAndAdministrativeExpenses": 162164000,
        "otherExpenses": 0,
        "operatingExpenses": 162164000,
        "costAndExpenses": 219366000,
        "interestIncome": 0,
        "interestExpense": 0,
        "depreciationAndAmortization": 114549000,
        "ebitda": 88455000,
        "ebitdaratio": 0.3440048535,
        "operatingIncome": 37767000,
        "operatingIncomeRatio": 0.146877297,
        "totalOtherIncomeExpensesNet": -44445000,
        "incomeBeforeTax": -6678000,
        "incomeBeforeTaxRatio": -0.0259709956,
        "incomeTaxExpense": -5043000,
        "netIncome": -21051000,
        "netIncomeRatio": -0.0818681383,
        "eps": -0.0913,
        "epsdiluted": -0.0913,
        "weightedAverageShsOut": 230652000,
        "weightedAverageShsOutDil": 230652000,
        "link": "https://www.sec.gov/Archives/edgar/data/72207/000110465904007279/0001104659-04-007279-index.htm",
        "finalLink": "https://www.sec.gov/Archives/edgar/data/72207/000110465904007279/a04-3320_110k.htm"
    },
    {
        "date": "2003-09-30",
        "symbol": "NBL",
        "reportedCurrency": "USD",
        "cik": "0000072207",
        "fillingDate": "2003-11-12",
        "acceptedDate": "2003-11-12 13:51:19",
        "calendarYear": "2003",
        "period": "Q3",
        "revenue": 242116000,
        "costOfRevenue": 93966000,
        "grossProfit": 148150000,
        "grossProfitRatio": 0.6118967768,
        "researchAndDevelopmentExpenses": 0,
        "generalAndAdministrativeExpenses": 12495000,
        "sellingAndMarketingExpenses": 73155000,
        "sellingGeneralAndAdministrativeExpenses": 85650000,
        "otherExpenses": 0,
        "operatingExpenses": 85650000,
        "costAndExpenses": 179616000,
        "interestIncome": 0,
        "interestExpense": 0,
        "depreciationAndAmortization": 73925000,
        "ebitda": 126010000,
        "ebitdaratio": 0.520453006,
        "operatingIncome": 62500000,
        "operatingIncomeRatio": 0.2581407259,
        "totalOtherIncomeExpensesNet": -13411000,
        "incomeBeforeTax": 49089000,
        "incomeBeforeTaxRatio": 0.2027499215,
        "incomeTaxExpense": 16969000,
        "netIncome": 35116000,
        "netIncomeRatio": 0.1450379157,
        "eps": 0.16,
        "epsdiluted": 0.15,
        "weightedAverageShsOut": 225976000,
        "weightedAverageShsOutDil": 228452000,
        "link": "https://www.sec.gov/Archives/edgar/data/72207/000110465903025731/0001104659-03-025731-index.htm",
        "finalLink": "https://www.sec.gov/Archives/edgar/data/72207/000110465903025731/a03-5335_110q.htm"
    },
    {
        "date": "2003-06-30",
        "symbol": "NBL",
        "reportedCurrency": "USD",
        "cik": "0000072207",
        "fillingDate": "2003-08-14",
        "acceptedDate": "2003-08-14 15:50:34",
        "calendarYear": "2003",
        "period": "Q2",
        "revenue": 261453000,
        "costOfRevenue": 105245000,
        "grossProfit": 156208000,
        "grossProfitRatio": 0.5974611116,
        "researchAndDevelopmentExpenses": 0,
        "generalAndAdministrativeExpenses": 14945000,
        "sellingAndMarketingExpenses": 78988000,
        "sellingGeneralAndAdministrativeExpenses": 93933000,
        "otherExpenses": 0,
        "operatingExpenses": 93933000,
        "costAndExpenses": 199178000,
        "interestIncome": 0,
        "interestExpense": 0,
        "depreciationAndAmortization": 85720000,
        "ebitda": 131451000,
        "ebitdaratio": 0.5027710525,
        "operatingIncome": 62275000,
        "operatingIncomeRatio": 0.2381881256,
        "totalOtherIncomeExpensesNet": -14529000,
        "incomeBeforeTax": 47746000,
        "incomeBeforeTaxRatio": 0.1826179084,
        "incomeTaxExpense": 16661000,
        "netIncome": 29070000,
        "netIncomeRatio": 0.1111863318,
        "eps": 0.13,
        "epsdiluted": 0.13,
        "weightedAverageShsOut": 228724000,
        "weightedAverageShsOutDil": 230680000,
        "link": "https://www.sec.gov/Archives/edgar/data/72207/000110465903018667/0001104659-03-018667-index.htm",
        "finalLink": "https://www.sec.gov/Archives/edgar/data/72207/000110465903018667/a03-2726_110q.htm"
    },
    {
        "date": "2003-03-31",
        "symbol": "NBL",
        "reportedCurrency": "USD",
        "cik": "0000072207",
        "fillingDate": "2003-05-15",
        "acceptedDate": "2003-05-15 17:08:32",
        "calendarYear": "2003",
        "period": "Q1",
        "revenue": 298621000,
        "costOfRevenue": 116337000,
        "grossProfit": 182284000,
        "grossProfitRatio": 0.610419227,
        "researchAndDevelopmentExpenses": 0,
        "generalAndAdministrativeExpenses": 13629000,
        "sellingAndMarketingExpenses": 82276000,
        "sellingGeneralAndAdministrativeExpenses": 95905000,
        "otherExpenses": 0,
        "operatingExpenses": 95905000,
        "costAndExpenses": 212242000,
        "interestIncome": 0,
        "interestExpense": 0,
        "depreciationAndAmortization": 95645000,
        "ebitda": 160325000,
        "ebitdaratio": 0.536884546,
        "operatingIncome": 86379000,
        "operatingIncomeRatio": 0.2892596301,
        "totalOtherIncomeExpensesNet": -156898000,
        "incomeBeforeTax": -70519000,
        "incomeBeforeTaxRatio": -0.2361488308,
        "incomeTaxExpense": 29823000,
        "netIncome": 34857000,
        "netIncomeRatio": 0.1167265531,
        "eps": 0.15,
        "epsdiluted": 0.15,
        "weightedAverageShsOut": 229504000,
        "weightedAverageShsOutDil": 231532000,
        "link": "https://www.sec.gov/Archives/edgar/data/72207/000110465903004004/0001104659-03-004004-index.htm",
        "finalLink": "https://www.sec.gov/Archives/edgar/data/72207/000110465903004004/j8190_10k.htm"
    },
    {
        "date": "2002-12-31",
        "symbol": "NBL",
        "reportedCurrency": "USD",
        "cik": "0000072207",
        "fillingDate": "2003-03-11",
        "acceptedDate": "2003-03-11 16:26:23",
        "calendarYear": "2002",
        "period": "Q4",
        "revenue": 456120000,
        "costOfRevenue": 328559000,
        "grossProfit": 127561000,
        "grossProfitRatio": 0.2796654389,
        "researchAndDevelopmentExpenses": 0,
        "generalAndAdministrativeExpenses": 9423000,
        "sellingAndMarketingExpenses": 66098000,
        "sellingGeneralAndAdministrativeExpenses": 75521000,
        "otherExpenses": 0,
        "operatingExpenses": 75521000,
        "costAndExpenses": 404080000,
        "interestIncome": 0,
        "interestExpense": 0,
        "depreciationAndAmortization": 80300000,
        "ebitda": 117991000,
        "ebitdaratio": 0.2586841182,
        "operatingIncome": 52040000,
        "operatingIncomeRatio": 0.1140927826,
        "totalOtherIncomeExpensesNet": -14349000,
        "incomeBeforeTax": 37691000,
        "incomeBeforeTaxRatio": 0.082633956,
        "incomeTaxExpense": 20870000,
        "netIncome": 16821000,
        "netIncomeRatio": 0.036878453,
        "eps": 0.0733,
        "epsdiluted": 0.0733,
        "weightedAverageShsOut": 229504000,
        "weightedAverageShsOutDil": 229504000,
        "link": "https://www.sec.gov/Archives/edgar/data/72207/000110465903004004/0001104659-03-004004-index.htm",
        "finalLink": "https://www.sec.gov/Archives/edgar/data/72207/000110465903004004/j8190_10k.htm"
    },
    {
        "date": "2002-09-30",
        "symbol": "NBL",
        "reportedCurrency": "USD",
        "cik": "0000072207",
        "fillingDate": "2002-11-13",
        "acceptedDate": "2002-11-13 14:50:27",
        "calendarYear": "2002",
        "period": "Q3",
        "revenue": 339666000,
        "costOfRevenue": 246796000,
        "grossProfit": 92870000,
        "grossProfitRatio": 0.2734156495,
        "researchAndDevelopmentExpenses": 0,
        "generalAndAdministrativeExpenses": 14835000,
        "sellingAndMarketingExpenses": 70637000,
        "sellingGeneralAndAdministrativeExpenses": 85472000,
        "otherExpenses": 0,
        "operatingExpenses": 85472000,
        "costAndExpenses": 332268000,
        "interestIncome": 0,
        "interestExpense": 0,
        "depreciationAndAmortization": 78430000,
        "ebitda": 75498000,
        "ebitdaratio": 0.22227129,
        "operatingIncome": 7398000,
        "operatingIncomeRatio": 0.0217802194,
        "totalOtherIncomeExpensesNet": -10330000,
        "incomeBeforeTax": -2932000,
        "incomeBeforeTaxRatio": -0.0086320091,
        "incomeTaxExpense": -1742000,
        "netIncome": -1190000,
        "netIncomeRatio": -0.0035034416,
        "eps": -0.005,
        "epsdiluted": -0.005,
        "weightedAverageShsOut": 238000000,
        "weightedAverageShsOutDil": 238000000,
        "link": "https://www.sec.gov/Archives/edgar/data/72207/000104746902002856/0001047469-02-002856-index.htm",
        "finalLink": "https://www.sec.gov/Archives/edgar/data/72207/000104746902002856/a2093397z10-q.htm"
    },
    {
        "date": "2002-06-30",
        "symbol": "NBL",
        "reportedCurrency": "USD",
        "cik": "0000072207",
        "fillingDate": "2002-08-13",
        "acceptedDate": "2002-08-13 17:08:27",
        "calendarYear": "2002",
        "period": "Q2",
        "revenue": 333907000,
        "costOfRevenue": 204262000,
        "grossProfit": 129645000,
        "grossProfitRatio": 0.3882667928,
        "researchAndDevelopmentExpenses": 0,
        "generalAndAdministrativeExpenses": 12083000,
        "sellingAndMarketingExpenses": 73049000,
        "sellingGeneralAndAdministrativeExpenses": 85132000,
        "otherExpenses": 0,
        "operatingExpenses": 85132000,
        "costAndExpenses": 289394000,
        "interestIncome": 0,
        "interestExpense": 0,
        "depreciationAndAmortization": 76907000,
        "ebitda": 105843000,
        "ebitdaratio": 0.3169834714,
        "operatingIncome": 44513000,
        "operatingIncomeRatio": 0.1333095742,
        "totalOtherIncomeExpensesNet": -15577000,
        "incomeBeforeTax": 28936000,
        "incomeBeforeTaxRatio": 0.0866588601,
        "incomeTaxExpense": 11817000,
        "netIncome": 17119000,
        "netIncomeRatio": 0.0512687665,
        "eps": 0.075,
        "epsdiluted": 0.075,
        "weightedAverageShsOut": 228253333,
        "weightedAverageShsOutDil": 228253333,
        "link": "https://www.sec.gov/Archives/edgar/data/72207/000091205702031615/0000912057-02-031615-index.html",
        "finalLink": "https://www.sec.gov/Archives/edgar/data/72207/000091205702031615/a2086960z10-q.htm"
    },
    {
        "date": "2002-03-31",
        "symbol": "NBL",
        "reportedCurrency": "USD",
        "cik": "0000072207",
        "fillingDate": "2002-05-10",
        "acceptedDate": "2002-05-10 12:50:49",
        "calendarYear": "2002",
        "period": "Q1",
        "revenue": 315068000,
        "costOfRevenue": 240853000,
        "grossProfit": 74215000,
        "grossProfitRatio": 0.2355523252,
        "researchAndDevelopmentExpenses": 0,
        "generalAndAdministrativeExpenses": 11323000,
        "sellingAndMarketingExpenses": 75502000,
        "sellingGeneralAndAdministrativeExpenses": 86825000,
        "otherExpenses": 0,
        "operatingExpenses": 86825000,
        "costAndExpenses": 327678000,
        "interestIncome": 0,
        "interestExpense": 0,
        "depreciationAndAmortization": 79361000,
        "ebitda": 58265000,
        "ebitdaratio": 0.1849283329,
        "operatingIncome": -12610000,
        "operatingIncomeRatio": -0.0400231061,
        "totalOtherIncomeExpensesNet": -8486000,
        "incomeBeforeTax": -21096000,
        "incomeBeforeTaxRatio": -0.0669569744,
        "incomeTaxExpense": -5998000,
        "netIncome": -15098000,
        "netIncomeRatio": -0.0479198141,
        "eps": -0.065,
        "epsdiluted": -0.065,
        "weightedAverageShsOut": 232276923,
        "weightedAverageShsOutDil": 232276923,
        "link": "https://www.sec.gov/Archives/edgar/data/72207/000091205702019507/0000912057-02-019507-index.html",
        "finalLink": "https://www.sec.gov/Archives/edgar/data/72207/000091205702019507/a2079318z10-q.txt"
    },
    {
        "date": "2001-12-31",
        "symbol": "NBL",
        "reportedCurrency": "USD",
        "cik": "0000072207",
        "fillingDate": "2001-12-31",
        "acceptedDate": "2001-12-30 19:00:00",
        "calendarYear": "2001",
        "period": "Q4",
        "revenue": 297482000,
        "costOfRevenue": 228339000,
        "grossProfit": 69143000,
        "grossProfitRatio": 0.2324275082,
        "researchAndDevelopmentExpenses": 0,
        "generalAndAdministrativeExpenses": 11957000,
        "sellingAndMarketingExpenses": 74369000,
        "sellingGeneralAndAdministrativeExpenses": 86326000,
        "otherExpenses": 0,
        "operatingExpenses": 86326000,
        "costAndExpenses": 314665000,
        "interestIncome": 0,
        "interestExpense": 0,
        "depreciationAndAmortization": 79285000,
        "ebitda": 51946000,
        "ebitdaratio": 0.1746189685,
        "operatingIncome": -17183000,
        "operatingIncomeRatio": -0.057761478,
        "totalOtherIncomeExpensesNet": -10156000,
        "incomeBeforeTax": -27339000,
        "incomeBeforeTaxRatio": -0.0919013587,
        "incomeTaxExpense": 137000,
        "netIncome": -27476000,
        "netIncomeRatio": -0.0923618908,
        "eps": -0.12,
        "epsdiluted": -0.12,
        "weightedAverageShsOut": 232276923,
        "weightedAverageShsOutDil": 232276923,
        "link": "",
        "finalLink": ""
    },
    {
        "date": "2001-09-30",
        "symbol": "NBL",
        "reportedCurrency": "USD",
        "cik": "0000072207",
        "fillingDate": "2001-11-13",
        "acceptedDate": "2001-11-13 00:00:00",
        "calendarYear": "2001",
        "period": "Q3",
        "revenue": 304836000,
        "costOfRevenue": 211649000,
        "grossProfit": 93187000,
        "grossProfitRatio": 0.3056955215,
        "researchAndDevelopmentExpenses": 0,
        "generalAndAdministrativeExpenses": 9726000,
        "sellingAndMarketingExpenses": 68536000,
        "sellingGeneralAndAdministrativeExpenses": 78262000,
        "otherExpenses": 0,
        "operatingExpenses": 78262000,
        "costAndExpenses": 289911000,
        "interestIncome": 0,
        "interestExpense": 0,
        "depreciationAndAmortization": 73488000,
        "ebitda": 81014000,
        "ebitdaratio": 0.265762574,
        "operatingIncome": 14925000,
        "operatingIncomeRatio": 0.0489607527,
        "totalOtherIncomeExpensesNet": -7399000,
        "incomeBeforeTax": 7526000,
        "incomeBeforeTaxRatio": 0.0246886851,
        "incomeTaxExpense": 3718000,
        "netIncome": 3808000,
        "netIncomeRatio": 0.0124919629,
        "eps": 0.0175,
        "epsdiluted": 0.0175,
        "weightedAverageShsOut": 217600000,
        "weightedAverageShsOutDil": 217600000,
        "link": "https://www.sec.gov/Archives/edgar/data/72207/000091205701538791/0000912057-01-538791-index.html",
        "finalLink": "https://www.sec.gov/Archives/edgar/data/72207/000091205701538791/a2063130z10-q.txt"
    },
    {
        "date": "2001-06-30",
        "symbol": "NBL",
        "reportedCurrency": "USD",
        "cik": "0000072207",
        "fillingDate": "2001-08-13",
        "acceptedDate": "2001-08-13 00:00:00",
        "calendarYear": "2001",
        "period": "Q2",
        "revenue": 413992000,
        "costOfRevenue": 241097000,
        "grossProfit": 172895000,
        "grossProfitRatio": 0.4176288431,
        "researchAndDevelopmentExpenses": 0,
        "generalAndAdministrativeExpenses": 10691000,
        "sellingAndMarketingExpenses": 76869000,
        "sellingGeneralAndAdministrativeExpenses": 87560000,
        "otherExpenses": 0,
        "operatingExpenses": 87560000,
        "costAndExpenses": 328657000,
        "interestIncome": 0,
        "interestExpense": 0,
        "depreciationAndAmortization": 81248000,
        "ebitda": 160688000,
        "ebitdaratio": 0.388142766,
        "operatingIncome": 85335000,
        "operatingIncomeRatio": 0.2061271715,
        "totalOtherIncomeExpensesNet": -5895000,
        "incomeBeforeTax": 79440000,
        "incomeBeforeTaxRatio": 0.1918877659,
        "incomeTaxExpense": 28106000,
        "netIncome": 51334000,
        "netIncomeRatio": 0.1239975652,
        "eps": 0.23,
        "epsdiluted": 0.22,
        "weightedAverageShsOut": 225643956,
        "weightedAverageShsOutDil": 230714607,
        "link": "https://www.sec.gov/Archives/edgar/data/72207/000091205701528049/0000912057-01-528049-index.html",
        "finalLink": "https://www.sec.gov/Archives/edgar/data/72207/000091205701528049/a2056561z10-q.txt"
    },
    {
        "date": "2001-03-31",
        "symbol": "NBL",
        "reportedCurrency": "USD",
        "cik": "0000072207",
        "fillingDate": "2001-05-11",
        "acceptedDate": "2001-05-11 00:00:00",
        "calendarYear": "2001",
        "period": "Q1",
        "revenue": 561015000,
        "costOfRevenue": 312437000,
        "grossProfit": 248578000,
        "grossProfitRatio": 0.443086192,
        "researchAndDevelopmentExpenses": 0,
        "generalAndAdministrativeExpenses": 11790000,
        "sellingAndMarketingExpenses": 64243000,
        "sellingGeneralAndAdministrativeExpenses": 76033000,
        "otherExpenses": 0,
        "operatingExpenses": 76033000,
        "costAndExpenses": 388470000,
        "interestIncome": 0,
        "interestExpense": 0,
        "depreciationAndAmortization": 67208000,
        "ebitda": 232191000,
        "ebitdaratio": 0.4138766343,
        "operatingIncome": 172545000,
        "operatingIncomeRatio": 0.3075586214,
        "totalOtherIncomeExpensesNet": -7562000,
        "incomeBeforeTax": 164983000,
        "incomeBeforeTaxRatio": 0.2940794809,
        "incomeTaxExpense": 59073000,
        "netIncome": 105910000,
        "netIncomeRatio": 0.1887828311,
        "eps": 0.47,
        "epsdiluted": 0.46,
        "weightedAverageShsOut": 225340426,
        "weightedAverageShsOutDil": 230239130,
        "link": "https://www.sec.gov/Archives/edgar/data/72207/000091205701514683/0000912057-01-514683-index.html",
        "finalLink": "https://www.sec.gov/Archives/edgar/data/72207/000091205701514683/a2048925z10-q.txt"
    },
    {
        "date": "2000-12-31",
        "symbol": "NBL",
        "reportedCurrency": "USD",
        "cik": "0000072207",
        "fillingDate": "2001-03-29",
        "acceptedDate": "2001-03-29 00:00:00",
        "calendarYear": "2000",
        "period": "Q4",
        "revenue": 453283000,
        "costOfRevenue": 257376000,
        "grossProfit": 195907000,
        "grossProfitRatio": 0.4321957806,
        "researchAndDevelopmentExpenses": 0,
        "generalAndAdministrativeExpenses": 12519000,
        "sellingAndMarketingExpenses": 72888000,
        "sellingGeneralAndAdministrativeExpenses": 85407000,
        "otherExpenses": 0,
        "operatingExpenses": 85407000,
        "costAndExpenses": 342783000,
        "interestIncome": 0,
        "interestExpense": 0,
        "depreciationAndAmortization": 72888000,
        "ebitda": 177064000,
        "ebitdaratio": 0.3906257239,
        "operatingIncome": 110500000,
        "operatingIncomeRatio": 0.2437770664,
        "totalOtherIncomeExpensesNet": -6324000,
        "incomeBeforeTax": 104176000,
        "incomeBeforeTaxRatio": 0.2298255174,
        "incomeTaxExpense": 33536000,
        "netIncome": 70640000,
        "netIncomeRatio": 0.1558408323,
        "eps": 0.31,
        "epsdiluted": 0.31,
        "weightedAverageShsOut": 225340426,
        "weightedAverageShsOutDil": 225340426,
        "link": "https://www.sec.gov/Archives/edgar/data/72207/000091205701505394/0000912057-01-505394-index.html",
        "finalLink": "https://www.sec.gov/Archives/edgar/data/72207/000091205701505394/a2041570z10-k.txt"
    },
    {
        "date": "2000-09-30",
        "symbol": "NBL",
        "reportedCurrency": "USD",
        "cik": "0000072207",
        "fillingDate": "2000-11-13",
        "acceptedDate": "2000-11-13 00:00:00",
        "calendarYear": "2000",
        "period": "Q3",
        "revenue": 357354000,
        "costOfRevenue": 190926000,
        "grossProfit": 166428000,
        "grossProfitRatio": 0.4657230645,
        "researchAndDevelopmentExpenses": 0,
        "generalAndAdministrativeExpenses": 10786000,
        "sellingAndMarketingExpenses": 60401000,
        "sellingGeneralAndAdministrativeExpenses": 71187000,
        "otherExpenses": 0,
        "operatingExpenses": 71187000,
        "costAndExpenses": 262113000,
        "interestIncome": 0,
        "interestExpense": 0,
        "depreciationAndAmortization": 60401000,
        "ebitda": 151381000,
        "ebitdaratio": 0.423616358,
        "operatingIncome": 95241000,
        "operatingIncomeRatio": 0.266517235,
        "totalOtherIncomeExpensesNet": -4261000,
        "incomeBeforeTax": 90980000,
        "incomeBeforeTaxRatio": 0.2545934843,
        "incomeTaxExpense": 33763000,
        "netIncome": 57217000,
        "netIncomeRatio": 0.1601129412,
        "eps": 0.26,
        "epsdiluted": 0.25,
        "weightedAverageShsOut": 224380392,
        "weightedAverageShsOutDil": 226601980,
        "link": "https://www.sec.gov/Archives/edgar/data/72207/000091205700048610/0000912057-00-048610-index.html",
        "finalLink": "https://www.sec.gov/Archives/edgar/data/72207/000091205700048610/a2030058z10-q.txt"
    },
    {
        "date": "2000-06-30",
        "symbol": "NBL",
        "reportedCurrency": "USD",
        "cik": "0000072207",
        "fillingDate": "2000-08-11",
        "acceptedDate": "2000-08-11 00:00:00",
        "calendarYear": "2000",
        "period": "Q2",
        "revenue": 301777000,
        "costOfRevenue": 166036000,
        "grossProfit": 135741000,
        "grossProfitRatio": 0.4498056512,
        "researchAndDevelopmentExpenses": 0,
        "generalAndAdministrativeExpenses": 12015000,
        "sellingAndMarketingExpenses": 59651000,
        "sellingGeneralAndAdministrativeExpenses": 71666000,
        "otherExpenses": 0,
        "operatingExpenses": 71666000,
        "costAndExpenses": 237702000,
        "interestIncome": 0,
        "interestExpense": 0,
        "depreciationAndAmortization": 59651000,
        "ebitda": 120626000,
        "ebitdaratio": 0.3997189978,
        "operatingIncome": 64075000,
        "operatingIncomeRatio": 0.2123256577,
        "totalOtherIncomeExpensesNet": -3100000,
        "incomeBeforeTax": 60975000,
        "incomeBeforeTaxRatio": 0.2020531717,
        "incomeTaxExpense": 24114000,
        "netIncome": 36861000,
        "netIncomeRatio": 0.1221464856,
        "eps": 0.17,
        "epsdiluted": 0.16,
        "weightedAverageShsOut": 223400000,
        "weightedAverageShsOutDil": 226836923,
        "link": "https://www.sec.gov/Archives/edgar/data/72207/000091205700036400/0000912057-00-036400-index.html",
        "finalLink": "https://www.sec.gov/Archives/edgar/data/72207/000091205700036400/a10-q.txt"
    },
    {
        "date": "2000-03-31",
        "symbol": "NBL",
        "reportedCurrency": "USD",
        "cik": "0000072207",
        "fillingDate": "2000-05-15",
        "acceptedDate": "2000-05-15 00:00:00",
        "calendarYear": "2000",
        "period": "Q1",
        "revenue": 268872000,
        "costOfRevenue": 153962000,
        "grossProfit": 114910000,
        "grossProfitRatio": 0.4273780833,
        "researchAndDevelopmentExpenses": 0,
        "generalAndAdministrativeExpenses": 11971000,
        "sellingAndMarketingExpenses": 53935000,
        "sellingGeneralAndAdministrativeExpenses": 65906000,
        "otherExpenses": 0,
        "operatingExpenses": 65906000,
        "costAndExpenses": 219868000,
        "interestIncome": 0,
        "interestExpense": 0,
        "depreciationAndAmortization": 53935000,
        "ebitda": 97287000,
        "ebitdaratio": 0.3618338838,
        "operatingIncome": 49004000,
        "operatingIncomeRatio": 0.1822577286,
        "totalOtherIncomeExpensesNet": -5652000,
        "incomeBeforeTax": 43352000,
        "incomeBeforeTaxRatio": 0.1612365735,
        "incomeTaxExpense": 16472000,
        "netIncome": 26880000,
        "netIncomeRatio": 0.0999732215,
        "eps": 0.12,
        "epsdiluted": 0.12,
        "weightedAverageShsOut": 224000000,
        "weightedAverageShsOutDil": 228765957,
        "link": "https://www.sec.gov/Archives/edgar/data/72207/000091205700024401/0000912057-00-024401-index.html",
        "finalLink": "https://www.sec.gov/Archives/edgar/data/72207/0000912057-00-024401.txt"
    },
    {
        "date": "1999-12-31",
        "symbol": "NBL",
        "reportedCurrency": "USD",
        "cik": "0000072207",
        "fillingDate": "1999-12-31",
        "acceptedDate": "1999-12-30 19:00:00",
        "calendarYear": "1999",
        "period": "Q4",
        "revenue": 252600000,
        "costOfRevenue": 129700000,
        "grossProfit": 122900000,
        "grossProfitRatio": 0.4865399842,
        "researchAndDevelopmentExpenses": 0,
        "generalAndAdministrativeExpenses": 14200000,
        "sellingAndMarketingExpenses": 71600000,
        "sellingGeneralAndAdministrativeExpenses": 85800000,
        "otherExpenses": 0,
        "operatingExpenses": 85800000,
        "costAndExpenses": 215500000,
        "interestIncome": 0,
        "interestExpense": 0,
        "depreciationAndAmortization": 71600000,
        "ebitda": 104500000,
        "ebitdaratio": 0.4136975455,
        "operatingIncome": 37100000,
        "operatingIncomeRatio": 0.1468725257,
        "totalOtherIncomeExpensesNet": -4200000,
        "incomeBeforeTax": 32900000,
        "incomeBeforeTaxRatio": 0.1302454473,
        "incomeTaxExpense": 11300000,
        "netIncome": 21600000,
        "netIncomeRatio": 0.0855106888,
        "eps": 0.0964,
        "epsdiluted": 0.0964,
        "weightedAverageShsOut": 224000000,
        "weightedAverageShsOutDil": 224000000,
        "link": "",
        "finalLink": ""
    },
    {
        "date": "1999-09-30",
        "symbol": "NBL",
        "reportedCurrency": "USD",
        "cik": "0000072207",
        "fillingDate": "1999-11-15",
        "acceptedDate": "1999-11-15 00:00:00",
        "calendarYear": "1999",
        "period": "Q3",
        "revenue": 241900000,
        "costOfRevenue": 127400000,
        "grossProfit": 114500000,
        "grossProfitRatio": 0.4733360893,
        "researchAndDevelopmentExpenses": 0,
        "generalAndAdministrativeExpenses": 10700000,
        "sellingAndMarketingExpenses": 62700000,
        "sellingGeneralAndAdministrativeExpenses": 73400000,
        "otherExpenses": 0,
        "operatingExpenses": 73400000,
        "costAndExpenses": 200800000,
        "interestIncome": 0,
        "interestExpense": 0,
        "depreciationAndAmortization": 62700000,
        "ebitda": 107100000,
        "ebitdaratio": 0.4427449359,
        "operatingIncome": 41100000,
        "operatingIncomeRatio": 0.1699049194,
        "totalOtherIncomeExpensesNet": 3300000,
        "incomeBeforeTax": 44400000,
        "incomeBeforeTaxRatio": 0.1835469202,
        "incomeTaxExpense": 16700000,
        "netIncome": 27700000,
        "netIncomeRatio": 0.1145101282,
        "eps": 0.12,
        "epsdiluted": 0.12,
        "weightedAverageShsOut": 226122449,
        "weightedAverageShsOutDil": 230833333,
        "link": "https://www.sec.gov/Archives/edgar/data/72207/000091205799005678/0000912057-99-005678-index.html",
        "finalLink": "https://www.sec.gov/Archives/edgar/data/72207/0000912057-99-005678.txt"
    },
    {
        "date": "1999-06-30",
        "symbol": "NBL",
        "reportedCurrency": "USD",
        "cik": "0000072207",
        "fillingDate": "1999-08-13",
        "acceptedDate": "1999-08-13 00:00:00",
        "calendarYear": "1999",
        "period": "Q2",
        "revenue": 216300000,
        "costOfRevenue": 121300000,
        "grossProfit": 95000000,
        "grossProfitRatio": 0.4392048081,
        "researchAndDevelopmentExpenses": 0,
        "generalAndAdministrativeExpenses": 11600000,
        "sellingAndMarketingExpenses": 62100000,
        "sellingGeneralAndAdministrativeExpenses": 73700000,
        "otherExpenses": 0,
        "operatingExpenses": 73700000,
        "costAndExpenses": 195000000,
        "interestIncome": 0,
        "interestExpense": 0,
        "depreciationAndAmortization": 62100000,
        "ebitda": 74700000,
        "ebitdaratio": 0.3453536755,
        "operatingIncome": 21300000,
        "operatingIncomeRatio": 0.0984743412,
        "totalOtherIncomeExpensesNet": -8700000,
        "incomeBeforeTax": 12600000,
        "incomeBeforeTaxRatio": 0.0582524272,
        "incomeTaxExpense": 3400000,
        "netIncome": 9200000,
        "netIncomeRatio": 0.0425335183,
        "eps": 0.04,
        "epsdiluted": 0.04,
        "weightedAverageShsOut": 230000000,
        "weightedAverageShsOutDil": 230000000,
        "link": "https://www.sec.gov/Archives/edgar/data/72207/000104746999031675/0001047469-99-031675-index.html",
        "finalLink": "https://www.sec.gov/Archives/edgar/data/72207/0001047469-99-031675.txt"
    },
    {
        "date": "1999-03-31",
        "symbol": "NBL",
        "reportedCurrency": "USD",
        "cik": "0000072207",
        "fillingDate": "1999-03-31",
        "acceptedDate": "1999-03-30 19:00:00",
        "calendarYear": "1999",
        "period": "Q1",
        "revenue": 175900000,
        "costOfRevenue": 98900000,
        "grossProfit": 77000000,
        "grossProfitRatio": 0.4377487209,
        "researchAndDevelopmentExpenses": 0,
        "generalAndAdministrativeExpenses": 11400000,
        "sellingAndMarketingExpenses": 67700000,
        "sellingGeneralAndAdministrativeExpenses": 79100000,
        "otherExpenses": 0,
        "operatingExpenses": 79100000,
        "costAndExpenses": 178000000,
        "interestIncome": 0,
        "interestExpense": 0,
        "depreciationAndAmortization": 67700000,
        "ebitda": 55700000,
        "ebitdaratio": 0.3166571916,
        "operatingIncome": -2100000,
        "operatingIncomeRatio": -0.0119386015,
        "totalOtherIncomeExpensesNet": -9900000,
        "incomeBeforeTax": -12000000,
        "incomeBeforeTaxRatio": -0.0682205799,
        "incomeTaxExpense": -3100000,
        "netIncome": -8900000,
        "netIncomeRatio": -0.0505969301,
        "eps": -0.04,
        "epsdiluted": -0.04,
        "weightedAverageShsOut": 222500000,
        "weightedAverageShsOutDil": 222500000,
        "link": "",
        "finalLink": ""
    },
    {
        "date": "1998-12-31",
        "symbol": "NBL",
        "reportedCurrency": "USD",
        "cik": "0000072207",
        "fillingDate": "1998-12-31",
        "acceptedDate": "1998-12-30 19:00:00",
        "calendarYear": "1998",
        "period": "Q4",
        "revenue": 203900000,
        "costOfRevenue": 117400000,
        "grossProfit": 86500000,
        "grossProfitRatio": 0.4242275625,
        "researchAndDevelopmentExpenses": 0,
        "generalAndAdministrativeExpenses": 9600000,
        "sellingAndMarketingExpenses": 89900000,
        "sellingGeneralAndAdministrativeExpenses": 99500000,
        "otherExpenses": 0,
        "operatingExpenses": 99500000,
        "costAndExpenses": 216900000,
        "interestIncome": 0,
        "interestExpense": 0,
        "depreciationAndAmortization": 89900000,
        "ebitda": -157900000,
        "ebitdaratio": -0.7743992153,
        "operatingIncome": -13000000,
        "operatingIncomeRatio": -0.0637567435,
        "totalOtherIncomeExpensesNet": -234800000,
        "incomeBeforeTax": -247800000,
        "incomeBeforeTaxRatio": -1.2153016184,
        "incomeTaxExpense": -83100000,
        "netIncome": -164700000,
        "netIncomeRatio": -0.8077488965,
        "eps": -0.74,
        "epsdiluted": -0.74,
        "weightedAverageShsOut": 222500000,
        "weightedAverageShsOutDil": 222500000,
        "link": "",
        "finalLink": ""
    },
    {
        "date": "1998-09-30",
        "symbol": "NBL",
        "reportedCurrency": "USD",
        "cik": "0000072207",
        "fillingDate": "1998-11-12",
        "acceptedDate": "1998-11-12 00:00:00",
        "calendarYear": "1998",
        "period": "Q3",
        "revenue": 211700000,
        "costOfRevenue": 144800000,
        "grossProfit": 66900000,
        "grossProfitRatio": 0.3160132263,
        "researchAndDevelopmentExpenses": 0,
        "generalAndAdministrativeExpenses": 12600000,
        "sellingAndMarketingExpenses": 85000000,
        "sellingGeneralAndAdministrativeExpenses": 97600000,
        "otherExpenses": 0,
        "operatingExpenses": 97600000,
        "costAndExpenses": 242400000,
        "interestIncome": 0,
        "interestExpense": 0,
        "depreciationAndAmortization": 85000000,
        "ebitda": 43900000,
        "ebitdaratio": 0.2073689183,
        "operatingIncome": -30700000,
        "operatingIncomeRatio": -0.1450165328,
        "totalOtherIncomeExpensesNet": -10400000,
        "incomeBeforeTax": -41100000,
        "incomeBeforeTaxRatio": -0.1941426547,
        "incomeTaxExpense": -15900000,
        "netIncome": -25200000,
        "netIncomeRatio": -0.1190363722,
        "eps": -0.11,
        "epsdiluted": -0.11,
        "weightedAverageShsOut": 229090909,
        "weightedAverageShsOutDil": 229090909,
        "link": "https://www.sec.gov/Archives/edgar/data/72207/000104746998040369/0001047469-98-040369-index.html",
        "finalLink": "https://www.sec.gov/Archives/edgar/data/72207/0001047469-98-040369.txt"
    },
    {
        "date": "1998-06-30",
        "symbol": "NBL",
        "reportedCurrency": "USD",
        "cik": "0000072207",
        "fillingDate": "1998-08-13",
        "acceptedDate": "1998-08-13 00:00:00",
        "calendarYear": "1998",
        "period": "Q2",
        "revenue": 231500000,
        "costOfRevenue": 127900000,
        "grossProfit": 103600000,
        "grossProfitRatio": 0.4475161987,
        "researchAndDevelopmentExpenses": 0,
        "generalAndAdministrativeExpenses": 12800000,
        "sellingAndMarketingExpenses": 75300000,
        "sellingGeneralAndAdministrativeExpenses": 88100000,
        "otherExpenses": 0,
        "operatingExpenses": 88100000,
        "costAndExpenses": 216000000,
        "interestIncome": 0,
        "interestExpense": 0,
        "depreciationAndAmortization": 75300000,
        "ebitda": 95200000,
        "ebitdaratio": 0.4112311015,
        "operatingIncome": 15500000,
        "operatingIncomeRatio": 0.0669546436,
        "totalOtherIncomeExpensesNet": 4400000,
        "incomeBeforeTax": 19900000,
        "incomeBeforeTaxRatio": 0.0859611231,
        "incomeTaxExpense": 7800000,
        "netIncome": 12100000,
        "netIncomeRatio": 0.0522678186,
        "eps": 0.0525,
        "epsdiluted": 0.0525,
        "weightedAverageShsOut": 230476190,
        "weightedAverageShsOutDil": 230476190,
        "link": "https://www.sec.gov/Archives/edgar/data/72207/000104746998031091/0001047469-98-031091-index.html",
        "finalLink": "https://www.sec.gov/Archives/edgar/data/72207/0001047469-98-031091.txt"
    },
    {
        "date": "1998-03-31",
        "symbol": "NBL",
        "reportedCurrency": "USD",
        "cik": "0000072207",
        "fillingDate": "1998-05-12",
        "acceptedDate": "1998-05-12 00:00:00",
        "calendarYear": "1998",
        "period": "Q1",
        "revenue": 246500000,
        "costOfRevenue": 132000000,
        "grossProfit": 114500000,
        "grossProfitRatio": 0.4645030426,
        "researchAndDevelopmentExpenses": 0,
        "generalAndAdministrativeExpenses": 13100000,
        "sellingAndMarketingExpenses": 70900000,
        "sellingGeneralAndAdministrativeExpenses": 84000000,
        "otherExpenses": 0,
        "operatingExpenses": 84000000,
        "costAndExpenses": 216000000,
        "interestIncome": 0,
        "interestExpense": 0,
        "depreciationAndAmortization": 70900000,
        "ebitda": 93100000,
        "ebitdaratio": 0.3776876268,
        "operatingIncome": 30500000,
        "operatingIncomeRatio": 0.1237322515,
        "totalOtherIncomeExpensesNet": -8300000,
        "incomeBeforeTax": 22200000,
        "incomeBeforeTaxRatio": 0.0900608519,
        "incomeTaxExpense": 8500000,
        "netIncome": 13700000,
        "netIncomeRatio": 0.0555780933,
        "eps": 0.06,
        "epsdiluted": 0.06,
        "weightedAverageShsOut": 228333333,
        "weightedAverageShsOutDil": 228333333,
        "link": "https://www.sec.gov/Archives/edgar/data/72207/000104746998019454/0001047469-98-019454-index.html",
        "finalLink": "https://www.sec.gov/Archives/edgar/data/72207/0001047469-98-019454.txt"
    },
    {
        "date": "1997-12-31",
        "symbol": "NBL",
        "reportedCurrency": "USD",
        "cik": "0000072207",
        "fillingDate": "1997-12-31",
        "acceptedDate": "1997-12-30 19:00:00",
        "calendarYear": "1997",
        "period": "Q4",
        "revenue": 306700000,
        "costOfRevenue": 160700000,
        "grossProfit": 146000000,
        "grossProfitRatio": 0.4760352136,
        "researchAndDevelopmentExpenses": 0,
        "generalAndAdministrativeExpenses": 14100000,
        "sellingAndMarketingExpenses": 85700000,
        "sellingGeneralAndAdministrativeExpenses": 99800000,
        "otherExpenses": 0,
        "operatingExpenses": 99800000,
        "costAndExpenses": 260500000,
        "interestIncome": 0,
        "interestExpense": 0,
        "depreciationAndAmortization": 85700000,
        "ebitda": 137500000,
        "ebitdaratio": 0.4483208347,
        "operatingIncome": 46200000,
        "operatingIncomeRatio": 0.1506358005,
        "totalOtherIncomeExpensesNet": 5600000,
        "incomeBeforeTax": 51800000,
        "incomeBeforeTaxRatio": 0.1688946854,
        "incomeTaxExpense": 19200000,
        "netIncome": 32600000,
        "netIncomeRatio": 0.1062927943,
        "eps": 0.14,
        "epsdiluted": 0.14,
        "weightedAverageShsOut": 228333333,
        "weightedAverageShsOutDil": 228333333,
        "link": "",
        "finalLink": ""
    },
    {
        "date": "1997-09-30",
        "symbol": "NBL",
        "reportedCurrency": "USD",
        "cik": "0000072207",
        "fillingDate": "1997-11-12",
        "acceptedDate": "1997-11-12 00:00:00",
        "calendarYear": "1997",
        "period": "Q3",
        "revenue": 232000000,
        "costOfRevenue": 116200000,
        "grossProfit": 115800000,
        "grossProfitRatio": 0.499137931,
        "researchAndDevelopmentExpenses": 0,
        "generalAndAdministrativeExpenses": 11500000,
        "sellingAndMarketingExpenses": 72000000,
        "sellingGeneralAndAdministrativeExpenses": 83500000,
        "otherExpenses": 0,
        "operatingExpenses": 83500000,
        "costAndExpenses": 199700000,
        "interestIncome": 0,
        "interestExpense": 0,
        "depreciationAndAmortization": 72000000,
        "ebitda": 96100000,
        "ebitdaratio": 0.4142241379,
        "operatingIncome": 32300000,
        "operatingIncomeRatio": 0.1392241379,
        "totalOtherIncomeExpensesNet": -8200000,
        "incomeBeforeTax": 24100000,
        "incomeBeforeTaxRatio": 0.1038793103,
        "incomeTaxExpense": 8900000,
        "netIncome": 15200000,
        "netIncomeRatio": 0.0655172414,
        "eps": 0.0675,
        "epsdiluted": 0.065,
        "weightedAverageShsOut": 225185185,
        "weightedAverageShsOutDil": 233846154,
        "link": "https://www.sec.gov/Archives/edgar/data/72207/000104746997003737/0001047469-97-003737-index.html",
        "finalLink": "https://www.sec.gov/Archives/edgar/data/72207/0001047469-97-003737.txt"
    },
    {
        "date": "1997-06-30",
        "symbol": "NBL",
        "reportedCurrency": "USD",
        "cik": "0000072207",
        "fillingDate": "1997-08-13",
        "acceptedDate": "1997-08-13 00:00:00",
        "calendarYear": "1997",
        "period": "Q2",
        "revenue": 232900000,
        "costOfRevenue": 119400000,
        "grossProfit": 113500000,
        "grossProfitRatio": 0.4873336196,
        "researchAndDevelopmentExpenses": 0,
        "generalAndAdministrativeExpenses": 12700000,
        "sellingAndMarketingExpenses": 72000000,
        "sellingGeneralAndAdministrativeExpenses": 84700000,
        "otherExpenses": 0,
        "operatingExpenses": 84700000,
        "costAndExpenses": 204100000,
        "interestIncome": 0,
        "interestExpense": 0,
        "depreciationAndAmortization": 72000000,
        "ebitda": 92800000,
        "ebitdaratio": 0.3984542722,
        "operatingIncome": 28800000,
        "operatingIncomeRatio": 0.1236582224,
        "totalOtherIncomeExpensesNet": -8000000,
        "incomeBeforeTax": 20800000,
        "incomeBeforeTaxRatio": 0.0893087162,
        "incomeTaxExpense": 7600000,
        "netIncome": 13200000,
        "netIncomeRatio": 0.0566766853,
        "eps": 0.0575,
        "epsdiluted": 0.0575,
        "weightedAverageShsOut": 229565217,
        "weightedAverageShsOutDil": 229565217,
        "link": "https://www.sec.gov/Archives/edgar/data/72207/000095013497006069/0000950134-97-006069-index.html",
        "finalLink": "https://www.sec.gov/Archives/edgar/data/72207/0000950134-97-006069.txt"
    },
    {
        "date": "1997-03-31",
        "symbol": "NBL",
        "reportedCurrency": "USD",
        "cik": "0000072207",
        "fillingDate": "1997-05-09",
        "acceptedDate": "1997-05-09 00:00:00",
        "calendarYear": "1997",
        "period": "Q1",
        "revenue": 319400000,
        "costOfRevenue": 156800000,
        "grossProfit": 162600000,
        "grossProfitRatio": 0.5090795241,
        "researchAndDevelopmentExpenses": 0,
        "generalAndAdministrativeExpenses": 12200000,
        "sellingAndMarketingExpenses": 78800000,
        "sellingGeneralAndAdministrativeExpenses": 91000000,
        "otherExpenses": 0,
        "operatingExpenses": 91000000,
        "costAndExpenses": 247800000,
        "interestIncome": 0,
        "interestExpense": 0,
        "depreciationAndAmortization": 78800000,
        "ebitda": 139900000,
        "ebitdaratio": 0.4380087664,
        "operatingIncome": 71600000,
        "operatingIncomeRatio": 0.2241703193,
        "totalOtherIncomeExpensesNet": -10500000,
        "incomeBeforeTax": 61100000,
        "incomeBeforeTaxRatio": 0.1912961803,
        "incomeTaxExpense": 22700000,
        "netIncome": 38400000,
        "netIncomeRatio": 0.1202254227,
        "eps": 0.17,
        "epsdiluted": 0.17,
        "weightedAverageShsOut": 229253731,
        "weightedAverageShsOutDil": 229253731,
        "link": "https://www.sec.gov/Archives/edgar/data/72207/000091205797016446/0000912057-97-016446-index.html",
        "finalLink": "https://www.sec.gov/Archives/edgar/data/72207/0000912057-97-016446.txt"
    },
    {
        "date": "1996-12-31",
        "symbol": "NBL",
        "reportedCurrency": "USD",
        "cik": "0000072207",
        "fillingDate": "1996-12-31",
        "acceptedDate": "1996-12-30 19:00:00",
        "calendarYear": "1996",
        "period": "Q4",
        "revenue": 272400000,
        "costOfRevenue": 112100000,
        "grossProfit": 160300000,
        "grossProfitRatio": 0.5884728341,
        "researchAndDevelopmentExpenses": 0,
        "generalAndAdministrativeExpenses": 18900000,
        "sellingAndMarketingExpenses": 81200000,
        "sellingGeneralAndAdministrativeExpenses": 100100000,
        "otherExpenses": 0,
        "operatingExpenses": 100100000,
        "costAndExpenses": 212200000,
        "interestIncome": 0,
        "interestExpense": 0,
        "depreciationAndAmortization": 81200000,
        "ebitda": 130900000,
        "ebitdaratio": 0.4805433186,
        "operatingIncome": 60200000,
        "operatingIncomeRatio": 0.2209985316,
        "totalOtherIncomeExpensesNet": -10500000,
        "incomeBeforeTax": 49700000,
        "incomeBeforeTaxRatio": 0.1824522761,
        "incomeTaxExpense": 20600000,
        "netIncome": 29100000,
        "netIncomeRatio": 0.1068281938,
        "eps": 0.13,
        "epsdiluted": 0.13,
        "weightedAverageShsOut": 229253731,
        "weightedAverageShsOutDil": 229253731,
        "link": "",
        "finalLink": ""
    },
    {
        "date": "1996-09-30",
        "symbol": "NBL",
        "reportedCurrency": "USD",
        "cik": "0000072207",
        "fillingDate": "1996-11-14",
        "acceptedDate": "1996-11-14 00:00:00",
        "calendarYear": "1996",
        "period": "Q3",
        "revenue": 255900000,
        "costOfRevenue": 134700000,
        "grossProfit": 121200000,
        "grossProfitRatio": 0.4736225088,
        "researchAndDevelopmentExpenses": 0,
        "generalAndAdministrativeExpenses": 13800000,
        "sellingAndMarketingExpenses": 71400000,
        "sellingGeneralAndAdministrativeExpenses": 85200000,
        "otherExpenses": 0,
        "operatingExpenses": 85200000,
        "costAndExpenses": 219900000,
        "interestIncome": 0,
        "interestExpense": 0,
        "depreciationAndAmortization": 71400000,
        "ebitda": 96400000,
        "ebitdaratio": 0.3767096522,
        "operatingIncome": 36000000,
        "operatingIncomeRatio": 0.1406799531,
        "totalOtherIncomeExpensesNet": -11000000,
        "incomeBeforeTax": 25000000,
        "incomeBeforeTaxRatio": 0.0976944119,
        "incomeTaxExpense": 9700000,
        "netIncome": 15300000,
        "netIncomeRatio": 0.0597889801,
        "eps": 0.0775,
        "epsdiluted": 0.0725,
        "weightedAverageShsOut": 197419355,
        "weightedAverageShsOutDil": 211034483,
        "link": "https://www.sec.gov/Archives/edgar/data/72207/000095013496006202/0000950134-96-006202-index.html",
        "finalLink": "https://www.sec.gov/Archives/edgar/data/72207/0000950134-96-006202.txt"
    },
    {
        "date": "1996-06-30",
        "symbol": "NBL",
        "reportedCurrency": "USD",
        "cik": "0000072207",
        "fillingDate": "1996-08-13",
        "acceptedDate": "1996-08-13 00:00:00",
        "calendarYear": "1996",
        "period": "Q2",
        "revenue": 182800000,
        "costOfRevenue": 97600000,
        "grossProfit": 85200000,
        "grossProfitRatio": 0.466083151,
        "researchAndDevelopmentExpenses": 0,
        "generalAndAdministrativeExpenses": 9200000,
        "sellingAndMarketingExpenses": 45700000,
        "sellingGeneralAndAdministrativeExpenses": 54900000,
        "otherExpenses": 0,
        "operatingExpenses": 54900000,
        "costAndExpenses": 152500000,
        "interestIncome": 0,
        "interestExpense": 0,
        "depreciationAndAmortization": 45700000,
        "ebitda": 71800000,
        "ebitdaratio": 0.3927789934,
        "operatingIncome": 30300000,
        "operatingIncomeRatio": 0.1657549234,
        "totalOtherIncomeExpensesNet": -4200000,
        "incomeBeforeTax": 26100000,
        "incomeBeforeTaxRatio": 0.1427789934,
        "incomeTaxExpense": 9200000,
        "netIncome": 16900000,
        "netIncomeRatio": 0.0924507659,
        "eps": 0.0825,
        "epsdiluted": 0.08,
        "weightedAverageShsOut": 204848485,
        "weightedAverageShsOutDil": 211250000,
        "link": "https://www.sec.gov/Archives/edgar/data/72207/000091205796017353/0000912057-96-017353-index.html",
        "finalLink": "https://www.sec.gov/Archives/edgar/data/72207/0000912057-96-017353.txt"
    },
    {
        "date": "1996-03-31",
        "symbol": "NBL",
        "reportedCurrency": "USD",
        "cik": "0000072207",
        "fillingDate": "1996-05-15",
        "acceptedDate": "1996-05-15 00:00:00",
        "calendarYear": "1996",
        "period": "Q1",
        "revenue": 167200000,
        "costOfRevenue": 79200000,
        "grossProfit": 88000000,
        "grossProfitRatio": 0.5263157895,
        "researchAndDevelopmentExpenses": 0,
        "generalAndAdministrativeExpenses": 9700000,
        "sellingAndMarketingExpenses": 41100000,
        "sellingGeneralAndAdministrativeExpenses": 50800000,
        "otherExpenses": 0,
        "operatingExpenses": 50800000,
        "costAndExpenses": 130000000,
        "interestIncome": 0,
        "interestExpense": 0,
        "depreciationAndAmortization": 41100000,
        "ebitda": 76700000,
        "ebitdaratio": 0.4587320574,
        "operatingIncome": 37200000,
        "operatingIncomeRatio": 0.2224880383,
        "totalOtherIncomeExpensesNet": -1600000,
        "incomeBeforeTax": 35600000,
        "incomeBeforeTaxRatio": 0.2129186603,
        "incomeTaxExpense": 12900000,
        "netIncome": 22700000,
        "netIncomeRatio": 0.1357655502,
        "eps": 0.11,
        "epsdiluted": 0.11,
        "weightedAverageShsOut": 201777778,
        "weightedAverageShsOutDil": 211162791,
        "link": "https://www.sec.gov/Archives/edgar/data/72207/000091205796009794/0000912057-96-009794-index.html",
        "finalLink": "https://www.sec.gov/Archives/edgar/data/72207/0000912057-96-009794.txt"
    },
    {
        "date": "1995-12-31",
        "symbol": "NBL",
        "reportedCurrency": "USD",
        "cik": "0000072207",
        "fillingDate": "1995-12-31",
        "acceptedDate": "1995-12-30 19:00:00",
        "calendarYear": "1995",
        "period": "Q4",
        "revenue": 135300000,
        "costOfRevenue": 71400000,
        "grossProfit": 63900000,
        "grossProfitRatio": 0.4722838137,
        "researchAndDevelopmentExpenses": 0,
        "generalAndAdministrativeExpenses": 9200000,
        "sellingAndMarketingExpenses": 94900000,
        "sellingGeneralAndAdministrativeExpenses": 104100000,
        "otherExpenses": 0,
        "operatingExpenses": 104100000,
        "costAndExpenses": 175500000,
        "interestIncome": 0,
        "interestExpense": 0,
        "depreciationAndAmortization": 94900000,
        "ebitda": 92400000,
        "ebitdaratio": 0.6829268293,
        "operatingIncome": -40200000,
        "operatingIncomeRatio": -0.2971175166,
        "totalOtherIncomeExpensesNet": 37700000,
        "incomeBeforeTax": -2500000,
        "incomeBeforeTaxRatio": -0.0184774575,
        "incomeTaxExpense": -100000,
        "netIncome": -2400000,
        "netIncomeRatio": -0.0177383592,
        "eps": -0.0119,
        "epsdiluted": -0.0119,
        "weightedAverageShsOut": 201777778,
        "weightedAverageShsOutDil": 201777778,
        "link": "",
        "finalLink": ""
    },
    {
        "date": "1995-09-30",
        "symbol": "NBL",
        "reportedCurrency": "USD",
        "cik": "0000072207",
        "fillingDate": "1995-11-13",
        "acceptedDate": "1995-11-13 00:00:00",
        "calendarYear": "1995",
        "period": "Q3",
        "revenue": 109100000,
        "costOfRevenue": 55600000,
        "grossProfit": 53500000,
        "grossProfitRatio": 0.490375802,
        "researchAndDevelopmentExpenses": 0,
        "generalAndAdministrativeExpenses": 8300000,
        "sellingAndMarketingExpenses": 37400000,
        "sellingGeneralAndAdministrativeExpenses": 45700000,
        "otherExpenses": 0,
        "operatingExpenses": 45700000,
        "costAndExpenses": 101300000,
        "interestIncome": 0,
        "interestExpense": 0,
        "depreciationAndAmortization": 37400000,
        "ebitda": 41800000,
        "ebitdaratio": 0.3831347388,
        "operatingIncome": 7800000,
        "operatingIncomeRatio": 0.0714940422,
        "totalOtherIncomeExpensesNet": -3400000,
        "incomeBeforeTax": 4400000,
        "incomeBeforeTaxRatio": 0.0403299725,
        "incomeTaxExpense": 1700000,
        "netIncome": 2700000,
        "netIncomeRatio": 0.0247479377,
        "eps": 0.0125,
        "epsdiluted": 0.0125,
        "weightedAverageShsOut": 216000000,
        "weightedAverageShsOutDil": 216000000,
        "link": "https://www.sec.gov/Archives/edgar/data/72207/000091205795009654/0000912057-95-009654-index.html",
        "finalLink": "https://www.sec.gov/Archives/edgar/data/72207/0000912057-95-009654.txt"
    },
    {
        "date": "1995-06-30",
        "symbol": "NBL",
        "reportedCurrency": "USD",
        "cik": "0000072207",
        "fillingDate": "1995-08-14",
        "acceptedDate": "1995-08-14 00:00:00",
        "calendarYear": "1995",
        "period": "Q2",
        "revenue": 105500000,
        "costOfRevenue": 45800000,
        "grossProfit": 59700000,
        "grossProfitRatio": 0.5658767773,
        "researchAndDevelopmentExpenses": 0,
        "generalAndAdministrativeExpenses": 9500000,
        "sellingAndMarketingExpenses": 41700000,
        "sellingGeneralAndAdministrativeExpenses": 51200000,
        "otherExpenses": 0,
        "operatingExpenses": 51200000,
        "costAndExpenses": 97000000,
        "interestIncome": 0,
        "interestExpense": 0,
        "depreciationAndAmortization": 41700000,
        "ebitda": 47200000,
        "ebitdaratio": 0.4473933649,
        "operatingIncome": 8500000,
        "operatingIncomeRatio": 0.0805687204,
        "totalOtherIncomeExpensesNet": -3000000,
        "incomeBeforeTax": 5500000,
        "incomeBeforeTaxRatio": 0.0521327014,
        "incomeTaxExpense": 2100000,
        "netIncome": 3400000,
        "netIncomeRatio": 0.0322274882,
        "eps": 0.0175,
        "epsdiluted": 0.0175,
        "weightedAverageShsOut": 194285714,
        "weightedAverageShsOutDil": 194285714,
        "link": "https://www.sec.gov/Archives/edgar/data/72207/000091205795006389/0000912057-95-006389-index.html",
        "finalLink": "https://www.sec.gov/Archives/edgar/data/72207/0000912057-95-006389.txt"
    },
    {
        "date": "1995-03-31",
        "symbol": "NBL",
        "reportedCurrency": "USD",
        "cik": "0000072207",
        "fillingDate": "1995-05-15",
        "acceptedDate": "1995-05-15 00:00:00",
        "calendarYear": "1995",
        "period": "Q1",
        "revenue": 90900000,
        "costOfRevenue": 43700000,
        "grossProfit": 47200000,
        "grossProfitRatio": 0.5192519252,
        "researchAndDevelopmentExpenses": 0,
        "generalAndAdministrativeExpenses": 9500000,
        "sellingAndMarketingExpenses": 33400000,
        "sellingGeneralAndAdministrativeExpenses": 42900000,
        "otherExpenses": 0,
        "operatingExpenses": 42900000,
        "costAndExpenses": 86600000,
        "interestIncome": 0,
        "interestExpense": 0,
        "depreciationAndAmortization": 33400000,
        "ebitda": 34100000,
        "ebitdaratio": 0.3751375138,
        "operatingIncome": 4300000,
        "operatingIncomeRatio": 0.0473047305,
        "totalOtherIncomeExpensesNet": -3600000,
        "incomeBeforeTax": 700000,
        "incomeBeforeTaxRatio": 0.0077007701,
        "incomeTaxExpense": 300000,
        "netIncome": 400000,
        "netIncomeRatio": 0.00440044,
        "eps": 0.0025,
        "epsdiluted": 0.0025,
        "weightedAverageShsOut": 160000000,
        "weightedAverageShsOutDil": 160000000,
        "link": "https://www.sec.gov/Archives/edgar/data/72207/000091205795003827/0000912057-95-003827-index.html",
        "finalLink": "https://www.sec.gov/Archives/edgar/data/72207/0000912057-95-003827.txt"
    },
    {
        "date": "1994-12-31",
        "symbol": "NBL",
        "reportedCurrency": "USD",
        "cik": "0000072207",
        "fillingDate": "1995-03-29",
        "acceptedDate": "1995-03-29 00:00:00",
        "calendarYear": "1994",
        "period": "Q4",
        "revenue": 84000000,
        "costOfRevenue": 52900000,
        "grossProfit": 31100000,
        "grossProfitRatio": 0.3702380952,
        "researchAndDevelopmentExpenses": 0,
        "generalAndAdministrativeExpenses": 9100000,
        "sellingAndMarketingExpenses": 37000000,
        "sellingGeneralAndAdministrativeExpenses": 46100000,
        "otherExpenses": 0,
        "operatingExpenses": 46100000,
        "costAndExpenses": 99000000,
        "interestIncome": 0,
        "interestExpense": 0,
        "depreciationAndAmortization": 37000000,
        "ebitda": 19500000,
        "ebitdaratio": 0.2321428571,
        "operatingIncome": -15000000,
        "operatingIncomeRatio": -0.1785714286,
        "totalOtherIncomeExpensesNet": -2500000,
        "incomeBeforeTax": -17500000,
        "incomeBeforeTaxRatio": -0.2083333333,
        "incomeTaxExpense": -5900000,
        "netIncome": -11600000,
        "netIncomeRatio": -0.1380952381,
        "eps": -0.0725,
        "epsdiluted": -0.0725,
        "weightedAverageShsOut": 160000000,
        "weightedAverageShsOutDil": 160000000,
        "link": "https://www.sec.gov/Archives/edgar/data/72207/000091205795001878/0000912057-95-001878-index.html",
        "finalLink": "https://www.sec.gov/Archives/edgar/data/72207/0000912057-95-001878.txt"
    },
    {
        "date": "1994-09-30",
        "symbol": "NBL",
        "reportedCurrency": "USD",
        "cik": "0000072207",
        "fillingDate": "1994-11-14",
        "acceptedDate": "1994-11-14 00:00:00",
        "calendarYear": "1994",
        "period": "Q3",
        "revenue": 95700000,
        "costOfRevenue": 51800000,
        "grossProfit": 43900000,
        "grossProfitRatio": 0.4587251829,
        "researchAndDevelopmentExpenses": 0,
        "generalAndAdministrativeExpenses": 8400000,
        "sellingAndMarketingExpenses": 30600000,
        "sellingGeneralAndAdministrativeExpenses": 39000000,
        "otherExpenses": 0,
        "operatingExpenses": 39000000,
        "costAndExpenses": 90800000,
        "interestIncome": 0,
        "interestExpense": 0,
        "depreciationAndAmortization": 30600000,
        "ebitda": 33800000,
        "ebitdaratio": 0.3531870428,
        "operatingIncome": 4900000,
        "operatingIncomeRatio": 0.0512016719,
        "totalOtherIncomeExpensesNet": -1700000,
        "incomeBeforeTax": 3200000,
        "incomeBeforeTaxRatio": 0.0334378265,
        "incomeTaxExpense": 1100000,
        "netIncome": 2100000,
        "netIncomeRatio": 0.0219435737,
        "eps": 0.01,
        "epsdiluted": 0.01,
        "weightedAverageShsOut": 210000000,
        "weightedAverageShsOutDil": 210000000,
        "link": "https://www.sec.gov/Archives/edgar/data/72207/000091205794003842/0000912057-94-003842-index.html",
        "finalLink": "https://www.sec.gov/Archives/edgar/data/72207/0000912057-94-003842.txt"
    },
    {
        "date": "1994-06-30",
        "symbol": "NBL",
        "reportedCurrency": "USD",
        "cik": "0000072207",
        "fillingDate": "1994-08-12",
        "acceptedDate": "1994-08-12 00:00:00",
        "calendarYear": "1994",
        "period": "Q2",
        "revenue": 89500000,
        "costOfRevenue": 38400000,
        "grossProfit": 51100000,
        "grossProfitRatio": 0.5709497207,
        "researchAndDevelopmentExpenses": 0,
        "generalAndAdministrativeExpenses": 9600000,
        "sellingAndMarketingExpenses": 32700000,
        "sellingGeneralAndAdministrativeExpenses": 42300000,
        "otherExpenses": 0,
        "operatingExpenses": 42300000,
        "costAndExpenses": 80700000,
        "interestIncome": 0,
        "interestExpense": 0,
        "depreciationAndAmortization": 32700000,
        "ebitda": 39500000,
        "ebitdaratio": 0.4413407821,
        "operatingIncome": 8800000,
        "operatingIncomeRatio": 0.0983240223,
        "totalOtherIncomeExpensesNet": -2000000,
        "incomeBeforeTax": 6800000,
        "incomeBeforeTaxRatio": 0.0759776536,
        "incomeTaxExpense": 2400000,
        "netIncome": 4400000,
        "netIncomeRatio": 0.0491620112,
        "eps": 0.0225,
        "epsdiluted": 0.0225,
        "weightedAverageShsOut": 195555556,
        "weightedAverageShsOutDil": 195555556,
        "link": "https://www.sec.gov/Archives/edgar/data/72207/000091205794002638/0000912057-94-002638-index.html",
        "finalLink": "https://www.sec.gov/Archives/edgar/data/72207/0000912057-94-002638.txt"
    },
    {
        "date": "1994-03-31",
        "symbol": "NBL",
        "reportedCurrency": "USD",
        "cik": "0000072207",
        "fillingDate": "1994-05-12",
        "acceptedDate": "1994-05-12 00:00:00",
        "calendarYear": "1994",
        "period": "Q1",
        "revenue": 80900000,
        "costOfRevenue": 20800000,
        "grossProfit": 60100000,
        "grossProfitRatio": 0.7428924598,
        "researchAndDevelopmentExpenses": 0,
        "generalAndAdministrativeExpenses": 9200000,
        "sellingAndMarketingExpenses": 35000000,
        "sellingGeneralAndAdministrativeExpenses": 44200000,
        "otherExpenses": 0,
        "operatingExpenses": 44200000,
        "costAndExpenses": 65000000,
        "interestIncome": 0,
        "interestExpense": 0,
        "depreciationAndAmortization": 35000000,
        "ebitda": 48000000,
        "ebitdaratio": 0.5933250927,
        "operatingIncome": 15900000,
        "operatingIncomeRatio": 0.196538937,
        "totalOtherIncomeExpensesNet": -2900000,
        "incomeBeforeTax": 13000000,
        "incomeBeforeTaxRatio": 0.1606922126,
        "incomeTaxExpense": 4600000,
        "netIncome": 8400000,
        "netIncomeRatio": 0.1038318912,
        "eps": 0.0425,
        "epsdiluted": 0.0425,
        "weightedAverageShsOut": 197647059,
        "weightedAverageShsOutDil": 197647059,
        "link": "https://www.sec.gov/Archives/edgar/data/72207/000091205794001672/0000912057-94-001672-index.html",
        "finalLink": "https://www.sec.gov/Archives/edgar/data/72207/0000912057-94-001672.txt"
    }
]