[
    {
        "date": "2025-09-30",
        "symbol": "NE",
        "reportedCurrency": "USD",
        "cik": "0001895262",
        "fillingDate": "2025-10-28",
        "acceptedDate": "2025-10-28 13:12:14",
        "calendarYear": "2025",
        "period": "Q3",
        "revenue": 798017000,
        "costOfRevenue": 657701000,
        "grossProfit": 140316000,
        "grossProfitRatio": 0.1758308407,
        "researchAndDevelopmentExpenses": 0,
        "generalAndAdministrativeExpenses": 33301000,
        "sellingAndMarketingExpenses": 0,
        "sellingGeneralAndAdministrativeExpenses": 33301000,
        "otherExpenses": 0,
        "operatingExpenses": 33301000,
        "costAndExpenses": 691002000,
        "interestIncome": 0,
        "interestExpense": 40490000,
        "depreciationAndAmortization": 147260000,
        "ebitda": 198386000,
        "ebitdaratio": 0.2485987141,
        "operatingIncome": 107015000,
        "operatingIncomeRatio": 0.1341011532,
        "totalOtherIncomeExpensesNet": 0,
        "incomeBeforeTax": 10636000,
        "incomeBeforeTaxRatio": 0.0133280369,
        "incomeTaxExpense": 31731000,
        "netIncome": -21095000,
        "netIncomeRatio": -0.026434274,
        "eps": -0.13,
        "epsdiluted": -0.13,
        "weightedAverageShsOut": 158834000,
        "weightedAverageShsOutDil": 158834000,
        "link": "https://www.sec.gov/Archives/edgar/data/1895262/000189526225000016/0001895262-25-000016-index.htm",
        "finalLink": "https://www.sec.gov/Archives/edgar/data/1895262/000189526225000016/ne-20250930.htm"
    },
    {
        "date": "2025-06-30",
        "symbol": "NE",
        "reportedCurrency": "USD",
        "cik": "0001895262",
        "fillingDate": "2025-08-06",
        "acceptedDate": "2025-08-06 12:34:50",
        "calendarYear": "2025",
        "period": "Q2",
        "revenue": 848652000,
        "costOfRevenue": 677872000,
        "grossProfit": 170780000,
        "grossProfitRatio": 0.2012367849,
        "researchAndDevelopmentExpenses": 0,
        "generalAndAdministrativeExpenses": 34976000,
        "sellingAndMarketingExpenses": 0,
        "sellingGeneralAndAdministrativeExpenses": 34976000,
        "otherExpenses": 551000,
        "operatingExpenses": 35527000,
        "costAndExpenses": 713399000,
        "interestIncome": 0,
        "interestExpense": 39997000,
        "depreciationAndAmortization": 147085000,
        "ebitda": 287868000,
        "ebitdaratio": 0.3392061764,
        "operatingIncome": 135253000,
        "operatingIncomeRatio": 0.1593739248,
        "totalOtherIncomeExpensesNet": -35285000,
        "incomeBeforeTax": 99968000,
        "incomeBeforeTaxRatio": 0.1177962227,
        "incomeTaxExpense": -57096000,
        "netIncome": 42872000,
        "netIncomeRatio": 0.0505177623,
        "eps": 0.27,
        "epsdiluted": 0.27,
        "weightedAverageShsOut": 158798000,
        "weightedAverageShsOutDil": 161528000,
        "link": "https://www.sec.gov/Archives/edgar/data/1895262/000162828025038188/0001628280-25-038188-index.htm",
        "finalLink": "https://www.sec.gov/Archives/edgar/data/1895262/000162828025038188/ne-20250630.htm"
    },
    {
        "date": "2025-03-31",
        "symbol": "NE",
        "reportedCurrency": "USD",
        "cik": "0001895262",
        "fillingDate": "2025-04-29",
        "acceptedDate": "2025-04-29 12:38:44",
        "calendarYear": "2025",
        "period": "Q1",
        "revenue": 874487000,
        "costOfRevenue": 508803000,
        "grossProfit": 365684000,
        "grossProfitRatio": 0.4181697384,
        "researchAndDevelopmentExpenses": 0,
        "generalAndAdministrativeExpenses": 35208000,
        "sellingAndMarketingExpenses": 0,
        "sellingGeneralAndAdministrativeExpenses": 35208000,
        "otherExpenses": 143137000,
        "operatingExpenses": 178345000,
        "costAndExpenses": 687148000,
        "interestIncome": 1837000,
        "interestExpense": 40467000,
        "depreciationAndAmortization": 143137000,
        "ebitda": 332313000,
        "ebitdaratio": 0.3800090796,
        "operatingIncome": 187339000,
        "operatingIncomeRatio": 0.2142273127,
        "totalOtherIncomeExpensesNet": -38630000,
        "incomeBeforeTax": 148709000,
        "incomeBeforeTaxRatio": 0.1700528424,
        "incomeTaxExpense": 40406000,
        "netIncome": 108303000,
        "netIncomeRatio": 0.1238474671,
        "eps": 0.68,
        "epsdiluted": 0.67,
        "weightedAverageShsOut": 159006000,
        "weightedAverageShsOutDil": 161937000,
        "link": "https://www.sec.gov/Archives/edgar/data/1895262/000162828025020547/0001628280-25-020547-index.htm",
        "finalLink": "https://www.sec.gov/Archives/edgar/data/1895262/000162828025020547/ne-20250331.htm"
    },
    {
        "date": "2024-12-31",
        "symbol": "NE",
        "reportedCurrency": "USD",
        "cik": "0001895262",
        "fillingDate": "2025-02-19",
        "acceptedDate": "2025-02-18 19:10:05",
        "calendarYear": "2024",
        "period": "Q4",
        "revenue": 927341000,
        "costOfRevenue": 796880000,
        "grossProfit": 130461000,
        "grossProfitRatio": 0.1406828772,
        "researchAndDevelopmentExpenses": 0,
        "generalAndAdministrativeExpenses": 31273000,
        "sellingAndMarketingExpenses": 0,
        "sellingGeneralAndAdministrativeExpenses": 31273000,
        "otherExpenses": -75375000,
        "operatingExpenses": 31273000,
        "costAndExpenses": 1253184000,
        "interestIncome": -2292000,
        "interestExpense": 26802000,
        "depreciationAndAmortization": 141279000,
        "ebitda": 304017000,
        "ebitdaratio": 0.3278373328,
        "operatingIncome": 177733000,
        "operatingIncomeRatio": 0.1916587318,
        "totalOtherIncomeExpensesNet": -223501000,
        "incomeBeforeTax": 124462000,
        "incomeBeforeTaxRatio": 0.1342138437,
        "incomeTaxExpense": 7388000,
        "netIncome": 96648000,
        "netIncomeRatio": 0.1042205618,
        "eps": 0.5544999999999995,
        "epsdiluted": 0.5699999999999998,
        "weightedAverageShsOut": 148733000,
        "weightedAverageShsOutDil": 151639000,
        "link": "https://www.sec.gov/Archives/edgar/data/1895262/000162828025006184/0001628280-25-006184-index.htm",
        "finalLink": "https://www.sec.gov/Archives/edgar/data/1895262/000162828025006184/ne-20241231.htm"
    },
    {
        "date": "2024-09-30",
        "symbol": "NE",
        "reportedCurrency": "USD",
        "cik": "0001895262",
        "fillingDate": "2024-11-06",
        "acceptedDate": "2024-11-06 16:51:52",
        "calendarYear": "2024",
        "period": "Q3",
        "revenue": 800549000,
        "costOfRevenue": 572256000,
        "grossProfit": 228293000,
        "grossProfitRatio": 0.2851705517,
        "researchAndDevelopmentExpenses": 0,
        "generalAndAdministrativeExpenses": 43596000,
        "sellingAndMarketingExpenses": 0,
        "sellingGeneralAndAdministrativeExpenses": 43596000,
        "otherExpenses": 0,
        "operatingExpenses": 43596000,
        "costAndExpenses": 685066000,
        "interestIncome": 2292000,
        "interestExpense": 24951000,
        "depreciationAndAmortization": 109879000,
        "ebitda": 227654000,
        "ebitdaratio": 0.2843723495,
        "operatingIncome": 115483000,
        "operatingIncomeRatio": 0.1442547552,
        "totalOtherIncomeExpensesNet": -22659000,
        "incomeBeforeTax": 92824000,
        "incomeBeforeTaxRatio": 0.115950429,
        "incomeTaxExpense": 31608000,
        "netIncome": 61216000,
        "netIncomeRatio": 0.0764675242,
        "eps": 0.41,
        "epsdiluted": 0.4,
        "weightedAverageShsOut": 149727000,
        "weightedAverageShsOutDil": 152938000,
        "link": "https://www.sec.gov/Archives/edgar/data/1895262/000162828024045788/0001628280-24-045788-index.htm",
        "finalLink": "https://www.sec.gov/Archives/edgar/data/1895262/000162828024045788/ne-20240930.htm"
    },
    {
        "date": "2024-06-30",
        "symbol": "NE",
        "reportedCurrency": "USD",
        "cik": "0001895262",
        "fillingDate": "2024-08-01",
        "acceptedDate": "2024-08-01 10:25:35",
        "calendarYear": "2024",
        "period": "Q2",
        "revenue": 692844000,
        "costOfRevenue": 449955000,
        "grossProfit": 242889000,
        "grossProfitRatio": 0.3505680933,
        "researchAndDevelopmentExpenses": 0,
        "generalAndAdministrativeExpenses": 39669000,
        "sellingAndMarketingExpenses": 0,
        "sellingGeneralAndAdministrativeExpenses": 39669000,
        "otherExpenses": 0,
        "operatingExpenses": 39669000,
        "costAndExpenses": 489624000,
        "interestIncome": 0,
        "interestExpense": 20179000,
        "depreciationAndAmortization": 90770000,
        "ebitda": 293990000,
        "ebitdaratio": 0.4243235129,
        "operatingIncome": 203220000,
        "operatingIncomeRatio": 0.2933127804,
        "totalOtherIncomeExpensesNet": -20179000,
        "incomeBeforeTax": 189780000,
        "incomeBeforeTaxRatio": 0.2739144743,
        "incomeTaxExpense": -5228000,
        "netIncome": 195008000,
        "netIncomeRatio": 0.2814601844,
        "eps": 1.37,
        "epsdiluted": 1.34,
        "weightedAverageShsOut": 142854000,
        "weightedAverageShsOutDil": 146060000,
        "link": "https://www.sec.gov/Archives/edgar/data/1895262/000162828024033932/0001628280-24-033932-index.htm",
        "finalLink": "https://www.sec.gov/Archives/edgar/data/1895262/000162828024033932/ne-20240630.htm"
    },
    {
        "date": "2024-03-31",
        "symbol": "NE",
        "reportedCurrency": "USD",
        "cik": "0001895262",
        "fillingDate": "2024-05-07",
        "acceptedDate": "2024-05-07 12:07:37",
        "calendarYear": "2024",
        "period": "Q1",
        "revenue": 637084000,
        "costOfRevenue": 494245000,
        "grossProfit": 142839000,
        "grossProfitRatio": 0.2242074828,
        "researchAndDevelopmentExpenses": 0,
        "generalAndAdministrativeExpenses": 25961000,
        "sellingAndMarketingExpenses": 0,
        "sellingGeneralAndAdministrativeExpenses": 25961000,
        "otherExpenses": 0,
        "operatingExpenses": 25961000,
        "costAndExpenses": 25961000,
        "interestIncome": 0,
        "interestExpense": 22279000,
        "depreciationAndAmortization": 86698000,
        "ebitda": 189510000,
        "ebitdaratio": 0.2974646985,
        "operatingIncome": 107547000,
        "operatingIncomeRatio": 0.1688113341,
        "totalOtherIncomeExpensesNet": -22279000,
        "incomeBeforeTax": 85268000,
        "incomeBeforeTaxRatio": 0.1338410633,
        "incomeTaxExpense": 10213000,
        "netIncome": 95481000,
        "netIncomeRatio": 0.1498719164,
        "eps": 0.68,
        "epsdiluted": 0.65,
        "weightedAverageShsOut": 141054000,
        "weightedAverageShsOutDil": 145975000,
        "link": "https://www.sec.gov/Archives/edgar/data/1895262/000162828024020917/0001628280-24-020917-index.htm",
        "finalLink": "https://www.sec.gov/Archives/edgar/data/1895262/000162828024020917/ne-20240331.htm"
    },
    {
        "date": "2023-12-31",
        "symbol": "NE",
        "reportedCurrency": "USD",
        "cik": "0001895262",
        "fillingDate": "2024-02-23",
        "acceptedDate": "2024-02-23 15:10:32",
        "calendarYear": "2023",
        "period": "Q4",
        "revenue": 642979000,
        "costOfRevenue": 480851000,
        "grossProfit": 162128000,
        "grossProfitRatio": 0.2521513144,
        "researchAndDevelopmentExpenses": 0,
        "generalAndAdministrativeExpenses": 32985000,
        "sellingAndMarketingExpenses": 0,
        "sellingGeneralAndAdministrativeExpenses": 32985000,
        "otherExpenses": 0,
        "operatingExpenses": 32985000,
        "costAndExpenses": 513836000,
        "interestIncome": 1777000,
        "interestExpense": 14600000,
        "depreciationAndAmortization": 82933000,
        "ebitda": 212076000,
        "ebitdaratio": 0.3298334782,
        "operatingIncome": 129143000,
        "operatingIncomeRatio": 0.2008510387,
        "totalOtherIncomeExpensesNet": -12823000,
        "incomeBeforeTax": 144857000,
        "incomeBeforeTaxRatio": 0.2252904061,
        "incomeTaxExpense": -4843000,
        "netIncome": 149700000,
        "netIncomeRatio": 0.2328225339,
        "eps": 1.06,
        "epsdiluted": 1.03,
        "weightedAverageShsOut": 141054000,
        "weightedAverageShsOutDil": 145975000,
        "link": "https://www.sec.gov/Archives/edgar/data/1895262/000162828024006622/0001628280-24-006622-index.htm",
        "finalLink": "https://www.sec.gov/Archives/edgar/data/1895262/000162828024006622/ne-20231231.htm"
    },
    {
        "date": "2023-09-30",
        "symbol": "NE",
        "reportedCurrency": "USD",
        "cik": "0001895262",
        "fillingDate": "2023-11-01",
        "acceptedDate": "2023-11-01 15:44:16",
        "calendarYear": "2023",
        "period": "Q3",
        "revenue": 697450000,
        "costOfRevenue": 448027000,
        "grossProfit": 249423000,
        "grossProfitRatio": 0.3576213349,
        "researchAndDevelopmentExpenses": 0,
        "generalAndAdministrativeExpenses": 33039000,
        "sellingAndMarketingExpenses": 0,
        "sellingGeneralAndAdministrativeExpenses": 33039000,
        "otherExpenses": 0,
        "operatingExpenses": 33039000,
        "costAndExpenses": 33039000,
        "interestIncome": 17206000,
        "interestExpense": 13005000,
        "depreciationAndAmortization": 77146000,
        "ebitda": 300133000,
        "ebitdaratio": 0.4303290558,
        "operatingIncome": 200776000,
        "operatingIncomeRatio": 0.287871532,
        "totalOtherIncomeExpensesNet": 9206000,
        "incomeBeforeTax": 209982000,
        "incomeBeforeTaxRatio": 0.3010710445,
        "incomeTaxExpense": -51659000,
        "netIncome": 158323000,
        "netIncomeRatio": 0.2270026525,
        "eps": 1.14,
        "epsdiluted": 1.09,
        "weightedAverageShsOut": 139400000,
        "weightedAverageShsOutDil": 145721000,
        "link": "https://www.sec.gov/Archives/edgar/data/1895262/000162828023035932/0001628280-23-035932-index.htm",
        "finalLink": "https://www.sec.gov/Archives/edgar/data/1895262/000162828023035932/ne-20230930.htm"
    },
    {
        "date": "2023-06-30",
        "symbol": "NE",
        "reportedCurrency": "USD",
        "cik": "0001895262",
        "fillingDate": "2023-08-03",
        "acceptedDate": "2023-08-03 17:12:59",
        "calendarYear": "2023",
        "period": "Q2",
        "revenue": 638535000,
        "costOfRevenue": 458653000,
        "grossProfit": 179882000,
        "grossProfitRatio": 0.2817104779,
        "researchAndDevelopmentExpenses": 0,
        "generalAndAdministrativeExpenses": 32352000,
        "sellingAndMarketingExpenses": 0,
        "sellingGeneralAndAdministrativeExpenses": 32352000,
        "otherExpenses": 0,
        "operatingExpenses": 32352000,
        "costAndExpenses": 491005000,
        "interestIncome": 14662000,
        "interestExpense": 17602000,
        "depreciationAndAmortization": 71324000,
        "ebitda": 151131000,
        "ebitdaratio": 0.2366839719,
        "operatingIncome": 109144000,
        "operatingIncomeRatio": 0.1709287666,
        "totalOtherIncomeExpensesNet": -43999000,
        "incomeBeforeTax": 65145000,
        "incomeBeforeTaxRatio": 0.1020225986,
        "incomeTaxExpense": -671000,
        "netIncome": 65816000,
        "netIncomeRatio": 0.1030734415,
        "eps": 0.48,
        "epsdiluted": 0.45,
        "weightedAverageShsOut": 138058000,
        "weightedAverageShsOutDil": 146992000,
        "link": "https://www.sec.gov/Archives/edgar/data/1895262/000162828023027331/0001628280-23-027331-index.htm",
        "finalLink": "https://www.sec.gov/Archives/edgar/data/1895262/000162828023027331/ne-20230630.htm"
    },
    {
        "date": "2023-03-31",
        "symbol": "NE",
        "reportedCurrency": "USD",
        "cik": "0001895262",
        "fillingDate": "2023-05-04",
        "acceptedDate": "2023-05-04 14:09:38",
        "calendarYear": "2023",
        "period": "Q1",
        "revenue": 610054000,
        "costOfRevenue": 457737000,
        "grossProfit": 152317000,
        "grossProfitRatio": 0.2496778974,
        "researchAndDevelopmentExpenses": 0,
        "generalAndAdministrativeExpenses": 30037000,
        "sellingAndMarketingExpenses": 0,
        "sellingGeneralAndAdministrativeExpenses": 30037000,
        "otherExpenses": 0,
        "operatingExpenses": 30037000,
        "costAndExpenses": 487774000,
        "interestIncome": 2026000,
        "interestExpense": 16872000,
        "depreciationAndAmortization": 69942000,
        "ebitda": 179073000,
        "ebitdaratio": 0.2935363099,
        "operatingIncome": 107105000,
        "operatingIncomeRatio": 0.1755664253,
        "totalOtherIncomeExpensesNet": -14846000,
        "incomeBeforeTax": 92259000,
        "incomeBeforeTaxRatio": 0.1512308746,
        "incomeTaxExpense": -15804000,
        "netIncome": 108063000,
        "netIncomeRatio": 0.1771367781,
        "eps": 0.8,
        "epsdiluted": 0.74,
        "weightedAverageShsOut": 134751000,
        "weightedAverageShsOutDil": 145993000,
        "link": "https://www.sec.gov/Archives/edgar/data/1895262/000162828023015636/0001628280-23-015636-index.htm",
        "finalLink": "https://www.sec.gov/Archives/edgar/data/1895262/000162828023015636/ne-20230331.htm"
    },
    {
        "date": "2022-12-31",
        "symbol": "NE",
        "reportedCurrency": "USD",
        "cik": "0001895262",
        "fillingDate": "2023-03-09",
        "acceptedDate": "2023-03-09 14:26:52",
        "calendarYear": "2022",
        "period": "Q4",
        "revenue": 622592000,
        "costOfRevenue": 463488000,
        "grossProfit": 159104000,
        "grossProfitRatio": 0.2555509868,
        "researchAndDevelopmentExpenses": 0,
        "generalAndAdministrativeExpenses": 29877000,
        "sellingAndMarketingExpenses": 0,
        "sellingGeneralAndAdministrativeExpenses": 29877000,
        "otherExpenses": 0,
        "operatingExpenses": 29877000,
        "costAndExpenses": 493365000,
        "interestIncome": 9599000,
        "interestExpense": 19384000,
        "depreciationAndAmortization": 69770000,
        "ebitda": 234894000,
        "ebitdaratio": 0.3772839998,
        "operatingIncome": 110933000,
        "operatingIncomeRatio": 0.1781792892,
        "totalOtherIncomeExpensesNet": -18501000,
        "incomeBeforeTax": 145740000,
        "incomeBeforeTaxRatio": 0.2340858861,
        "incomeTaxExpense": 10778000,
        "netIncome": 134962000,
        "netIncomeRatio": 0.2167743884,
        "eps": 1.02,
        "epsdiluted": 0.92,
        "weightedAverageShsOut": 131924000,
        "weightedAverageShsOutDil": 147268000,
        "link": "https://www.sec.gov/Archives/edgar/data/1895262/000162828023007260/0001628280-23-007260-index.htm",
        "finalLink": "https://www.sec.gov/Archives/edgar/data/1169055/000162828023007260/ne-20221231.htm"
    },
    {
        "date": "2022-09-30",
        "symbol": "NE",
        "reportedCurrency": "USD",
        "cik": "0001895262",
        "fillingDate": "2022-11-03",
        "acceptedDate": "2022-11-03 16:20:46",
        "calendarYear": "2022",
        "period": "Q3",
        "revenue": 305872000,
        "costOfRevenue": 224634000,
        "grossProfit": 81238000,
        "grossProfitRatio": 0.2655947586,
        "researchAndDevelopmentExpenses": 0,
        "generalAndAdministrativeExpenses": 18089000,
        "sellingAndMarketingExpenses": 0,
        "sellingGeneralAndAdministrativeExpenses": 18089000,
        "otherExpenses": 0,
        "operatingExpenses": 18089000,
        "costAndExpenses": 242723000,
        "interestIncome": 3235000,
        "interestExpense": 7943000,
        "depreciationAndAmortization": 33038000,
        "ebitda": 96188000,
        "ebitdaratio": 0.3144714129,
        "operatingIncome": 38477000,
        "operatingIncomeRatio": 0.12579445,
        "totalOtherIncomeExpensesNet": -4904000,
        "incomeBeforeTax": 46657000,
        "incomeBeforeTaxRatio": 0.1525376628,
        "incomeTaxExpense": 13072000,
        "netIncome": 33585000,
        "netIncomeRatio": 0.1098008317,
        "eps": 0.18,
        "epsdiluted": 0.17,
        "weightedAverageShsOut": 191504000,
        "weightedAverageShsOutDil": 199176000,
        "link": "https://www.sec.gov/Archives/edgar/data/1895262/000162828022028214/0001628280-22-028214-index.htm",
        "finalLink": "https://www.sec.gov/Archives/edgar/data/1169055/000162828022028214/ne-20220930.htm"
    },
    {
        "date": "2022-06-30",
        "symbol": "NE",
        "reportedCurrency": "USD",
        "cik": "0001895262",
        "fillingDate": "2022-08-09",
        "acceptedDate": "2022-08-09 11:31:58",
        "calendarYear": "2022",
        "period": "Q2",
        "revenue": 275153000,
        "costOfRevenue": 215114000,
        "grossProfit": 60039000,
        "grossProfitRatio": 0.2182022366,
        "researchAndDevelopmentExpenses": 0,
        "generalAndAdministrativeExpenses": 16687000,
        "sellingAndMarketingExpenses": 0,
        "sellingGeneralAndAdministrativeExpenses": 16687000,
        "otherExpenses": 0,
        "operatingExpenses": 16687000,
        "costAndExpenses": 231801000,
        "interestIncome": 1081000,
        "interestExpense": 7715000,
        "depreciationAndAmortization": 40891000,
        "ebitda": 85754000,
        "ebitdaratio": 0.3116593314,
        "operatingIncome": 47599000,
        "operatingIncomeRatio": 0.1729910268,
        "totalOtherIncomeExpensesNet": -6634000,
        "incomeBeforeTax": 40965000,
        "incomeBeforeTaxRatio": 0.1488808045,
        "incomeTaxExpense": 3908000,
        "netIncome": 37057000,
        "netIncomeRatio": 0.1346777974,
        "eps": 0.19,
        "epsdiluted": 0.19,
        "weightedAverageShsOut": 191504000,
        "weightedAverageShsOutDil": 199176000,
        "link": "https://www.sec.gov/Archives/edgar/data/1458891/000162828022021784/0001628280-22-021784-index.htm",
        "finalLink": "https://www.sec.gov/Archives/edgar/data/1169055/000162828022021784/ne-20220630.htm"
    },
    {
        "date": "2022-03-31",
        "symbol": "NE",
        "reportedCurrency": "USD",
        "cik": "0001895262",
        "fillingDate": "2022-05-03",
        "acceptedDate": "2022-05-03 16:29:00",
        "calendarYear": "2022",
        "period": "Q1",
        "revenue": 210230000,
        "costOfRevenue": 205166000,
        "grossProfit": 5064000,
        "grossProfitRatio": 0.0240879037,
        "researchAndDevelopmentExpenses": 0,
        "generalAndAdministrativeExpenses": 17524000,
        "sellingAndMarketingExpenses": 0,
        "sellingGeneralAndAdministrativeExpenses": 17524000,
        "otherExpenses": 0,
        "operatingExpenses": 17524000,
        "costAndExpenses": 222690000,
        "interestIncome": 450000,
        "interestExpense": 7680000,
        "depreciationAndAmortization": 39704000,
        "ebitda": 5523000,
        "ebitdaratio": 0.0262712268,
        "operatingIncome": -12010000,
        "operatingIncomeRatio": -0.0571279075,
        "totalOtherIncomeExpensesNet": -7230000,
        "incomeBeforeTax": -41861000,
        "incomeBeforeTaxRatio": -0.1991200114,
        "incomeTaxExpense": -5205000,
        "netIncome": -36656000,
        "netIncomeRatio": -0.1743614137,
        "eps": -0.19,
        "epsdiluted": -0.18,
        "weightedAverageShsOut": 191504000,
        "weightedAverageShsOutDil": 199176000,
        "link": "https://www.sec.gov/Archives/edgar/data/1458891/000162828022012009/0001628280-22-012009-index.htm",
        "finalLink": "https://www.sec.gov/Archives/edgar/data/1169055/000162828022012009/ne-20220331.htm"
    },
    {
        "date": "2021-12-31",
        "symbol": "NE",
        "reportedCurrency": "USD",
        "cik": "0001895262",
        "fillingDate": "2022-02-17",
        "acceptedDate": "2022-02-17 14:39:21",
        "calendarYear": "2021",
        "period": "Q4",
        "revenue": 192451000,
        "costOfRevenue": 182589000,
        "grossProfit": 9862000,
        "grossProfitRatio": 0.0512442128,
        "researchAndDevelopmentExpenses": 0,
        "generalAndAdministrativeExpenses": 14537000,
        "sellingAndMarketingExpenses": -1757000,
        "sellingGeneralAndAdministrativeExpenses": 12780000,
        "otherExpenses": 0,
        "operatingExpenses": 126979000,
        "costAndExpenses": 309568000,
        "interestIncome": 3455000,
        "interestExpense": 8107000,
        "depreciationAndAmortization": 39117000,
        "ebitda": 12967000,
        "ebitdaratio": 0.0673781898,
        "operatingIncome": -26150000,
        "operatingIncomeRatio": -0.1358787432,
        "totalOtherIncomeExpensesNet": -6826000,
        "incomeBeforeTax": 130432000,
        "incomeBeforeTaxRatio": 0.6777413471,
        "incomeTaxExpense": 6996000,
        "netIncome": 123436000,
        "netIncomeRatio": 0.6413892367,
        "eps": 0.64,
        "epsdiluted": 0.62,
        "weightedAverageShsOut": 191504000,
        "weightedAverageShsOutDil": 199176000,
        "link": "https://www.sec.gov/Archives/edgar/data/1458891/000162828022003005/0001628280-22-003005-index.htm",
        "finalLink": "https://www.sec.gov/Archives/edgar/data/1169055/000162828022003005/ne-20211231.htm"
    },
    {
        "date": "2021-09-30",
        "symbol": "NE",
        "reportedCurrency": "USD",
        "cik": "0001895262",
        "fillingDate": "2021-11-05",
        "acceptedDate": "2021-11-05 11:18:47",
        "calendarYear": "2021",
        "period": "Q3",
        "revenue": 250371000,
        "costOfRevenue": 230262000,
        "grossProfit": 20109000,
        "grossProfitRatio": 0.0803168099,
        "researchAndDevelopmentExpenses": 0,
        "generalAndAdministrativeExpenses": 14982000,
        "sellingAndMarketingExpenses": 0,
        "sellingGeneralAndAdministrativeExpenses": 14982000,
        "otherExpenses": 0,
        "operatingExpenses": 14982000,
        "costAndExpenses": 245244000,
        "interestIncome": 973000,
        "interestExpense": 8870000,
        "depreciationAndAmortization": 39660000,
        "ebitda": 27140000,
        "ebitdaratio": 0.1083991357,
        "operatingIncome": -13493000,
        "operatingIncomeRatio": -0.0538920242,
        "totalOtherIncomeExpensesNet": -7897000,
        "incomeBeforeTax": -21390000,
        "incomeBeforeTaxRatio": -0.0854332171,
        "incomeTaxExpense": 2275000,
        "netIncome": -23665000,
        "netIncomeRatio": -0.0945197327,
        "eps": -0.12,
        "epsdiluted": -0.12,
        "weightedAverageShsOut": 191504000,
        "weightedAverageShsOutDil": 199176000,
        "link": "https://www.sec.gov/Archives/edgar/data/1458891/000162828021021925/0001628280-21-021925-index.htm",
        "finalLink": "https://www.sec.gov/Archives/edgar/data/1169055/000162828021021925/ne-20210930.htm"
    },
    {
        "date": "2021-06-30",
        "symbol": "NE",
        "reportedCurrency": "USD",
        "cik": "0001895262",
        "fillingDate": "2021-08-05",
        "acceptedDate": "2021-08-05 12:51:12",
        "calendarYear": "2021",
        "period": "Q2",
        "revenue": 219343000,
        "costOfRevenue": 232122000,
        "grossProfit": -12779000,
        "grossProfitRatio": -0.0582603502,
        "researchAndDevelopmentExpenses": 0,
        "generalAndAdministrativeExpenses": 25030000,
        "sellingAndMarketingExpenses": 0,
        "sellingGeneralAndAdministrativeExpenses": 25030000,
        "otherExpenses": 0,
        "operatingExpenses": 25030000,
        "costAndExpenses": 257152000,
        "interestIncome": 6509000,
        "interestExpense": 7863000,
        "depreciationAndAmortization": 39595000,
        "ebitda": 3211000,
        "ebitdaratio": 0.0146391724,
        "operatingIncome": -37809000,
        "operatingIncomeRatio": -0.1723738619,
        "totalOtherIncomeExpensesNet": 56385000,
        "incomeBeforeTax": 18576000,
        "incomeBeforeTaxRatio": 0.0846892766,
        "incomeTaxExpense": -1859000,
        "netIncome": 20435000,
        "netIncomeRatio": 0.093164587,
        "eps": 0.11,
        "epsdiluted": 0.1,
        "weightedAverageShsOut": 191504000,
        "weightedAverageShsOutDil": 199176000,
        "link": "https://www.sec.gov/Archives/edgar/data/1458891/000162828021015743/0001628280-21-015743-index.htm",
        "finalLink": "https://www.sec.gov/Archives/edgar/data/1169055/000162828021015743/ne-20210630.htm"
    },
    {
        "date": "2021-03-31",
        "symbol": "NE",
        "reportedCurrency": "USD",
        "cik": "0001895262",
        "fillingDate": "2021-05-07",
        "acceptedDate": "2021-05-07 07:51:07",
        "calendarYear": "2021",
        "period": "Q1",
        "revenue": 169914000,
        "costOfRevenue": 171593000,
        "grossProfit": -1679000,
        "grossProfitRatio": -0.0098814694,
        "researchAndDevelopmentExpenses": 0,
        "generalAndAdministrativeExpenses": 13654000,
        "sellingAndMarketingExpenses": 1621000,
        "sellingGeneralAndAdministrativeExpenses": 15275000,
        "otherExpenses": 0,
        "operatingExpenses": 15275000,
        "costAndExpenses": 186868000,
        "interestIncome": 0,
        "interestExpense": 7072000,
        "depreciationAndAmortization": 43325000,
        "ebitda": 278829000,
        "ebitdaratio": 1.6410007416,
        "operatingIncome": -16954000,
        "operatingIncomeRatio": -0.0997798886,
        "totalOtherIncomeExpensesNet": 245334000,
        "incomeBeforeTax": 228380000,
        "incomeBeforeTaxRatio": 1.344091717,
        "incomeTaxExpense": -3624000,
        "netIncome": 232004000,
        "netIncomeRatio": 1.3654201537,
        "eps": 1.21,
        "epsdiluted": 1.16,
        "weightedAverageShsOut": 191504000,
        "weightedAverageShsOutDil": 199176000,
        "link": "https://www.sec.gov/Archives/edgar/data/1458891/000162828021009441/0001628280-21-009441-index.htm",
        "finalLink": "https://www.sec.gov/Archives/edgar/data/1169055/000162828021009441/ne-20210331.htm"
    },
    {
        "date": "2020-12-31",
        "symbol": "NE",
        "reportedCurrency": "USD",
        "cik": "0001895262",
        "fillingDate": "2021-03-12",
        "acceptedDate": "2021-03-12 11:40:58",
        "calendarYear": "2020",
        "period": "Q4",
        "revenue": 203207000,
        "costOfRevenue": 222286000,
        "grossProfit": -19079000,
        "grossProfitRatio": -0.0938894822,
        "researchAndDevelopmentExpenses": 0,
        "generalAndAdministrativeExpenses": 14692000,
        "sellingAndMarketingExpenses": 0,
        "sellingGeneralAndAdministrativeExpenses": 14692000,
        "otherExpenses": 0,
        "operatingExpenses": 14692000,
        "costAndExpenses": 236978000,
        "interestIncome": 466000,
        "interestExpense": 67000,
        "depreciationAndAmortization": 90477000,
        "ebitda": 56426000,
        "ebitdaratio": 0.2776774422,
        "operatingIncome": -33771000,
        "operatingIncomeRatio": -0.1661901411,
        "totalOtherIncomeExpensesNet": -112603000,
        "incomeBeforeTax": -2844179000,
        "incomeBeforeTaxRatio": -13.9964617361,
        "incomeTaxExpense": -21459000,
        "netIncome": -2822720000,
        "netIncomeRatio": -13.890860059,
        "eps": -11.24,
        "epsdiluted": -11.24,
        "weightedAverageShsOut": 251084000,
        "weightedAverageShsOutDil": 251084000,
        "link": "https://www.sec.gov/Archives/edgar/data/1458891/000162828021004612/0001628280-21-004612-index.htm",
        "finalLink": "https://www.sec.gov/Archives/edgar/data/1169055/000162828021004612/ne-20201231.htm"
    },
    {
        "date": "2020-09-30",
        "symbol": "NE",
        "reportedCurrency": "USD",
        "cik": "0001895262",
        "fillingDate": "2020-11-05",
        "acceptedDate": "2020-11-05 13:10:32",
        "calendarYear": "2020",
        "period": "Q3",
        "revenue": 227050000,
        "costOfRevenue": 137180000,
        "grossProfit": 89870000,
        "grossProfitRatio": 0.3958158996,
        "researchAndDevelopmentExpenses": 0,
        "generalAndAdministrativeExpenses": 15662000,
        "sellingAndMarketingExpenses": -375000,
        "sellingGeneralAndAdministrativeExpenses": 15287000,
        "otherExpenses": 3894000,
        "operatingExpenses": 99537000,
        "costAndExpenses": 236717000,
        "interestIncome": 7872000,
        "interestExpense": 23427000,
        "depreciationAndAmortization": 90606000,
        "ebitda": 76000000,
        "ebitdaratio": 0.3347280335,
        "operatingIncome": -14606000,
        "operatingIncomeRatio": -0.0643294429,
        "totalOtherIncomeExpensesNet": -6722000,
        "incomeBeforeTax": -25597000,
        "incomeBeforeTaxRatio": -0.1127372825,
        "incomeTaxExpense": 25271000,
        "netIncome": -50868000,
        "netIncomeRatio": -0.224038758,
        "eps": -0.2,
        "epsdiluted": -0.2,
        "weightedAverageShsOut": 251058000,
        "weightedAverageShsOutDil": 251058000,
        "link": "https://www.sec.gov/Archives/edgar/data/1458891/000162828020015643/0001628280-20-015643-index.htm",
        "finalLink": "https://www.sec.gov/Archives/edgar/data/1169055/000162828020015643/q3202010-qdocument.htm"
    },
    {
        "date": "2020-06-30",
        "symbol": "NE",
        "reportedCurrency": "USD",
        "cik": "0001895262",
        "fillingDate": "2020-08-07",
        "acceptedDate": "2020-08-07 11:52:05",
        "calendarYear": "2020",
        "period": "Q2",
        "revenue": 220141000,
        "costOfRevenue": 144154000,
        "grossProfit": 75987000,
        "grossProfitRatio": 0.3451742292,
        "researchAndDevelopmentExpenses": 0,
        "generalAndAdministrativeExpenses": 19003000,
        "sellingAndMarketingExpenses": -373000,
        "sellingGeneralAndAdministrativeExpenses": 18630000,
        "otherExpenses": 10515000,
        "operatingExpenses": 171660000,
        "costAndExpenses": 315814000,
        "interestIncome": 2956000,
        "interestExpense": 70279000,
        "depreciationAndAmortization": 89365000,
        "ebitda": -3725000,
        "ebitdaratio": -0.0169209734,
        "operatingIncome": -30565000,
        "operatingIncomeRatio": -0.1388428325,
        "totalOtherIncomeExpensesNet": -121175000,
        "incomeBeforeTax": -163369000,
        "incomeBeforeTaxRatio": -0.7421107381,
        "incomeTaxExpense": 121175000,
        "netIncome": -42194000,
        "netIncomeRatio": -0.1916680673,
        "eps": -0.17,
        "epsdiluted": -0.17,
        "weightedAverageShsOut": 248199999,
        "weightedAverageShsOutDil": 250978000,
        "link": "https://www.sec.gov/Archives/edgar/data/1458891/000162828020012111/0001628280-20-012111-index.htm",
        "finalLink": "https://www.sec.gov/Archives/edgar/data/1169055/000162828020012111/q2202010-qdocument.htm"
    },
    {
        "date": "2020-03-31",
        "symbol": "NE",
        "reportedCurrency": "USD",
        "cik": "0001895262",
        "fillingDate": "2020-05-07",
        "acceptedDate": "2020-05-07 15:19:40",
        "calendarYear": "2020",
        "period": "Q1",
        "revenue": 267364000,
        "costOfRevenue": 161145000,
        "grossProfit": 106219000,
        "grossProfitRatio": 0.3972823566,
        "researchAndDevelopmentExpenses": 0,
        "generalAndAdministrativeExpenses": 17839000,
        "sellingAndMarketingExpenses": 0,
        "sellingGeneralAndAdministrativeExpenses": 17839000,
        "otherExpenses": 0,
        "operatingExpenses": 1241056000,
        "costAndExpenses": 1402201000,
        "interestIncome": 0,
        "interestExpense": 70880000,
        "depreciationAndAmortization": 103681000,
        "ebitda": 90643000,
        "ebitdaratio": 0.3390247004,
        "operatingIncome": -13038000,
        "operatingIncomeRatio": -0.0487649796,
        "totalOtherIncomeExpensesNet": -73162000,
        "incomeBeforeTax": -1205717000,
        "incomeBeforeTaxRatio": -4.5096460256,
        "incomeTaxExpense": 143040000,
        "netIncome": -1062677000,
        "netIncomeRatio": -3.9746450532,
        "eps": -4.25,
        "epsdiluted": -4.25,
        "weightedAverageShsOut": 250041646,
        "weightedAverageShsOutDil": 250047000,
        "link": "https://www.sec.gov/Archives/edgar/data/1458891/000162828020006911/0001628280-20-006911-index.htm",
        "finalLink": "https://www.sec.gov/Archives/edgar/data/1169055/000162828020006911/q1202010-qdocument.htm"
    },
    {
        "date": "2019-12-31",
        "symbol": "NE",
        "reportedCurrency": "USD",
        "cik": "0001895262",
        "fillingDate": "2020-02-20",
        "acceptedDate": "2020-02-20 16:26:20",
        "calendarYear": "2019",
        "period": "Q4",
        "revenue": 441312000,
        "costOfRevenue": 181821000,
        "grossProfit": 259491000,
        "grossProfitRatio": 0.5879989667,
        "researchAndDevelopmentExpenses": 0,
        "generalAndAdministrativeExpenses": 18976000,
        "sellingAndMarketingExpenses": 150000,
        "sellingGeneralAndAdministrativeExpenses": 19126000,
        "otherExpenses": 0,
        "operatingExpenses": 143380000,
        "costAndExpenses": 325201000,
        "interestIncome": 1785000,
        "interestExpense": 71224000,
        "depreciationAndAmortization": 106740000,
        "ebitda": 242635000,
        "ebitdaratio": 0.5498037669,
        "operatingIncome": 135895000,
        "operatingIncomeRatio": 0.3079340693,
        "totalOtherIncomeExpensesNet": -69439000,
        "incomeBeforeTax": 46822000,
        "incomeBeforeTaxRatio": 0.1060972736,
        "incomeTaxExpense": 1378000,
        "netIncome": -32870000,
        "netIncomeRatio": -0.0744824523,
        "eps": -0.13,
        "epsdiluted": -0.13,
        "weightedAverageShsOut": 249198000,
        "weightedAverageShsOutDil": 249198000,
        "link": "https://www.sec.gov/Archives/edgar/data/1458891/000162828020001897/0001628280-20-001897-index.htm",
        "finalLink": "https://www.sec.gov/Archives/edgar/data/1169055/000162828020001897/a201910-kdocument.htm"
    },
    {
        "date": "2019-09-30",
        "symbol": "NE",
        "reportedCurrency": "USD",
        "cik": "0001895262",
        "fillingDate": "2019-10-31",
        "acceptedDate": "2019-10-31 17:01:18",
        "calendarYear": "2019",
        "period": "Q3",
        "revenue": 259428000,
        "costOfRevenue": 175929000,
        "grossProfit": 83499000,
        "grossProfitRatio": 0.3218580878,
        "researchAndDevelopmentExpenses": 0,
        "generalAndAdministrativeExpenses": 17565000,
        "sellingAndMarketingExpenses": 118000,
        "sellingGeneralAndAdministrativeExpenses": 17683000,
        "otherExpenses": 0,
        "operatingExpenses": 724305000,
        "costAndExpenses": 900234000,
        "interestIncome": 0,
        "interestExpense": 68991000,
        "depreciationAndAmortization": 112755000,
        "ebitda": 68135000,
        "ebitdaratio": 0.2626354904,
        "operatingIncome": -44620000,
        "operatingIncomeRatio": -0.1719937709,
        "totalOtherIncomeExpensesNet": -69785000,
        "incomeBeforeTax": -709797000,
        "incomeBeforeTaxRatio": -2.7360076784,
        "incomeTaxExpense": 2845000,
        "netIncome": -444871000,
        "netIncomeRatio": -1.7148149005,
        "eps": -1.79,
        "epsdiluted": -1.79,
        "weightedAverageShsOut": 248531284,
        "weightedAverageShsOutDil": 249181000,
        "link": "https://www.sec.gov/Archives/edgar/data/1458891/000162828019012987/0001628280-19-012987-index.htm",
        "finalLink": "https://www.sec.gov/Archives/edgar/data/1169055/000162828019012987/a3q201910-qdocument.htm"
    },
    {
        "date": "2019-06-30",
        "symbol": "NE",
        "reportedCurrency": "USD",
        "cik": "0001895262",
        "fillingDate": "2019-08-02",
        "acceptedDate": "2019-08-02 14:46:17",
        "calendarYear": "2019",
        "period": "Q2",
        "revenue": 274817000,
        "costOfRevenue": 168865000,
        "grossProfit": 105952000,
        "grossProfitRatio": 0.3855365571,
        "researchAndDevelopmentExpenses": 0,
        "generalAndAdministrativeExpenses": 16252000,
        "sellingAndMarketingExpenses": 111000,
        "sellingGeneralAndAdministrativeExpenses": 16363000,
        "otherExpenses": 0,
        "operatingExpenses": 224773000,
        "costAndExpenses": 393638000,
        "interestIncome": 1860000,
        "interestExpense": 68976000,
        "depreciationAndAmortization": 111148000,
        "ebitda": 92327000,
        "ebitdaratio": 0.3359581103,
        "operatingIncome": -18821000,
        "operatingIncomeRatio": -0.068485574,
        "totalOtherIncomeExpensesNet": -67116000,
        "incomeBeforeTax": -185826000,
        "incomeBeforeTaxRatio": -0.6761808767,
        "incomeTaxExpense": 37182000,
        "netIncome": -151960000,
        "netIncomeRatio": -0.5529497811,
        "eps": -0.61,
        "epsdiluted": -0.61,
        "weightedAverageShsOut": 249114754,
        "weightedAverageShsOutDil": 249154000,
        "link": "https://www.sec.gov/Archives/edgar/data/1458891/000162828019009851/0001628280-19-009851-index.htm",
        "finalLink": "https://www.sec.gov/Archives/edgar/data/1169055/000162828019009851/a2q201910-qdocument.htm"
    },
    {
        "date": "2019-03-31",
        "symbol": "NE",
        "reportedCurrency": "USD",
        "cik": "0001895262",
        "fillingDate": "2019-05-02",
        "acceptedDate": "2019-05-02 16:10:06",
        "calendarYear": "2019",
        "period": "Q1",
        "revenue": 270501000,
        "costOfRevenue": 171728000,
        "grossProfit": 98773000,
        "grossProfitRatio": 0.3651483728,
        "researchAndDevelopmentExpenses": 0,
        "generalAndAdministrativeExpenses": 15999000,
        "sellingAndMarketingExpenses": 0,
        "sellingGeneralAndAdministrativeExpenses": 15999000,
        "otherExpenses": 0,
        "operatingExpenses": 91319000,
        "costAndExpenses": 263047000,
        "interestIncome": 2506000,
        "interestExpense": 70244000,
        "depreciationAndAmortization": 109578000,
        "ebitda": 85766000,
        "ebitdaratio": 0.3170635229,
        "operatingIncome": -23812000,
        "operatingIncomeRatio": -0.0880292494,
        "totalOtherIncomeExpensesNet": -36472000,
        "incomeBeforeTax": -60284000,
        "incomeBeforeTaxRatio": -0.222860544,
        "incomeTaxExpense": 2865000,
        "netIncome": -67068000,
        "netIncomeRatio": -0.2479399337,
        "eps": -0.27,
        "epsdiluted": -0.27,
        "weightedAverageShsOut": 248251000,
        "weightedAverageShsOutDil": 248251000,
        "link": "https://www.sec.gov/Archives/edgar/data/1458891/000162828019005678/0001628280-19-005678-index.htm",
        "finalLink": "https://www.sec.gov/Archives/edgar/data/1169055/000162828019005678/a1q201910-qdocument.htm"
    },
    {
        "date": "2018-12-31",
        "symbol": "NE",
        "reportedCurrency": "USD",
        "cik": "0001895262",
        "fillingDate": "2019-02-22",
        "acceptedDate": "2019-02-21 18:26:47",
        "calendarYear": "2018",
        "period": "Q4",
        "revenue": 338793000,
        "costOfRevenue": 64024000,
        "grossProfit": 274769000,
        "grossProfitRatio": 0.8110232502,
        "researchAndDevelopmentExpenses": 0,
        "generalAndAdministrativeExpenses": 35871000,
        "sellingAndMarketingExpenses": 265652000,
        "sellingGeneralAndAdministrativeExpenses": 301523000,
        "otherExpenses": 0,
        "operatingExpenses": 92625000,
        "costAndExpenses": 156649000,
        "interestIncome": 1488000,
        "interestExpense": 73741000,
        "depreciationAndAmortization": 114226000,
        "ebitda": 286720000,
        "ebitdaratio": 0.8462984772,
        "operatingIncome": 172494000,
        "operatingIncomeRatio": 0.5091427509,
        "totalOtherIncomeExpensesNet": -70645000,
        "incomeBeforeTax": 248617000,
        "incomeBeforeTaxRatio": 0.7338315727,
        "incomeTaxExpense": 80223000,
        "netIncome": 166222000,
        "netIncomeRatio": 0.4906299717,
        "eps": 0.67,
        "epsdiluted": 0.67,
        "weightedAverageShsOut": 246793000,
        "weightedAverageShsOutDil": 246793000,
        "link": "https://www.sec.gov/Archives/edgar/data/1458891/000162828019001707/0001628280-19-001707-index.htm",
        "finalLink": "https://www.sec.gov/Archives/edgar/data/1169055/000162828019001707/a4q2018-10xkdocument.htm"
    },
    {
        "date": "2018-09-30",
        "symbol": "NE",
        "reportedCurrency": "USD",
        "cik": "0001895262",
        "fillingDate": "2018-11-02",
        "acceptedDate": "2018-11-02 13:21:04",
        "calendarYear": "2018",
        "period": "Q3",
        "revenue": 267238000,
        "costOfRevenue": 162985000,
        "grossProfit": 104253000,
        "grossProfitRatio": 0.390112933,
        "researchAndDevelopmentExpenses": 0,
        "generalAndAdministrativeExpenses": 14722000,
        "sellingAndMarketingExpenses": -755000,
        "sellingGeneralAndAdministrativeExpenses": 13967000,
        "otherExpenses": 0,
        "operatingExpenses": 125232000,
        "costAndExpenses": 288217000,
        "interestIncome": 2610000,
        "interestExpense": 73725000,
        "depreciationAndAmortization": 113868000,
        "ebitda": 92780000,
        "ebitdaratio": 0.3471811644,
        "operatingIncome": -21088000,
        "operatingIncomeRatio": -0.0789109333,
        "totalOtherIncomeExpensesNet": -71006000,
        "incomeBeforeTax": -92849000,
        "incomeBeforeTaxRatio": -0.3474393612,
        "incomeTaxExpense": 14491000,
        "netIncome": -81591000,
        "netIncomeRatio": -0.3053121188,
        "eps": -0.33,
        "epsdiluted": -0.33,
        "weightedAverageShsOut": 246780000,
        "weightedAverageShsOutDil": 246780000,
        "link": "https://www.sec.gov/Archives/edgar/data/1458891/000162828018013391/0001628280-18-013391-index.htm",
        "finalLink": "https://www.sec.gov/Archives/edgar/data/1169055/000162828018013391/a3q201810-qdocument.htm"
    },
    {
        "date": "2018-06-30",
        "symbol": "NE",
        "reportedCurrency": "USD",
        "cik": "0001895262",
        "fillingDate": "2018-08-03",
        "acceptedDate": "2018-08-03 12:53:58",
        "calendarYear": "2018",
        "period": "Q2",
        "revenue": 247689000,
        "costOfRevenue": 151437000,
        "grossProfit": 96252000,
        "grossProfitRatio": 0.3886002204,
        "researchAndDevelopmentExpenses": 0,
        "generalAndAdministrativeExpenses": 21717000,
        "sellingAndMarketingExpenses": -879000,
        "sellingGeneralAndAdministrativeExpenses": 20838000,
        "otherExpenses": 0,
        "operatingExpenses": 940979000,
        "costAndExpenses": 1092416000,
        "interestIncome": 2865000,
        "interestExpense": 74130000,
        "depreciationAndAmortization": 129681000,
        "ebitda": 77797000,
        "ebitdaratio": 0.3140914615,
        "operatingIncome": -51884000,
        "operatingIncomeRatio": -0.2094723625,
        "totalOtherIncomeExpensesNet": -71265000,
        "incomeBeforeTax": -916871000,
        "incomeBeforeTaxRatio": -3.7017025383,
        "incomeTaxExpense": 38839000,
        "netIncome": -628063000,
        "netIncomeRatio": -2.5356919363,
        "eps": -2.55,
        "epsdiluted": -2.55,
        "weightedAverageShsOut": 246299215,
        "weightedAverageShsOutDil": 246740000,
        "link": "https://www.sec.gov/Archives/edgar/data/1458891/000162828018010405/0001628280-18-010405-index.htm",
        "finalLink": "https://www.sec.gov/Archives/edgar/data/1169055/000162828018010405/a2q201810-qdocument.htm"
    },
    {
        "date": "2018-03-31",
        "symbol": "NE",
        "reportedCurrency": "USD",
        "cik": "0001895262",
        "fillingDate": "2018-05-10",
        "acceptedDate": "2018-05-10 15:20:23",
        "calendarYear": "2018",
        "period": "Q1",
        "revenue": 229106000,
        "costOfRevenue": 136849000,
        "grossProfit": 92257000,
        "grossProfitRatio": 0.4026826011,
        "researchAndDevelopmentExpenses": 0,
        "generalAndAdministrativeExpenses": 22083000,
        "sellingAndMarketingExpenses": 0,
        "sellingGeneralAndAdministrativeExpenses": 22083000,
        "otherExpenses": 0,
        "operatingExpenses": 157905000,
        "costAndExpenses": 294754000,
        "interestIncome": 1339000,
        "interestExpense": 76015000,
        "depreciationAndAmortization": 128755000,
        "ebitda": 71875000,
        "ebitdaratio": 0.3137194137,
        "operatingIncome": -56880000,
        "operatingIncomeRatio": -0.24826936,
        "totalOtherIncomeExpensesNet": -83444000,
        "incomeBeforeTax": -140324000,
        "incomeBeforeTaxRatio": -0.6124850506,
        "incomeTaxExpense": 2996000,
        "netIncome": -142334000,
        "netIncomeRatio": -0.6212582822,
        "eps": -0.58,
        "epsdiluted": -0.58,
        "weightedAverageShsOut": 245403448,
        "weightedAverageShsOutDil": 246175000,
        "link": "https://www.sec.gov/Archives/edgar/data/1458891/000162828018006528/0001628280-18-006528-index.htm",
        "finalLink": "https://www.sec.gov/Archives/edgar/data/1169055/000162828018006528/nefy2018q110q.htm"
    },
    {
        "date": "2017-12-31",
        "symbol": "NE",
        "reportedCurrency": "USD",
        "cik": "0001895262",
        "fillingDate": "2018-02-23",
        "acceptedDate": "2018-02-23 15:28:00",
        "calendarYear": "2017",
        "period": "Q4",
        "revenue": 321095000,
        "costOfRevenue": 110243000,
        "grossProfit": 210852000,
        "grossProfitRatio": 0.6566654728,
        "researchAndDevelopmentExpenses": 0,
        "generalAndAdministrativeExpenses": 21765000,
        "sellingAndMarketingExpenses": 13142000,
        "sellingGeneralAndAdministrativeExpenses": 34907000,
        "otherExpenses": 0,
        "operatingExpenses": 319888000,
        "costAndExpenses": 430131000,
        "interestIncome": 1163000,
        "interestExpense": 72446000,
        "depreciationAndAmortization": 138071000,
        "ebitda": 179374000,
        "ebitdaratio": 0.5586321805,
        "operatingIncome": 41303000,
        "operatingIncomeRatio": 0.1286317134,
        "totalOtherIncomeExpensesNet": -70645000,
        "incomeBeforeTax": -180939000,
        "incomeBeforeTaxRatio": -0.5635061275,
        "incomeTaxExpense": 167960000,
        "netIncome": -24675000,
        "netIncomeRatio": -0.0768464162,
        "eps": -0.1,
        "epsdiluted": -0.1,
        "weightedAverageShsOut": 244970000,
        "weightedAverageShsOutDil": 244970000,
        "link": "https://www.sec.gov/Archives/edgar/data/1458891/000162828018002128/0001628280-18-002128-index.htm",
        "finalLink": "https://www.sec.gov/Archives/edgar/data/1169055/000162828018002128/noblecorpplc-201710xk.htm"
    },
    {
        "date": "2017-09-30",
        "symbol": "NE",
        "reportedCurrency": "USD",
        "cik": "0001895262",
        "fillingDate": "2017-11-03",
        "acceptedDate": "2017-11-03 13:40:43",
        "calendarYear": "2017",
        "period": "Q3",
        "revenue": 259740000,
        "costOfRevenue": 166044000,
        "grossProfit": 93696000,
        "grossProfitRatio": 0.3607299607,
        "researchAndDevelopmentExpenses": 0,
        "generalAndAdministrativeExpenses": 15331000,
        "sellingAndMarketingExpenses": -396000,
        "sellingGeneralAndAdministrativeExpenses": 14935000,
        "otherExpenses": 0,
        "operatingExpenses": 149904000,
        "costAndExpenses": 315948000,
        "interestIncome": 389000,
        "interestExpense": 72887000,
        "depreciationAndAmortization": 137607000,
        "ebitda": 81399000,
        "ebitdaratio": 0.3133864634,
        "operatingIncome": -56208000,
        "operatingIncomeRatio": -0.2164010164,
        "totalOtherIncomeExpensesNet": -71956000,
        "incomeBeforeTax": -128086000,
        "incomeBeforeTaxRatio": -0.4931315931,
        "incomeTaxExpense": 28605000,
        "netIncome": -96792000,
        "netIncomeRatio": -0.3726495726,
        "eps": -0.4,
        "epsdiluted": -0.4,
        "weightedAverageShsOut": 241980000,
        "weightedAverageShsOutDil": 244940000,
        "link": "https://www.sec.gov/Archives/edgar/data/1458891/000162828017010795/0001628280-17-010795-index.htm",
        "finalLink": "https://www.sec.gov/Archives/edgar/data/1169055/000162828017010795/nefy2017q310q.htm"
    },
    {
        "date": "2017-06-30",
        "symbol": "NE",
        "reportedCurrency": "USD",
        "cik": "0001895262",
        "fillingDate": "2017-08-04",
        "acceptedDate": "2017-08-04 13:02:29",
        "calendarYear": "2017",
        "period": "Q2",
        "revenue": 271532000,
        "costOfRevenue": 148362000,
        "grossProfit": 123170000,
        "grossProfitRatio": 0.4536113607,
        "researchAndDevelopmentExpenses": 0,
        "generalAndAdministrativeExpenses": 18658000,
        "sellingAndMarketingExpenses": 14009000,
        "sellingGeneralAndAdministrativeExpenses": 32667000,
        "otherExpenses": 0,
        "operatingExpenses": 167045000,
        "costAndExpenses": 315407000,
        "interestIncome": 2664000,
        "interestExpense": 73209000,
        "depreciationAndAmortization": 136594000,
        "ebitda": 92719000,
        "ebitdaratio": 0.3414661992,
        "operatingIncome": -43875000,
        "operatingIncomeRatio": -0.1615831652,
        "totalOtherIncomeExpensesNet": -70135000,
        "incomeBeforeTax": -114420000,
        "incomeBeforeTaxRatio": -0.4213867979,
        "incomeTaxExpense": 18213000,
        "netIncome": -91864000,
        "netIncomeRatio": -0.3383173991,
        "eps": -0.38,
        "epsdiluted": -0.38,
        "weightedAverageShsOut": 244828000,
        "weightedAverageShsOutDil": 244828000,
        "link": "https://www.sec.gov/Archives/edgar/data/1458891/000162828017008078/0001628280-17-008078-index.htm",
        "finalLink": "https://www.sec.gov/Archives/edgar/data/1169055/000162828017008078/nefy2017q210q.htm"
    },
    {
        "date": "2017-03-31",
        "symbol": "NE",
        "reportedCurrency": "USD",
        "cik": "0001895262",
        "fillingDate": "2017-05-05",
        "acceptedDate": "2017-05-05 15:24:32",
        "calendarYear": "2017",
        "period": "Q1",
        "revenue": 354659000,
        "costOfRevenue": 160769000,
        "grossProfit": 193890000,
        "grossProfitRatio": 0.5466941485,
        "researchAndDevelopmentExpenses": 0,
        "generalAndAdministrativeExpenses": 15880000,
        "sellingAndMarketingExpenses": 0,
        "sellingGeneralAndAdministrativeExpenses": 15880000,
        "otherExpenses": 0,
        "operatingExpenses": 148427000,
        "costAndExpenses": 309196000,
        "interestIncome": 1233000,
        "interestExpense": 73447000,
        "depreciationAndAmortization": 135718000,
        "ebitda": 182798000,
        "ebitdaratio": 0.5154190363,
        "operatingIncome": 45463000,
        "operatingIncomeRatio": 0.1281879214,
        "totalOtherIncomeExpensesNet": -71830000,
        "incomeBeforeTax": -26367000,
        "incomeBeforeTaxRatio": -0.0743446522,
        "incomeTaxExpense": 257407000,
        "netIncome": -301694000,
        "netIncomeRatio": -0.8506593658,
        "eps": -1.24,
        "epsdiluted": -1.24,
        "weightedAverageShsOut": 243301612,
        "weightedAverageShsOutDil": 244222000,
        "link": "https://www.sec.gov/Archives/edgar/data/1458891/000162828017005037/0001628280-17-005037-index.htm",
        "finalLink": "https://www.sec.gov/Archives/edgar/data/1169055/000162828017005037/nefy2017q110q.htm"
    },
    {
        "date": "2016-12-31",
        "symbol": "NE",
        "reportedCurrency": "USD",
        "cik": "0001895262",
        "fillingDate": "2017-02-24",
        "acceptedDate": "2017-02-24 12:18:02",
        "calendarYear": "2016",
        "period": "Q4",
        "revenue": 400879000,
        "costOfRevenue": 176810000,
        "grossProfit": 224069000,
        "grossProfitRatio": 0.5589442201,
        "researchAndDevelopmentExpenses": 0,
        "generalAndAdministrativeExpenses": 14912000,
        "sellingAndMarketingExpenses": 0,
        "sellingGeneralAndAdministrativeExpenses": 14912000,
        "otherExpenses": 0,
        "operatingExpenses": 1600790000,
        "costAndExpenses": 1777600000,
        "interestIncome": 1461000,
        "interestExpense": 54497000,
        "depreciationAndAmortization": 155160000,
        "ebitda": 212381000,
        "ebitdaratio": 0.5297882902,
        "operatingIncome": 57221000,
        "operatingIncomeRatio": 0.1427388314,
        "totalOtherIncomeExpensesNet": -47731000,
        "incomeBeforeTax": -1432643000,
        "incomeBeforeTaxRatio": -3.5737541752,
        "incomeTaxExpense": 149473000,
        "netIncome": -1290096000,
        "netIncomeRatio": -3.2181680757,
        "eps": -5.35,
        "epsdiluted": -5.3,
        "weightedAverageShsOut": 241011320,
        "weightedAverageShsOutDil": 243238000,
        "link": "https://www.sec.gov/Archives/edgar/data/1458891/000162828017001689/0001628280-17-001689-index.htm",
        "finalLink": "https://www.sec.gov/Archives/edgar/data/1458891/000162828017001689/nefy201610-k.htm"
    },
    {
        "date": "2016-09-30",
        "symbol": "NE",
        "reportedCurrency": "USD",
        "cik": "0001895262",
        "fillingDate": "2016-11-07",
        "acceptedDate": "2016-11-07 16:28:23",
        "calendarYear": "2016",
        "period": "Q3",
        "revenue": 373257000,
        "costOfRevenue": 207204000,
        "grossProfit": 166053000,
        "grossProfitRatio": 0.4448757826,
        "researchAndDevelopmentExpenses": 0,
        "generalAndAdministrativeExpenses": 15773000,
        "sellingAndMarketingExpenses": 0,
        "sellingGeneralAndAdministrativeExpenses": 15773000,
        "otherExpenses": 0,
        "operatingExpenses": 168261000,
        "costAndExpenses": 375465000,
        "interestIncome": 540000,
        "interestExpense": 52569000,
        "depreciationAndAmortization": 155242000,
        "ebitda": 153034000,
        "ebitdaratio": 0.4099963296,
        "operatingIncome": -2208000,
        "operatingIncomeRatio": -0.0059154952,
        "totalOtherIncomeExpensesNet": -52029000,
        "incomeBeforeTax": -54237000,
        "incomeBeforeTaxRatio": -0.1453073887,
        "incomeTaxExpense": 10002000,
        "netIncome": -55081000,
        "netIncomeRatio": -0.1475685654,
        "eps": -0.23,
        "epsdiluted": -0.23,
        "weightedAverageShsOut": 239482608,
        "weightedAverageShsOutDil": 243224000,
        "link": "https://www.sec.gov/Archives/edgar/data/1458891/000162828016020934/0001628280-16-020934-index.htm",
        "finalLink": "https://www.sec.gov/Archives/edgar/data/1169055/000162828016020934/nefy2016q310q.htm"
    },
    {
        "date": "2016-06-30",
        "symbol": "NE",
        "reportedCurrency": "USD",
        "cik": "0001895262",
        "fillingDate": "2016-08-08",
        "acceptedDate": "2016-08-08 11:12:35",
        "calendarYear": "2016",
        "period": "Q2",
        "revenue": 876697000,
        "costOfRevenue": 244176000,
        "grossProfit": 632521000,
        "grossProfitRatio": 0.7214818803,
        "researchAndDevelopmentExpenses": 0,
        "generalAndAdministrativeExpenses": 19033000,
        "sellingAndMarketingExpenses": 0,
        "sellingGeneralAndAdministrativeExpenses": 19033000,
        "otherExpenses": 0,
        "operatingExpenses": 172454000,
        "costAndExpenses": 416630000,
        "interestIncome": 0,
        "interestExpense": 57846000,
        "depreciationAndAmortization": 150946000,
        "ebitda": 617276000,
        "ebitdaratio": 0.7040927481,
        "operatingIncome": 466330000,
        "operatingIncomeRatio": 0.5319169565,
        "totalOtherIncomeExpensesNet": -47493000,
        "incomeBeforeTax": 402221000,
        "incomeBeforeTaxRatio": 0.4587913498,
        "incomeTaxExpense": 56822000,
        "netIncome": 313934000,
        "netIncomeRatio": 0.3580872297,
        "eps": 1.29,
        "epsdiluted": 1.29,
        "weightedAverageShsOut": 243217000,
        "weightedAverageShsOutDil": 243217000,
        "link": "https://www.sec.gov/Archives/edgar/data/1458891/000156459016023177/0001564590-16-023177-index.htm",
        "finalLink": "https://www.sec.gov/Archives/edgar/data/1169055/000156459016023177/ne-10q_20160630.htm"
    },
    {
        "date": "2016-03-31",
        "symbol": "NE",
        "reportedCurrency": "USD",
        "cik": "0001895262",
        "fillingDate": "2016-05-05",
        "acceptedDate": "2016-05-05 12:36:47",
        "calendarYear": "2016",
        "period": "Q1",
        "revenue": 591367000,
        "costOfRevenue": 251248000,
        "grossProfit": 340119000,
        "grossProfitRatio": 0.5751403105,
        "researchAndDevelopmentExpenses": 0,
        "generalAndAdministrativeExpenses": 19540000,
        "sellingAndMarketingExpenses": 0,
        "sellingGeneralAndAdministrativeExpenses": 19540000,
        "otherExpenses": 0,
        "operatingExpenses": 165389000,
        "costAndExpenses": 416637000,
        "interestIncome": 0,
        "interestExpense": 57100000,
        "depreciationAndAmortization": 149719000,
        "ebitda": 325179000,
        "ebitdaratio": 0.5498768108,
        "operatingIncome": 175460000,
        "operatingIncomeRatio": 0.2967023862,
        "totalOtherIncomeExpensesNet": -57830000,
        "incomeBeforeTax": 117630000,
        "incomeBeforeTaxRatio": 0.1989120123,
        "incomeTaxExpense": 6503000,
        "netIncome": 101663000,
        "netIncomeRatio": 0.1719118585,
        "eps": 0.42,
        "epsdiluted": 0.42,
        "weightedAverageShsOut": 242826000,
        "weightedAverageShsOutDil": 242826000,
        "link": "https://www.sec.gov/Archives/edgar/data/1458891/000156459016017881/0001564590-16-017881-index.htm",
        "finalLink": "https://www.sec.gov/Archives/edgar/data/1169055/000156459016017881/ne-10q_20160331.htm"
    },
    {
        "date": "2015-12-31",
        "symbol": "NE",
        "reportedCurrency": "USD",
        "cik": "0001895262",
        "fillingDate": "2016-02-25",
        "acceptedDate": "2016-02-25 12:11:13",
        "calendarYear": "2015",
        "period": "Q4",
        "revenue": 837129000,
        "costOfRevenue": 298505000,
        "grossProfit": 538624000,
        "grossProfitRatio": 0.643418159,
        "researchAndDevelopmentExpenses": 0,
        "generalAndAdministrativeExpenses": 15285000,
        "sellingAndMarketingExpenses": 0,
        "sellingGeneralAndAdministrativeExpenses": 15285000,
        "otherExpenses": 0,
        "operatingExpenses": 556818000,
        "costAndExpenses": 855323000,
        "interestIncome": 0,
        "interestExpense": 84743000,
        "depreciationAndAmortization": 160392000,
        "ebitda": -318026000,
        "ebitdaratio": -0.3799008277,
        "operatingIncome": 368818000,
        "operatingIncomeRatio": 0.4405748696,
        "totalOtherIncomeExpensesNet": -53457000,
        "incomeBeforeTax": -102937000,
        "incomeBeforeTaxRatio": -0.1229643221,
        "incomeTaxExpense": 34591000,
        "netIncome": -148788000,
        "netIncomeRatio": -0.1777360478,
        "eps": -0.62,
        "epsdiluted": -0.61,
        "weightedAverageShsOut": 239562184,
        "weightedAverageShsOutDil": 241974000,
        "link": "https://www.sec.gov/Archives/edgar/data/1458891/000156459016013321/0001564590-16-013321-index.htm",
        "finalLink": "https://www.sec.gov/Archives/edgar/data/1169055/000156459016013321/ne-10k_20151231.htm"
    },
    {
        "date": "2015-09-30",
        "symbol": "NE",
        "reportedCurrency": "USD",
        "cik": "0001895262",
        "fillingDate": "2015-11-04",
        "acceptedDate": "2015-11-04 14:42:57",
        "calendarYear": "2015",
        "period": "Q3",
        "revenue": 873813000,
        "costOfRevenue": 293067000,
        "grossProfit": 580746000,
        "grossProfitRatio": 0.664611307,
        "researchAndDevelopmentExpenses": 0,
        "generalAndAdministrativeExpenses": 15196000,
        "sellingAndMarketingExpenses": 0,
        "sellingGeneralAndAdministrativeExpenses": 15196000,
        "otherExpenses": 0,
        "operatingExpenses": 170773000,
        "costAndExpenses": 463840000,
        "interestIncome": 30934000,
        "interestExpense": 54687000,
        "depreciationAndAmortization": 160652000,
        "ebitda": 570625000,
        "ebitdaratio": 0.6530287373,
        "operatingIncome": 409973000,
        "operatingIncomeRatio": 0.4691770436,
        "totalOtherIncomeExpensesNet": -23753000,
        "incomeBeforeTax": 386220000,
        "incomeBeforeTaxRatio": 0.441993882,
        "incomeTaxExpense": 41789000,
        "netIncome": 318664000,
        "netIncomeRatio": 0.364682146,
        "eps": 1.32,
        "epsdiluted": 1.32,
        "weightedAverageShsOut": 241970000,
        "weightedAverageShsOutDil": 241970000,
        "link": "https://www.sec.gov/Archives/edgar/data/1458891/000156459015009305/0001564590-15-009305-index.htm",
        "finalLink": "https://www.sec.gov/Archives/edgar/data/1169055/000156459015009305/ne-10q_20150930.htm"
    },
    {
        "date": "2015-06-30",
        "symbol": "NE",
        "reportedCurrency": "USD",
        "cik": "0001895262",
        "fillingDate": "2015-08-06",
        "acceptedDate": "2015-08-06 14:40:44",
        "calendarYear": "2015",
        "period": "Q2",
        "revenue": 771307000,
        "costOfRevenue": 319207000,
        "grossProfit": 452100000,
        "grossProfitRatio": 0.5861479281,
        "researchAndDevelopmentExpenses": 0,
        "generalAndAdministrativeExpenses": 22424000,
        "sellingAndMarketingExpenses": 0,
        "sellingGeneralAndAdministrativeExpenses": 22424000,
        "otherExpenses": 0,
        "operatingExpenses": 177382000,
        "costAndExpenses": 496589000,
        "interestIncome": 0,
        "interestExpense": 57465000,
        "depreciationAndAmortization": 159123000,
        "ebitda": 434272000,
        "ebitdaratio": 0.5630339152,
        "operatingIncome": 275149000,
        "operatingIncomeRatio": 0.3567308478,
        "totalOtherIncomeExpensesNet": -57896000,
        "incomeBeforeTax": 217253000,
        "incomeBeforeTaxRatio": 0.2816686482,
        "incomeTaxExpense": 39405000,
        "netIncome": 155476000,
        "netIncomeRatio": 0.2015747296,
        "eps": 0.64,
        "epsdiluted": 0.64,
        "weightedAverageShsOut": 241966000,
        "weightedAverageShsOutDil": 241966000,
        "link": "https://www.sec.gov/Archives/edgar/data/1458891/000119312515280725/0001193125-15-280725-index.htm",
        "finalLink": "https://www.sec.gov/Archives/edgar/data/1169055/000119312515280725/d949059d10q.htm"
    },
    {
        "date": "2015-03-31",
        "symbol": "NE",
        "reportedCurrency": "USD",
        "cik": "0001895262",
        "fillingDate": "2015-05-07",
        "acceptedDate": "2015-05-07 16:06:51",
        "calendarYear": "2015",
        "period": "Q1",
        "revenue": 779361000,
        "costOfRevenue": 321750000,
        "grossProfit": 457611000,
        "grossProfitRatio": 0.5871617902,
        "researchAndDevelopmentExpenses": 0,
        "generalAndAdministrativeExpenses": 23938000,
        "sellingAndMarketingExpenses": 0,
        "sellingGeneralAndAdministrativeExpenses": 23938000,
        "otherExpenses": 0,
        "operatingExpenses": 173252000,
        "costAndExpenses": 495002000,
        "interestIncome": 6582000,
        "interestExpense": 49044000,
        "depreciationAndAmortization": 154138000,
        "ebitda": 438497000,
        "ebitdaratio": 0.5626365702,
        "operatingIncome": 284359000,
        "operatingIncomeRatio": 0.3648617265,
        "totalOtherIncomeExpensesNet": -42462000,
        "incomeBeforeTax": 241897000,
        "incomeBeforeTaxRatio": 0.3103786307,
        "incomeTaxExpense": 43447000,
        "netIncome": 174472000,
        "netIncomeRatio": 0.2238654487,
        "eps": 0.72,
        "epsdiluted": 0.72,
        "weightedAverageShsOut": 242685000,
        "weightedAverageShsOutDil": 242685000,
        "link": "https://www.sec.gov/Archives/edgar/data/1458891/000119312515177074/0001193125-15-177074-index.htm",
        "finalLink": "https://www.sec.gov/Archives/edgar/data/1169055/000119312515177074/d905729d10q.htm"
    },
    {
        "date": "2014-12-31",
        "symbol": "NE",
        "reportedCurrency": "USD",
        "cik": "0001895262",
        "fillingDate": "2015-02-27",
        "acceptedDate": "2015-02-27 14:07:05",
        "calendarYear": "2014",
        "period": "Q4",
        "revenue": 787654000,
        "costOfRevenue": 391056000,
        "grossProfit": 396598000,
        "grossProfitRatio": 0.5035180422,
        "researchAndDevelopmentExpenses": 0,
        "generalAndAdministrativeExpenses": 29452000,
        "sellingAndMarketingExpenses": 0,
        "sellingGeneralAndAdministrativeExpenses": 29452000,
        "otherExpenses": 0,
        "operatingExpenses": 939760000,
        "costAndExpenses": 1330816000,
        "interestIncome": 0,
        "interestExpense": 40816000,
        "depreciationAndAmortization": -68833000,
        "ebitda": -1289648000,
        "ebitdaratio": -1.6373280654,
        "operatingIncome": 203564000,
        "operatingIncomeRatio": 0.2584434282,
        "totalOtherIncomeExpensesNet": -42114000,
        "incomeBeforeTax": -583978000,
        "incomeBeforeTaxRatio": -0.7414143774,
        "incomeTaxExpense": 3974000,
        "netIncome": -584688000,
        "netIncomeRatio": -0.7423157884,
        "eps": -2.3,
        "epsdiluted": 482.81,
        "weightedAverageShsOut": 253801897,
        "weightedAverageShsOutDil": 253801897,
        "link": "https://www.sec.gov/Archives/edgar/data/1458891/000119312515068812/0001193125-15-068812-index.htm",
        "finalLink": "https://www.sec.gov/Archives/edgar/data/1169055/000119312515068812/d837461d10k.htm"
    },
    {
        "date": "2014-09-30",
        "symbol": "NE",
        "reportedCurrency": "USD",
        "cik": "0001895262",
        "fillingDate": "2014-11-07",
        "acceptedDate": "2014-11-07 16:48:14",
        "calendarYear": "2014",
        "period": "Q3",
        "revenue": 810201000,
        "costOfRevenue": 385674000,
        "grossProfit": 424527000,
        "grossProfitRatio": 0.5239773834,
        "researchAndDevelopmentExpenses": 0,
        "generalAndAdministrativeExpenses": 24602000,
        "sellingAndMarketingExpenses": 0,
        "sellingGeneralAndAdministrativeExpenses": 24602000,
        "otherExpenses": 0,
        "operatingExpenses": 180894000,
        "costAndExpenses": 566568000,
        "interestIncome": 2760000,
        "interestExpense": 37751000,
        "depreciationAndAmortization": 397081000,
        "ebitda": 640714000,
        "ebitdaratio": 0.7908087006,
        "operatingIncome": 243633000,
        "operatingIncomeRatio": 0.3007068616,
        "totalOtherIncomeExpensesNet": -34991000,
        "incomeBeforeTax": 208642000,
        "incomeBeforeTaxRatio": 0.2575188132,
        "incomeTaxExpense": 40782000,
        "netIncome": 145417000,
        "netIncomeRatio": 0.1794826222,
        "eps": 0.57,
        "epsdiluted": 0.57,
        "weightedAverageShsOut": 253949000,
        "weightedAverageShsOutDil": 253949000,
        "link": "https://www.sec.gov/Archives/edgar/data/1458891/000119312514403546/0001193125-14-403546-index.htm",
        "finalLink": "https://www.sec.gov/Archives/edgar/data/1169055/000119312514403546/d800903d10q.htm"
    },
    {
        "date": "2014-06-30",
        "symbol": "NE",
        "reportedCurrency": "USD",
        "cik": "0001895262",
        "fillingDate": "2014-08-08",
        "acceptedDate": "2014-08-08 14:30:37",
        "calendarYear": "2014",
        "period": "Q2",
        "revenue": 779368000,
        "costOfRevenue": 370902000,
        "grossProfit": 408466000,
        "grossProfitRatio": 0.5240990136,
        "researchAndDevelopmentExpenses": 0,
        "generalAndAdministrativeExpenses": 27080000,
        "sellingAndMarketingExpenses": 0,
        "sellingGeneralAndAdministrativeExpenses": 27080000,
        "otherExpenses": 0,
        "operatingExpenses": 174622000,
        "costAndExpenses": 545524000,
        "interestIncome": 0,
        "interestExpense": 36351000,
        "depreciationAndAmortization": 53394000,
        "ebitda": 288599000,
        "ebitdaratio": 0.3702987549,
        "operatingIncome": 235205000,
        "operatingIncomeRatio": 0.3017893986,
        "totalOtherIncomeExpensesNet": -37712000,
        "incomeBeforeTax": 197493000,
        "incomeBeforeTaxRatio": 0.253401474,
        "incomeTaxExpense": 34265000,
        "netIncome": 136549000,
        "netIncomeRatio": 0.1752047813,
        "eps": 0.54,
        "epsdiluted": 0.54,
        "weightedAverageShsOut": 254331395,
        "weightedAverageShsOutDil": 254335000,
        "link": "https://www.sec.gov/Archives/edgar/data/1458891/000119312514302798/0001193125-14-302798-index.htm",
        "finalLink": "https://www.sec.gov/Archives/edgar/data/1169055/000119312514302798/d749265d10q.htm"
    },
    {
        "date": "2014-03-31",
        "symbol": "NE",
        "reportedCurrency": "USD",
        "cik": "0001895262",
        "fillingDate": "2014-05-12",
        "acceptedDate": "2014-05-12 11:57:35",
        "calendarYear": "2014",
        "period": "Q1",
        "revenue": 770637000,
        "costOfRevenue": 352880000,
        "grossProfit": 417757000,
        "grossProfitRatio": 0.5420930996,
        "researchAndDevelopmentExpenses": 0,
        "generalAndAdministrativeExpenses": 25637000,
        "sellingAndMarketingExpenses": 0,
        "sellingGeneralAndAdministrativeExpenses": 25637000,
        "otherExpenses": 0,
        "operatingExpenses": 170057000,
        "costAndExpenses": 522937000,
        "interestIncome": 0,
        "interestExpense": 40392000,
        "depreciationAndAmortization": 245905000,
        "ebitda": 494873000,
        "ebitdaratio": 0.6421609655,
        "operatingIncome": 248968000,
        "operatingIncomeRatio": 0.3230677998,
        "totalOtherIncomeExpensesNet": -41660000,
        "incomeBeforeTax": 207308000,
        "incomeBeforeTaxRatio": 0.2690086253,
        "incomeTaxExpense": 35578000,
        "netIncome": 150540000,
        "netIncomeRatio": 0.19534489,
        "eps": 0.59,
        "epsdiluted": 0.59,
        "weightedAverageShsOut": 254071661,
        "weightedAverageShsOutDil": 254075000,
        "link": "https://www.sec.gov/Archives/edgar/data/1458891/000119312514194106/0001193125-14-194106-index.htm",
        "finalLink": "https://www.sec.gov/Archives/edgar/data/1169055/000119312514194106/d711464d10q.htm"
    },
    {
        "date": "2013-12-31",
        "symbol": "NE",
        "reportedCurrency": "USD",
        "cik": "0001895262",
        "fillingDate": "2014-02-28",
        "acceptedDate": "2014-02-28 16:12:26",
        "calendarYear": "2013",
        "period": "Q4",
        "revenue": 704213000,
        "costOfRevenue": 332574000,
        "grossProfit": 371639000,
        "grossProfitRatio": 0.5277366365,
        "researchAndDevelopmentExpenses": 0,
        "generalAndAdministrativeExpenses": 31801000,
        "sellingAndMarketingExpenses": 0,
        "sellingGeneralAndAdministrativeExpenses": 31801000,
        "otherExpenses": 0,
        "operatingExpenses": 165760000,
        "costAndExpenses": 498334000,
        "interestIncome": 1167000,
        "interestExpense": 31185000,
        "depreciationAndAmortization": -131034000,
        "ebitda": 74845000,
        "ebitdaratio": 0.1062817642,
        "operatingIncome": 205879000,
        "operatingIncomeRatio": 0.2923533079,
        "totalOtherIncomeExpensesNet": -29232000,
        "incomeBeforeTax": 176647000,
        "incomeBeforeTaxRatio": 0.2508431398,
        "incomeTaxExpense": 17776000,
        "netIncome": 141943000,
        "netIncomeRatio": 0.2015625954,
        "eps": 0.56,
        "epsdiluted": 3548.58,
        "weightedAverageShsOut": 253634052,
        "weightedAverageShsOutDil": 253811000,
        "link": "https://www.sec.gov/Archives/edgar/data/1458891/000119312514076924/0001193125-14-076924-index.htm",
        "finalLink": "https://www.sec.gov/Archives/edgar/data/1169055/000119312514076924/d660494d10k.htm"
    },
    {
        "date": "2013-09-30",
        "symbol": "NE",
        "reportedCurrency": "USD",
        "cik": "0001895262",
        "fillingDate": "2013-11-04",
        "acceptedDate": "2013-11-04 15:53:38",
        "calendarYear": "2013",
        "period": "Q3",
        "revenue": 623194000,
        "costOfRevenue": 285513000,
        "grossProfit": 337681000,
        "grossProfitRatio": 0.5418553452,
        "researchAndDevelopmentExpenses": 0,
        "generalAndAdministrativeExpenses": 33776000,
        "sellingAndMarketingExpenses": 0,
        "sellingGeneralAndAdministrativeExpenses": 33776000,
        "otherExpenses": 0,
        "operatingExpenses": 98433000,
        "costAndExpenses": 383946000,
        "interestIncome": 1057000,
        "interestExpense": 23149000,
        "depreciationAndAmortization": 223711000,
        "ebitda": 400280000,
        "ebitdaratio": 0.6423040016,
        "operatingIncome": 176569000,
        "operatingIncomeRatio": 0.2833291078,
        "totalOtherIncomeExpensesNet": -21627000,
        "incomeBeforeTax": 217621000,
        "incomeBeforeTaxRatio": 0.349202656,
        "incomeTaxExpense": 33852000,
        "netIncome": 161874000,
        "netIncomeRatio": 0.2597489706,
        "eps": 0.64,
        "epsdiluted": 0.64,
        "weightedAverageShsOut": 253613674,
        "weightedAverageShsOutDil": 253618000,
        "link": "https://www.sec.gov/Archives/edgar/data/1458891/000119312513425147/0001193125-13-425147-index.htm",
        "finalLink": "https://www.sec.gov/Archives/edgar/data/1169055/000119312513425147/d599411d10q.htm"
    },
    {
        "date": "2013-06-30",
        "symbol": "NE",
        "reportedCurrency": "USD",
        "cik": "0001895262",
        "fillingDate": "2013-08-05",
        "acceptedDate": "2013-08-05 16:40:29",
        "calendarYear": "2013",
        "period": "Q2",
        "revenue": 194643000,
        "costOfRevenue": 69903000,
        "grossProfit": 124740000,
        "grossProfitRatio": 0.6408655847,
        "researchAndDevelopmentExpenses": 0,
        "generalAndAdministrativeExpenses": 26851000,
        "sellingAndMarketingExpenses": 0,
        "sellingGeneralAndAdministrativeExpenses": 26851000,
        "otherExpenses": 0,
        "operatingExpenses": 58696000,
        "costAndExpenses": 128599000,
        "interestIncome": 955000,
        "interestExpense": 24665000,
        "depreciationAndAmortization": 212589000,
        "ebitda": 276046000,
        "ebitdaratio": 1.4182169408,
        "operatingIncome": 63457000,
        "operatingIncomeRatio": 0.3260173754,
        "totalOtherIncomeExpensesNet": -21369000,
        "incomeBeforeTax": 42088000,
        "incomeBeforeTaxRatio": 0.2162317679,
        "incomeTaxExpense": 6137000,
        "netIncome": 17114000,
        "netIncomeRatio": 0.0879250731,
        "eps": 0.0673,
        "epsdiluted": 154.88,
        "weightedAverageShsOut": 253479500,
        "weightedAverageShsOutDil": 253479500,
        "link": "https://www.sec.gov/Archives/edgar/data/1458891/000119312513319200/0001193125-13-319200-index.htm",
        "finalLink": "https://www.sec.gov/Archives/edgar/data/1169055/000119312513319200/d542115d10q.htm"
    },
    {
        "date": "2013-03-31",
        "symbol": "NE",
        "reportedCurrency": "USD",
        "cik": "0001895262",
        "fillingDate": "2013-05-02",
        "acceptedDate": "2013-05-02 17:23:25",
        "calendarYear": "2013",
        "period": "Q1",
        "revenue": 949801000,
        "costOfRevenue": 492375000,
        "grossProfit": 457426000,
        "grossProfitRatio": 0.4816019356,
        "researchAndDevelopmentExpenses": 0,
        "generalAndAdministrativeExpenses": 25569000,
        "sellingAndMarketingExpenses": 0,
        "sellingGeneralAndAdministrativeExpenses": 25569000,
        "otherExpenses": 0,
        "operatingExpenses": 228060000,
        "costAndExpenses": 720435000,
        "interestIncome": 27301000,
        "interestExpense": 0,
        "depreciationAndAmortization": 206156000,
        "ebitda": 438109000,
        "ebitdaratio": 0.4612639911,
        "operatingIncome": 231953000,
        "operatingIncomeRatio": 0.2442122087,
        "totalOtherIncomeExpensesNet": -29888000,
        "incomeBeforeTax": 202065000,
        "incomeBeforeTaxRatio": 0.2127445644,
        "incomeTaxExpense": 34352000,
        "netIncome": 148393000,
        "netIncomeRatio": 0.1562358852,
        "eps": 0.59,
        "epsdiluted": 0.59,
        "weightedAverageShsOut": 253336292,
        "weightedAverageShsOutDil": 253341000,
        "link": "https://www.sec.gov/Archives/edgar/data/1458891/000119312513196465/0001193125-13-196465-index.htm",
        "finalLink": "https://www.sec.gov/Archives/edgar/data/1169055/000119312513196465/d510429d10q.htm"
    },
    {
        "date": "2012-12-31",
        "symbol": "NE",
        "reportedCurrency": "USD",
        "cik": "0001895262",
        "fillingDate": "2013-02-25",
        "acceptedDate": "2013-02-25 17:20:52",
        "calendarYear": "2012",
        "period": "Q4",
        "revenue": 944962000,
        "costOfRevenue": 489472000,
        "grossProfit": 455490000,
        "grossProfitRatio": 0.4820193828,
        "researchAndDevelopmentExpenses": 0,
        "generalAndAdministrativeExpenses": 24602000,
        "sellingAndMarketingExpenses": 0,
        "sellingGeneralAndAdministrativeExpenses": 24602000,
        "otherExpenses": -549779000,
        "operatingExpenses": 238752000,
        "costAndExpenses": 728224000,
        "interestIncome": 662000,
        "interestExpense": 28980000,
        "depreciationAndAmortization": 208842000,
        "ebitda": 434815000,
        "ebitdaratio": 0.4601401961,
        "operatingIncome": 225973000,
        "operatingIncomeRatio": 0.2391344837,
        "totalOtherIncomeExpensesNet": -37553000,
        "incomeBeforeTax": 188420000,
        "incomeBeforeTaxRatio": 0.1993942614,
        "incomeTaxExpense": 53981000,
        "netIncome": 126276000,
        "netIncomeRatio": 0.1336307703,
        "eps": 0.5,
        "epsdiluted": 0.5,
        "weightedAverageShsOut": 252973453,
        "weightedAverageShsOutDil": 252975000,
        "link": "https://www.sec.gov/Archives/edgar/data/1458891/000119312513074360/0001193125-13-074360-index.htm",
        "finalLink": "https://www.sec.gov/Archives/edgar/data/1169055/000119312513074360/d457981d10k.htm"
    },
    {
        "date": "2012-09-30",
        "symbol": "NE",
        "reportedCurrency": "USD",
        "cik": "0001895262",
        "fillingDate": "2012-11-06",
        "acceptedDate": "2012-11-06 16:28:15",
        "calendarYear": "2012",
        "period": "Q3",
        "revenue": 855895000,
        "costOfRevenue": 462116000,
        "grossProfit": 393779000,
        "grossProfitRatio": 0.4600786311,
        "researchAndDevelopmentExpenses": 0,
        "generalAndAdministrativeExpenses": 26858000,
        "sellingAndMarketingExpenses": 0,
        "sellingGeneralAndAdministrativeExpenses": 26858000,
        "otherExpenses": 195087000,
        "operatingExpenses": 214855000,
        "costAndExpenses": 247261000,
        "interestIncome": 1553000,
        "interestExpense": 25635000,
        "depreciationAndAmortization": 195087000,
        "ebitda": 374011000,
        "ebitdaratio": 0.4369823401,
        "operatingIncome": 178924000,
        "operatingIncomeRatio": 0.2090490072,
        "totalOtherIncomeExpensesNet": -24082000,
        "incomeBeforeTax": 154842000,
        "incomeBeforeTaxRatio": 0.1809123783,
        "incomeTaxExpense": 25162000,
        "netIncome": 113582000,
        "netIncomeRatio": 0.1327055305,
        "eps": 0.45,
        "epsdiluted": 0.45,
        "weightedAverageShsOut": 252969972,
        "weightedAverageShsOutDil": 252974000,
        "link": "https://www.sec.gov/Archives/edgar/data/1458891/000119312512454596/0001193125-12-454596-index.htm",
        "finalLink": "https://www.sec.gov/Archives/edgar/data/1169055/000119312512454596/d413088d10q.htm"
    },
    {
        "date": "2012-06-30",
        "symbol": "NE",
        "reportedCurrency": "USD",
        "cik": "0001895262",
        "fillingDate": "2012-08-06",
        "acceptedDate": "2012-08-06 16:02:16",
        "calendarYear": "2012",
        "period": "Q2",
        "revenue": 898923000,
        "costOfRevenue": 460319000,
        "grossProfit": 438604000,
        "grossProfitRatio": 0.4879216574,
        "researchAndDevelopmentExpenses": 0,
        "generalAndAdministrativeExpenses": 0,
        "sellingAndMarketingExpenses": 0,
        "sellingGeneralAndAdministrativeExpenses": 25404000,
        "otherExpenses": 183615000,
        "operatingExpenses": 209019000,
        "costAndExpenses": 669338000,
        "interestIncome": 1188000,
        "interestExpense": 20652000,
        "depreciationAndAmortization": 183615000,
        "ebitda": 410441000,
        "ebitdaratio": 0.4565919439,
        "operatingIncome": 244495000,
        "operatingIncomeRatio": 0.2719865884,
        "totalOtherIncomeExpensesNet": -19464000,
        "incomeBeforeTax": 225031000,
        "incomeBeforeTaxRatio": 0.2503340108,
        "incomeTaxExpense": 46356000,
        "netIncome": 159818000,
        "netIncomeRatio": 0.1777883089,
        "eps": 0.63,
        "epsdiluted": 0.63,
        "weightedAverageShsOut": 252387000,
        "weightedAverageShsOutDil": 252745000,
        "link": "https://www.sec.gov/Archives/edgar/data/1458891/000119312512337703/0001193125-12-337703-index.htm",
        "finalLink": "https://www.sec.gov/Archives/edgar/data/1169055/000119312512337703/d378832d10q.htm"
    },
    {
        "date": "2012-03-31",
        "symbol": "NE",
        "reportedCurrency": "USD",
        "cik": "0001895262",
        "fillingDate": "2012-05-07",
        "acceptedDate": "2012-05-07 15:49:22",
        "calendarYear": "2012",
        "period": "Q1",
        "revenue": 797690000,
        "costOfRevenue": 459844000,
        "grossProfit": 337846000,
        "grossProfitRatio": 0.4235304442,
        "researchAndDevelopmentExpenses": 0,
        "generalAndAdministrativeExpenses": 0,
        "sellingAndMarketingExpenses": 0,
        "sellingGeneralAndAdministrativeExpenses": 23126000,
        "otherExpenses": 171077000,
        "operatingExpenses": 194203000,
        "costAndExpenses": 654047000,
        "interestIncome": 1785000,
        "interestExpense": 10496000,
        "depreciationAndAmortization": 171077000,
        "ebitda": 323337000,
        "ebitdaratio": 0.4053416741,
        "operatingIncome": 143643000,
        "operatingIncomeRatio": 0.1800737128,
        "totalOtherIncomeExpensesNet": -8711000,
        "incomeBeforeTax": 134932000,
        "incomeBeforeTaxRatio": 0.1691534305,
        "incomeTaxExpense": 21589000,
        "netIncome": 120175000,
        "netIncomeRatio": 0.1506537627,
        "eps": 0.48,
        "epsdiluted": 0.48,
        "weightedAverageShsOut": 251971000,
        "weightedAverageShsOutDil": 252462000,
        "link": "https://www.sec.gov/Archives/edgar/data/1458891/000119312512214915/0001193125-12-214915-index.htm",
        "finalLink": "https://www.sec.gov/Archives/edgar/data/1169055/000119312512214915/d318089d10q.htm"
    },
    {
        "date": "2011-12-31",
        "symbol": "NE",
        "reportedCurrency": "USD",
        "cik": "0001895262",
        "fillingDate": "2012-02-27",
        "acceptedDate": "2012-02-27 14:54:07",
        "calendarYear": "2011",
        "period": "Q4",
        "revenue": 751045000,
        "costOfRevenue": 399763000,
        "grossProfit": 351282000,
        "grossProfitRatio": 0.4677243041,
        "researchAndDevelopmentExpenses": 0,
        "generalAndAdministrativeExpenses": 0,
        "sellingAndMarketingExpenses": 0,
        "sellingGeneralAndAdministrativeExpenses": 18494000,
        "otherExpenses": 171186000,
        "operatingExpenses": 189680000,
        "costAndExpenses": 589443000,
        "interestIncome": -2592000,
        "interestExpense": 10327000,
        "depreciationAndAmortization": 171186000,
        "ebitda": 338660000,
        "ebitdaratio": 0.450918387,
        "operatingIncome": 161602000,
        "operatingIncomeRatio": 0.2151695305,
        "totalOtherIncomeExpensesNet": -12018000,
        "incomeBeforeTax": 149584000,
        "incomeBeforeTaxRatio": 0.1991678262,
        "incomeTaxExpense": 30144000,
        "netIncome": 127003000,
        "netIncomeRatio": 0.1691017183,
        "eps": 0.5,
        "epsdiluted": 0.5,
        "weightedAverageShsOut": 251580000,
        "weightedAverageShsOutDil": 251580000,
        "link": "https://www.sec.gov/Archives/edgar/data/1458891/000095012312003293/0000950123-12-003293-index.htm",
        "finalLink": "https://www.sec.gov/Archives/edgar/data/1169055/000095012312003293/c25565e10vk.htm"
    },
    {
        "date": "2011-09-30",
        "symbol": "NE",
        "reportedCurrency": "USD",
        "cik": "0001895262",
        "fillingDate": "2011-11-02",
        "acceptedDate": "2011-11-02 16:55:35",
        "calendarYear": "2011",
        "period": "Q3",
        "revenue": 737902000,
        "costOfRevenue": 380571000,
        "grossProfit": 357331000,
        "grossProfitRatio": 0.4842526514,
        "researchAndDevelopmentExpenses": 0,
        "generalAndAdministrativeExpenses": 0,
        "sellingAndMarketingExpenses": 0,
        "sellingGeneralAndAdministrativeExpenses": 27536000,
        "otherExpenses": 166213000,
        "operatingExpenses": 193749000,
        "costAndExpenses": 574320000,
        "interestIncome": 0,
        "interestExpense": 11530000,
        "depreciationAndAmortization": 166213000,
        "ebitda": 330674000,
        "ebitdaratio": 0.4481272581,
        "operatingIncome": 163582000,
        "operatingIncomeRatio": 0.2216852644,
        "totalOtherIncomeExpensesNet": -10413000,
        "incomeBeforeTax": 153169000,
        "incomeBeforeTaxRatio": 0.2075736344,
        "incomeTaxExpense": 17614000,
        "netIncome": 135317000,
        "netIncomeRatio": 0.1833807199,
        "eps": 0.54,
        "epsdiluted": 0.54,
        "weightedAverageShsOut": 251580000,
        "weightedAverageShsOutDil": 252029000,
        "link": "https://www.sec.gov/Archives/edgar/data/1458891/000095012311094398/0000950123-11-094398-index.htm",
        "finalLink": "https://www.sec.gov/Archives/edgar/data/1169055/000095012311094398/c22221e10vq.htm"
    },
    {
        "date": "2011-06-30",
        "symbol": "NE",
        "reportedCurrency": "USD",
        "cik": "0001895262",
        "fillingDate": "2011-08-08",
        "acceptedDate": "2011-08-08 10:49:56",
        "calendarYear": "2011",
        "period": "Q2",
        "revenue": 627997000,
        "costOfRevenue": 364201000,
        "grossProfit": 263796000,
        "grossProfitRatio": 0.4200593315,
        "researchAndDevelopmentExpenses": 0,
        "generalAndAdministrativeExpenses": 0,
        "sellingAndMarketingExpenses": 0,
        "sellingGeneralAndAdministrativeExpenses": 21632000,
        "otherExpenses": 163119000,
        "operatingExpenses": 184751000,
        "costAndExpenses": 548952000,
        "interestIncome": 0,
        "interestExpense": 14829000,
        "depreciationAndAmortization": 163119000,
        "ebitda": 241539000,
        "ebitdaratio": 0.3846180794,
        "operatingIncome": 79045000,
        "operatingIncomeRatio": 0.1258684357,
        "totalOtherIncomeExpensesNet": -15363000,
        "incomeBeforeTax": 63682000,
        "incomeBeforeTaxRatio": 0.101404943,
        "incomeTaxExpense": 9508000,
        "netIncome": 54083000,
        "netIncomeRatio": 0.0861198382,
        "eps": 0.22,
        "epsdiluted": 0.21,
        "weightedAverageShsOut": 251368000,
        "weightedAverageShsOutDil": 252068000,
        "link": "https://www.sec.gov/Archives/edgar/data/1458891/000095012311074173/0000950123-11-074173-index.htm",
        "finalLink": "https://www.sec.gov/Archives/edgar/data/1169055/000095012311074173/c18841e10vq.htm"
    },
    {
        "date": "2011-03-31",
        "symbol": "NE",
        "reportedCurrency": "USD",
        "cik": "0001895262",
        "fillingDate": "2011-05-06",
        "acceptedDate": "2011-05-06 11:20:57",
        "calendarYear": "2011",
        "period": "Q1",
        "revenue": 578888000,
        "costOfRevenue": 331989000,
        "grossProfit": 246899000,
        "grossProfitRatio": 0.4265056453,
        "researchAndDevelopmentExpenses": 0,
        "generalAndAdministrativeExpenses": 0,
        "sellingAndMarketingExpenses": 0,
        "sellingGeneralAndAdministrativeExpenses": 23715000,
        "otherExpenses": 158122000,
        "operatingExpenses": 181837000,
        "costAndExpenses": 513826000,
        "interestIncome": 2592000,
        "interestExpense": 19041000,
        "depreciationAndAmortization": 158122000,
        "ebitda": 247017000,
        "ebitdaratio": 0.4267094844,
        "operatingIncome": 86264000,
        "operatingIncomeRatio": 0.1490167355,
        "totalOtherIncomeExpensesNet": -16449000,
        "incomeBeforeTax": 69815000,
        "incomeBeforeTaxRatio": 0.1206019126,
        "incomeTaxExpense": 15359000,
        "netIncome": 54495000,
        "netIncomeRatio": 0.0941373806,
        "eps": 0.22,
        "epsdiluted": 0.22,
        "weightedAverageShsOut": 251026000,
        "weightedAverageShsOutDil": 251801000,
        "link": "https://www.sec.gov/Archives/edgar/data/1458891/000095012311046290/0000950123-11-046290-index.htm",
        "finalLink": "https://www.sec.gov/Archives/edgar/data/1169055/000095012311046290/c15281e10vq.htm"
    },
    {
        "date": "2010-12-31",
        "symbol": "NE",
        "reportedCurrency": "USD",
        "cik": "0001895262",
        "fillingDate": "2011-02-25",
        "acceptedDate": "2011-02-25 15:10:21",
        "calendarYear": "2010",
        "period": "Q4",
        "revenue": 643785000,
        "costOfRevenue": 352371000,
        "grossProfit": 291414000,
        "grossProfitRatio": 0.4526573313,
        "researchAndDevelopmentExpenses": 0,
        "generalAndAdministrativeExpenses": 0,
        "sellingAndMarketingExpenses": 0,
        "sellingGeneralAndAdministrativeExpenses": 20736000,
        "otherExpenses": 154463000,
        "operatingExpenses": 175199000,
        "costAndExpenses": 527570000,
        "interestIncome": 2693000,
        "interestExpense": 4338000,
        "depreciationAndAmortization": 154463000,
        "ebitda": 273835000,
        "ebitdaratio": 0.4253516314,
        "operatingIncome": 116215000,
        "operatingIncomeRatio": 0.1805183408,
        "totalOtherIncomeExpensesNet": -1645000,
        "incomeBeforeTax": 114570000,
        "incomeBeforeTaxRatio": 0.1779631399,
        "incomeTaxExpense": 16276000,
        "netIncome": 98758000,
        "netIncomeRatio": 0.1534021451,
        "eps": 0.39,
        "epsdiluted": 0.39,
        "weightedAverageShsOut": 252513000,
        "weightedAverageShsOutDil": 252513000,
        "link": "https://www.sec.gov/Archives/edgar/data/1458891/000095012311018607/0000950123-11-018607-index.htm",
        "finalLink": "https://www.sec.gov/Archives/edgar/data/1169055/000095012311018607/c09458e10vk.htm"
    },
    {
        "date": "2010-09-30",
        "symbol": "NE",
        "reportedCurrency": "USD",
        "cik": "0001895262",
        "fillingDate": "2010-11-09",
        "acceptedDate": "2010-11-09 13:24:50",
        "calendarYear": "2010",
        "period": "Q3",
        "revenue": 612618000,
        "costOfRevenue": 335497000,
        "grossProfit": 277121000,
        "grossProfitRatio": 0.4523553013,
        "researchAndDevelopmentExpenses": 0,
        "generalAndAdministrativeExpenses": 0,
        "sellingAndMarketingExpenses": 0,
        "sellingGeneralAndAdministrativeExpenses": 25482000,
        "otherExpenses": 143282000,
        "operatingExpenses": 168764000,
        "costAndExpenses": 504261000,
        "interestIncome": 0,
        "interestExpense": 4144000,
        "depreciationAndAmortization": 143282000,
        "ebitda": 253733000,
        "ebitdaratio": 0.4141781665,
        "operatingIncome": 108357000,
        "operatingIncomeRatio": 0.1768753122,
        "totalOtherIncomeExpensesNet": -1583000,
        "incomeBeforeTax": 106774000,
        "incomeBeforeTaxRatio": 0.1742913202,
        "incomeTaxExpense": 20287000,
        "netIncome": 86020000,
        "netIncomeRatio": 0.1404137652,
        "eps": 0.34,
        "epsdiluted": 0.34,
        "weightedAverageShsOut": 252513000,
        "weightedAverageShsOutDil": 253184000,
        "link": "https://www.sec.gov/Archives/edgar/data/1458891/000095012310103086/0000950123-10-103086-index.htm",
        "finalLink": "https://www.sec.gov/Archives/edgar/data/1169055/000095012310103086/c06091e10vq.htm"
    },
    {
        "date": "2010-06-30",
        "symbol": "NE",
        "reportedCurrency": "USD",
        "cik": "0001895262",
        "fillingDate": "2010-08-09",
        "acceptedDate": "2010-08-09 13:01:12",
        "calendarYear": "2010",
        "period": "Q2",
        "revenue": 709922000,
        "costOfRevenue": 291340000,
        "grossProfit": 418582000,
        "grossProfitRatio": 0.5896168875,
        "researchAndDevelopmentExpenses": 0,
        "generalAndAdministrativeExpenses": 0,
        "sellingAndMarketingExpenses": 0,
        "sellingGeneralAndAdministrativeExpenses": 23808000,
        "otherExpenses": 126227000,
        "operatingExpenses": 150035000,
        "costAndExpenses": 441375000,
        "interestIncome": 1006000,
        "interestExpense": 510000,
        "depreciationAndAmortization": 126227000,
        "ebitda": 395780000,
        "ebitdaratio": 0.557497866,
        "operatingIncome": 268547000,
        "operatingIncomeRatio": 0.3782767684,
        "totalOtherIncomeExpensesNet": 496000,
        "incomeBeforeTax": 269043000,
        "incomeBeforeTaxRatio": 0.3789754367,
        "incomeTaxExpense": 51118000,
        "netIncome": 217925000,
        "netIncomeRatio": 0.3069703432,
        "eps": 0.86,
        "epsdiluted": 0.85,
        "weightedAverageShsOut": 254224000,
        "weightedAverageShsOutDil": 255024000,
        "link": "https://www.sec.gov/Archives/edgar/data/1458891/000095012310074834/0000950123-10-074834-index.htm",
        "finalLink": "https://www.sec.gov/Archives/edgar/data/1169055/000095012310074834/c03092e10vq.htm"
    },
    {
        "date": "2010-03-31",
        "symbol": "NE",
        "reportedCurrency": "USD",
        "cik": "0001895262",
        "fillingDate": "2010-05-07",
        "acceptedDate": "2010-05-07 10:54:52",
        "calendarYear": "2010",
        "period": "Q1",
        "revenue": 840851000,
        "costOfRevenue": 280062000,
        "grossProfit": 560789000,
        "grossProfitRatio": 0.6669302885,
        "researchAndDevelopmentExpenses": 0,
        "generalAndAdministrativeExpenses": 0,
        "sellingAndMarketingExpenses": 0,
        "sellingGeneralAndAdministrativeExpenses": 21971000,
        "otherExpenses": 115857000,
        "operatingExpenses": 137828000,
        "costAndExpenses": 417890000,
        "interestIncome": 3626000,
        "interestExpense": 465000,
        "depreciationAndAmortization": 115857000,
        "ebitda": 542444000,
        "ebitdaratio": 0.6451131057,
        "operatingIncome": 422961000,
        "operatingIncomeRatio": 0.5030153975,
        "totalOtherIncomeExpensesNet": 3161000,
        "incomeBeforeTax": 426122000,
        "incomeBeforeTaxRatio": 0.5067746842,
        "incomeTaxExpense": 55396000,
        "netIncome": 370726000,
        "netIncomeRatio": 0.4408938088,
        "eps": 1.45,
        "epsdiluted": 1.45,
        "weightedAverageShsOut": 255122000,
        "weightedAverageShsOutDil": 256221000,
        "link": "https://www.sec.gov/Archives/edgar/data/1458891/000095012310046065/0000950123-10-046065-index.htm",
        "finalLink": "https://www.sec.gov/Archives/edgar/data/1169055/000095012310046065/c98156e10vq.htm"
    },
    {
        "date": "2009-12-31",
        "symbol": "NE",
        "reportedCurrency": "USD",
        "cik": "0001895262",
        "fillingDate": "2010-02-26",
        "acceptedDate": "2010-02-26 12:17:00",
        "calendarYear": "2009",
        "period": "Q4",
        "revenue": 940126000,
        "costOfRevenue": 301894000,
        "grossProfit": 638232000,
        "grossProfitRatio": 0.6788792141,
        "researchAndDevelopmentExpenses": 0,
        "generalAndAdministrativeExpenses": 0,
        "sellingAndMarketingExpenses": 0,
        "sellingGeneralAndAdministrativeExpenses": 19361000,
        "otherExpenses": 112453000,
        "operatingExpenses": 131814000,
        "costAndExpenses": 433708000,
        "interestIncome": 1848000,
        "interestExpense": 424000,
        "depreciationAndAmortization": 112667000,
        "ebitda": 620933000,
        "ebitdaratio": 0.6604784891,
        "operatingIncome": 506418000,
        "operatingIncomeRatio": 0.5386703484,
        "totalOtherIncomeExpensesNet": 1424000,
        "incomeBeforeTax": 507842000,
        "incomeBeforeTaxRatio": 0.540185039,
        "incomeTaxExpense": 61427000,
        "netIncome": 446415000,
        "netIncomeRatio": 0.4748459249,
        "eps": 1.73,
        "epsdiluted": 1.73,
        "weightedAverageShsOut": 257913000,
        "weightedAverageShsOutDil": 257913000,
        "link": "https://www.sec.gov/Archives/edgar/data/1458891/000095012310017776/0000950123-10-017776-index.htm",
        "finalLink": "https://www.sec.gov/Archives/edgar/data/1169055/000095012310017776/c96580e10vk.htm"
    },
    {
        "date": "2009-09-30",
        "symbol": "NE",
        "reportedCurrency": "USD",
        "cik": "0001895262",
        "fillingDate": "2009-11-06",
        "acceptedDate": "2009-11-06 10:08:40",
        "calendarYear": "2009",
        "period": "Q3",
        "revenue": 905635000,
        "costOfRevenue": 274201000,
        "grossProfit": 631434000,
        "grossProfitRatio": 0.6972279119,
        "researchAndDevelopmentExpenses": 0,
        "generalAndAdministrativeExpenses": 0,
        "sellingAndMarketingExpenses": 0,
        "sellingGeneralAndAdministrativeExpenses": 21700000,
        "otherExpenses": 105321000,
        "operatingExpenses": 127021000,
        "costAndExpenses": 401222000,
        "interestIncome": 2605000,
        "interestExpense": 379000,
        "depreciationAndAmortization": 103245000,
        "ebitda": 610263000,
        "ebitdaratio": 0.6738509444,
        "operatingIncome": 504413000,
        "operatingIncomeRatio": 0.5569716276,
        "totalOtherIncomeExpensesNet": 2226000,
        "incomeBeforeTax": 506639000,
        "incomeBeforeTaxRatio": 0.5594295715,
        "incomeTaxExpense": 80556000,
        "netIncome": 426083000,
        "netIncomeRatio": 0.4704798291,
        "eps": 1.65,
        "epsdiluted": 1.65,
        "weightedAverageShsOut": 257913000,
        "weightedAverageShsOutDil": 258838000,
        "link": "https://www.sec.gov/Archives/edgar/data/1458891/000095012309058947/0000950123-09-058947-index.htm",
        "finalLink": "https://www.sec.gov/Archives/edgar/data/1169055/000095012309058947/c91841e10vq.htm"
    },
    {
        "date": "2009-06-30",
        "symbol": "NE",
        "reportedCurrency": "USD",
        "cik": "0001895262",
        "fillingDate": "2009-08-07",
        "acceptedDate": "2009-08-07 15:14:46",
        "calendarYear": "2009",
        "period": "Q2",
        "revenue": 898872000,
        "costOfRevenue": 275216000,
        "grossProfit": 623656000,
        "grossProfitRatio": 0.6938206997,
        "researchAndDevelopmentExpenses": 0,
        "generalAndAdministrativeExpenses": 0,
        "sellingAndMarketingExpenses": 0,
        "sellingGeneralAndAdministrativeExpenses": 21484000,
        "otherExpenses": 116360000,
        "operatingExpenses": 137844000,
        "costAndExpenses": 413060000,
        "interestIncome": 1318000,
        "interestExpense": 361000,
        "depreciationAndAmortization": 99417000,
        "ebitda": 586547000,
        "ebitdaratio": 0.6525367349,
        "operatingIncome": 485812000,
        "operatingIncomeRatio": 0.5404684983,
        "totalOtherIncomeExpensesNet": 957000,
        "incomeBeforeTax": 486769000,
        "incomeBeforeTaxRatio": 0.541533166,
        "incomeTaxExpense": 94920000,
        "netIncome": 391849000,
        "netIncomeRatio": 0.4359341486,
        "eps": 1.52,
        "epsdiluted": 1.51,
        "weightedAverageShsOut": 258487000,
        "weightedAverageShsOutDil": 259326000,
        "link": "https://www.sec.gov/Archives/edgar/data/1458891/000095012309032022/0000950123-09-032022-index.htm",
        "finalLink": "https://www.sec.gov/Archives/edgar/data/1169055/000095012309032022/c88697e10vq.htm"
    },
    {
        "date": "2009-03-31",
        "symbol": "NE",
        "reportedCurrency": "USD",
        "cik": "0001895262",
        "fillingDate": "2009-05-11",
        "acceptedDate": "2009-05-11 14:57:30",
        "calendarYear": "2009",
        "period": "Q1",
        "revenue": 896151000,
        "costOfRevenue": 259315000,
        "grossProfit": 636836000,
        "grossProfitRatio": 0.7106347033,
        "researchAndDevelopmentExpenses": 0,
        "generalAndAdministrativeExpenses": 0,
        "sellingAndMarketingExpenses": 0,
        "sellingGeneralAndAdministrativeExpenses": 17717000,
        "otherExpenses": 92984000,
        "operatingExpenses": 110701000,
        "costAndExpenses": 370016000,
        "interestIncome": 1072000,
        "interestExpense": 521000,
        "depreciationAndAmortization": 92984000,
        "ebitda": 608157000,
        "ebitdaratio": 0.6786322841,
        "operatingIncome": 514101000,
        "operatingIncomeRatio": 0.5736767576,
        "totalOtherIncomeExpensesNet": 551000,
        "incomeBeforeTax": 514652000,
        "incomeBeforeTaxRatio": 0.5742916093,
        "incomeTaxExpense": 100357000,
        "netIncome": 414295000,
        "netIncomeRatio": 0.4623049017,
        "eps": 1.6,
        "epsdiluted": 1.59,
        "weightedAverageShsOut": 259266000,
        "weightedAverageShsOutDil": 259830000,
        "link": "https://www.sec.gov/Archives/edgar/data/1458891/000136231009007057/0001362310-09-007057-index.htm",
        "finalLink": "https://www.sec.gov/Archives/edgar/data/1169055/000136231009007057/c84877e10vq.htm"
    },
    {
        "date": "2008-12-31",
        "symbol": "NE",
        "reportedCurrency": "USD",
        "cik": "0001895262",
        "fillingDate": "2008-12-31",
        "acceptedDate": "2008-12-30 19:00:00",
        "calendarYear": "2008",
        "period": "Q4",
        "revenue": 910154000,
        "costOfRevenue": 286585000,
        "grossProfit": 623569000,
        "grossProfitRatio": 0.6851247152,
        "researchAndDevelopmentExpenses": 0,
        "generalAndAdministrativeExpenses": 0,
        "sellingAndMarketingExpenses": 0,
        "sellingGeneralAndAdministrativeExpenses": 17176000,
        "otherExpenses": 92288000,
        "operatingExpenses": 109464000,
        "costAndExpenses": 396049000,
        "interestIncome": 0,
        "interestExpense": 0,
        "depreciationAndAmortization": 93252000,
        "ebitda": 606831000,
        "ebitdaratio": 0.6667344208,
        "operatingIncome": 514105000,
        "operatingIncomeRatio": 0.5648549586,
        "totalOtherIncomeExpensesNet": -526000,
        "incomeBeforeTax": 513579000,
        "incomeBeforeTaxRatio": 0.5642770344,
        "incomeTaxExpense": 95012000,
        "netIncome": 418567000,
        "netIncomeRatio": 0.4598859094,
        "eps": 1.58,
        "epsdiluted": 1.58,
        "weightedAverageShsOut": 264746000,
        "weightedAverageShsOutDil": 264746000,
        "link": "",
        "finalLink": ""
    },
    {
        "date": "2008-09-30",
        "symbol": "NE",
        "reportedCurrency": "USD",
        "cik": "0001895262",
        "fillingDate": "2008-09-30",
        "acceptedDate": "2008-09-29 20:00:00",
        "calendarYear": "2008",
        "period": "Q3",
        "revenue": 861981000,
        "costOfRevenue": 275633000,
        "grossProfit": 586348000,
        "grossProfitRatio": 0.680233091,
        "researchAndDevelopmentExpenses": 0,
        "generalAndAdministrativeExpenses": 0,
        "sellingAndMarketingExpenses": 0,
        "sellingGeneralAndAdministrativeExpenses": 16027000,
        "otherExpenses": 102671000,
        "operatingExpenses": 118698000,
        "costAndExpenses": 394331000,
        "interestIncome": 0,
        "interestExpense": 0,
        "depreciationAndAmortization": 92671000,
        "ebitda": 562024000,
        "ebitdaratio": 0.6520143715,
        "operatingIncome": 467650000,
        "operatingIncomeRatio": 0.5425293597,
        "totalOtherIncomeExpensesNet": 1703000,
        "incomeBeforeTax": 469353000,
        "incomeBeforeTaxRatio": 0.5445050413,
        "incomeTaxExpense": 86831000,
        "netIncome": 382522000,
        "netIncomeRatio": 0.4437708024,
        "eps": 1.44,
        "epsdiluted": 1.43,
        "weightedAverageShsOut": 264746000,
        "weightedAverageShsOutDil": 267041000,
        "link": "",
        "finalLink": ""
    },
    {
        "date": "2008-06-30",
        "symbol": "NE",
        "reportedCurrency": "USD",
        "cik": "0001895262",
        "fillingDate": "2008-06-30",
        "acceptedDate": "2008-06-29 20:00:00",
        "calendarYear": "2008",
        "period": "Q2",
        "revenue": 812941000,
        "costOfRevenue": 280814000,
        "grossProfit": 532127000,
        "grossProfitRatio": 0.6545702579,
        "researchAndDevelopmentExpenses": 0,
        "generalAndAdministrativeExpenses": 0,
        "sellingAndMarketingExpenses": 0,
        "sellingGeneralAndAdministrativeExpenses": 19667000,
        "otherExpenses": 52315000,
        "operatingExpenses": 71982000,
        "costAndExpenses": 352796000,
        "interestIncome": 0,
        "interestExpense": 0,
        "depreciationAndAmortization": 87836000,
        "ebitda": 548840000,
        "ebitdaratio": 0.6751289454,
        "operatingIncome": 460145000,
        "operatingIncomeRatio": 0.5660250867,
        "totalOtherIncomeExpensesNet": 859000,
        "incomeBeforeTax": 461004000,
        "incomeBeforeTaxRatio": 0.5670817439,
        "incomeTaxExpense": 85286000,
        "netIncome": 375718000,
        "netIncomeRatio": 0.4621713015,
        "eps": 1.41,
        "epsdiluted": 1.4,
        "weightedAverageShsOut": 266464000,
        "weightedAverageShsOutDil": 269194000,
        "link": "",
        "finalLink": ""
    },
    {
        "date": "2008-03-31",
        "symbol": "NE",
        "reportedCurrency": "USD",
        "cik": "0001895262",
        "fillingDate": "2008-03-31",
        "acceptedDate": "2008-03-30 20:00:00",
        "calendarYear": "2008",
        "period": "Q1",
        "revenue": 861425000,
        "costOfRevenue": 290750000,
        "grossProfit": 570675000,
        "grossProfitRatio": 0.662477871,
        "researchAndDevelopmentExpenses": 0,
        "generalAndAdministrativeExpenses": 0,
        "sellingAndMarketingExpenses": 0,
        "sellingGeneralAndAdministrativeExpenses": 21273000,
        "otherExpenses": 82899000,
        "operatingExpenses": 104172000,
        "costAndExpenses": 394922000,
        "interestIncome": 0,
        "interestExpense": 0,
        "depreciationAndAmortization": 82899000,
        "ebitda": 551421000,
        "ebitdaratio": 0.6401265345,
        "operatingIncome": 466503000,
        "operatingIncomeRatio": 0.5415480164,
        "totalOtherIncomeExpensesNet": 2019000,
        "incomeBeforeTax": 468522000,
        "incomeBeforeTaxRatio": 0.5438918072,
        "incomeTaxExpense": 84334000,
        "netIncome": 384188000,
        "netIncomeRatio": 0.4459912355,
        "eps": 1.44,
        "epsdiluted": 1.43,
        "weightedAverageShsOut": 266797222,
        "weightedAverageShsOutDil": 268662937,
        "link": "",
        "finalLink": ""
    },
    {
        "date": "2007-12-31",
        "symbol": "NE",
        "reportedCurrency": "USD",
        "cik": "0001895262",
        "fillingDate": "2007-12-31",
        "acceptedDate": "2007-12-30 19:00:00",
        "calendarYear": "2007",
        "period": "Q4",
        "revenue": 831612000,
        "costOfRevenue": 302598000,
        "grossProfit": 529014000,
        "grossProfitRatio": 0.6361307918,
        "researchAndDevelopmentExpenses": 0,
        "generalAndAdministrativeExpenses": 0,
        "sellingAndMarketingExpenses": 0,
        "sellingGeneralAndAdministrativeExpenses": 26686000,
        "otherExpenses": 77493000,
        "operatingExpenses": 104179000,
        "costAndExpenses": 406777000,
        "interestIncome": 0,
        "interestExpense": 0,
        "depreciationAndAmortization": 82607000,
        "ebitda": 508739000,
        "ebitdaratio": 0.6117504317,
        "operatingIncome": 424835000,
        "operatingIncomeRatio": 0.5108572267,
        "totalOtherIncomeExpensesNet": 1297000,
        "incomeBeforeTax": 426132000,
        "incomeBeforeTaxRatio": 0.5124168482,
        "incomeTaxExpense": 78752000,
        "netIncome": 347380000,
        "netIncomeRatio": 0.41771884,
        "eps": 1.3,
        "epsdiluted": 1.3,
        "weightedAverageShsOut": 267462185,
        "weightedAverageShsOutDil": 267462185,
        "link": "",
        "finalLink": ""
    },
    {
        "date": "2007-09-30",
        "symbol": "NE",
        "reportedCurrency": "USD",
        "cik": "0001895262",
        "fillingDate": "2007-09-30",
        "acceptedDate": "2007-09-29 20:00:00",
        "calendarYear": "2007",
        "period": "Q3",
        "revenue": 791276000,
        "costOfRevenue": 293348000,
        "grossProfit": 497928000,
        "grossProfitRatio": 0.6292722135,
        "researchAndDevelopmentExpenses": 0,
        "generalAndAdministrativeExpenses": 0,
        "sellingAndMarketingExpenses": 0,
        "sellingGeneralAndAdministrativeExpenses": 24617000,
        "otherExpenses": 79592000,
        "operatingExpenses": 104209000,
        "costAndExpenses": 397557000,
        "interestIncome": 0,
        "interestExpense": 0,
        "depreciationAndAmortization": 72592000,
        "ebitda": 464119000,
        "ebitdaratio": 0.5865450235,
        "operatingIncome": 393719000,
        "operatingIncomeRatio": 0.4975748032,
        "totalOtherIncomeExpensesNet": -2192000,
        "incomeBeforeTax": 391527000,
        "incomeBeforeTaxRatio": 0.4948045941,
        "incomeTaxExpense": 73247000,
        "netIncome": 318280000,
        "netIncomeRatio": 0.4022363878,
        "eps": 1.19,
        "epsdiluted": 1.18,
        "weightedAverageShsOut": 267462185,
        "weightedAverageShsOutDil": 269728814,
        "link": "",
        "finalLink": ""
    },
    {
        "date": "2007-06-30",
        "symbol": "NE",
        "reportedCurrency": "USD",
        "cik": "0001895262",
        "fillingDate": "2007-06-30",
        "acceptedDate": "2007-06-29 20:00:00",
        "calendarYear": "2007",
        "period": "Q2",
        "revenue": 725999000,
        "costOfRevenue": 276367000,
        "grossProfit": 449632000,
        "grossProfitRatio": 0.6193286768,
        "researchAndDevelopmentExpenses": 0,
        "generalAndAdministrativeExpenses": 0,
        "sellingAndMarketingExpenses": 0,
        "sellingGeneralAndAdministrativeExpenses": 20302000,
        "otherExpenses": 68323000,
        "operatingExpenses": 88625000,
        "costAndExpenses": 364992000,
        "interestIncome": 0,
        "interestExpense": 0,
        "depreciationAndAmortization": 73323000,
        "ebitda": 433611000,
        "ebitdaratio": 0.5972611533,
        "operatingIncome": 361007000,
        "operatingIncomeRatio": 0.4972555059,
        "totalOtherIncomeExpensesNet": -719000,
        "incomeBeforeTax": 360288000,
        "incomeBeforeTaxRatio": 0.4962651464,
        "incomeTaxExpense": 70257000,
        "netIncome": 290031000,
        "netIncomeRatio": 0.3994922858,
        "eps": 2.18,
        "epsdiluted": 2.16,
        "weightedAverageShsOut": 133041743,
        "weightedAverageShsOutDil": 134273611,
        "link": "",
        "finalLink": ""
    },
    {
        "date": "2007-03-31",
        "symbol": "NE",
        "reportedCurrency": "USD",
        "cik": "0001895262",
        "fillingDate": "2007-03-31",
        "acceptedDate": "2007-03-30 20:00:00",
        "calendarYear": "2007",
        "period": "Q1",
        "revenue": 646424000,
        "costOfRevenue": 256432000,
        "grossProfit": 389992000,
        "grossProfitRatio": 0.6033068079,
        "researchAndDevelopmentExpenses": 0,
        "generalAndAdministrativeExpenses": 0,
        "sellingAndMarketingExpenses": 0,
        "sellingGeneralAndAdministrativeExpenses": 14226000,
        "otherExpenses": 64465000,
        "operatingExpenses": 78691000,
        "costAndExpenses": 335123000,
        "interestIncome": 0,
        "interestExpense": 0,
        "depreciationAndAmortization": 64465000,
        "ebitda": 375420000,
        "ebitdaratio": 0.5807643281,
        "operatingIncome": 311301000,
        "operatingIncomeRatio": 0.4815740133,
        "totalOtherIncomeExpensesNet": -346000,
        "incomeBeforeTax": 310955000,
        "incomeBeforeTaxRatio": 0.4810387609,
        "incomeTaxExpense": 60635000,
        "netIncome": 250320000,
        "netIncomeRatio": 0.3872380976,
        "eps": 1.87,
        "epsdiluted": 1.86,
        "weightedAverageShsOut": 133860963,
        "weightedAverageShsOutDil": 134580645,
        "link": "",
        "finalLink": ""
    },
    {
        "date": "2006-12-31",
        "symbol": "NE",
        "reportedCurrency": "USD",
        "cik": "0001895262",
        "fillingDate": "2006-12-31",
        "acceptedDate": "2006-12-30 19:00:00",
        "calendarYear": "2006",
        "period": "Q4",
        "revenue": 558824000,
        "costOfRevenue": 228154000,
        "grossProfit": 330670000,
        "grossProfitRatio": 0.5917247649,
        "researchAndDevelopmentExpenses": 0,
        "generalAndAdministrativeExpenses": 0,
        "sellingAndMarketingExpenses": 0,
        "sellingGeneralAndAdministrativeExpenses": 13457000,
        "otherExpenses": 59559000,
        "operatingExpenses": 73016000,
        "costAndExpenses": 301170000,
        "interestIncome": 0,
        "interestExpense": 0,
        "depreciationAndAmortization": 65859000,
        "ebitda": 326073000,
        "ebitdaratio": 0.5834985613,
        "operatingIncome": 257654000,
        "operatingIncomeRatio": 0.4610646644,
        "totalOtherIncomeExpensesNet": 2560000,
        "incomeBeforeTax": 260214000,
        "incomeBeforeTaxRatio": 0.4656457131,
        "incomeTaxExpense": 60512000,
        "netIncome": 199702000,
        "netIncomeRatio": 0.3573611727,
        "eps": 1.47,
        "epsdiluted": 1.47,
        "weightedAverageShsOut": 135406536,
        "weightedAverageShsOutDil": 135406536,
        "link": "",
        "finalLink": ""
    },
    {
        "date": "2006-09-30",
        "symbol": "NE",
        "reportedCurrency": "USD",
        "cik": "0001895262",
        "fillingDate": "2006-09-30",
        "acceptedDate": "2006-09-29 20:00:00",
        "calendarYear": "2006",
        "period": "Q3",
        "revenue": 561986000,
        "costOfRevenue": 228350000,
        "grossProfit": 333636000,
        "grossProfitRatio": 0.593673152,
        "researchAndDevelopmentExpenses": 0,
        "generalAndAdministrativeExpenses": 0,
        "sellingAndMarketingExpenses": 0,
        "sellingGeneralAndAdministrativeExpenses": 11875000,
        "otherExpenses": 65560000,
        "operatingExpenses": 77435000,
        "costAndExpenses": 305785000,
        "interestIncome": 0,
        "interestExpense": 0,
        "depreciationAndAmortization": 65560000,
        "ebitda": 322916000,
        "ebitdaratio": 0.5745979437,
        "operatingIncome": 256201000,
        "operatingIncomeRatio": 0.455885022,
        "totalOtherIncomeExpensesNet": 1155000,
        "incomeBeforeTax": 257356000,
        "incomeBeforeTaxRatio": 0.4579402334,
        "incomeTaxExpense": 50184000,
        "netIncome": 207172000,
        "netIncomeRatio": 0.3686426352,
        "eps": 1.53,
        "epsdiluted": 1.51,
        "weightedAverageShsOut": 135406536,
        "weightedAverageShsOutDil": 137200000,
        "link": "",
        "finalLink": ""
    },
    {
        "date": "2006-06-30",
        "symbol": "NE",
        "reportedCurrency": "USD",
        "cik": "0001895262",
        "fillingDate": "2006-06-30",
        "acceptedDate": "2006-06-29 20:00:00",
        "calendarYear": "2006",
        "period": "Q2",
        "revenue": 517514000,
        "costOfRevenue": 221128000,
        "grossProfit": 296386000,
        "grossProfitRatio": 0.5727110764,
        "researchAndDevelopmentExpenses": 0,
        "generalAndAdministrativeExpenses": 0,
        "sellingAndMarketingExpenses": 0,
        "sellingGeneralAndAdministrativeExpenses": 10655000,
        "otherExpenses": 62545000,
        "operatingExpenses": 73200000,
        "costAndExpenses": 294328000,
        "interestIncome": 0,
        "interestExpense": 0,
        "depreciationAndAmortization": 62545000,
        "ebitda": 285851000,
        "ebitdaratio": 0.5523541392,
        "operatingIncome": 223186000,
        "operatingIncomeRatio": 0.4312656276,
        "totalOtherIncomeExpensesNet": 120000,
        "incomeBeforeTax": 223306000,
        "incomeBeforeTaxRatio": 0.4314975054,
        "incomeTaxExpense": 43545000,
        "netIncome": 179761000,
        "netIncomeRatio": 0.3473548542,
        "eps": 1.31,
        "epsdiluted": 1.3,
        "weightedAverageShsOut": 137222137,
        "weightedAverageShsOutDil": 138277692,
        "link": "",
        "finalLink": ""
    },
    {
        "date": "2006-03-31",
        "symbol": "NE",
        "reportedCurrency": "USD",
        "cik": "0001895262",
        "fillingDate": "2006-03-31",
        "acceptedDate": "2006-03-30 19:00:00",
        "calendarYear": "2006",
        "period": "Q1",
        "revenue": 461915000,
        "costOfRevenue": 206284000,
        "grossProfit": 255631000,
        "grossProfitRatio": 0.5534156717,
        "researchAndDevelopmentExpenses": 0,
        "generalAndAdministrativeExpenses": 0,
        "sellingAndMarketingExpenses": 0,
        "sellingGeneralAndAdministrativeExpenses": 10285000,
        "otherExpenses": 54957000,
        "operatingExpenses": 65242000,
        "costAndExpenses": 271526000,
        "interestIncome": 0,
        "interestExpense": 0,
        "depreciationAndAmortization": 59361000,
        "ebitda": 239772000,
        "ebitdaratio": 0.5190825152,
        "operatingIncome": 190389000,
        "operatingIncomeRatio": 0.4121732353,
        "totalOtherIncomeExpensesNet": -9978000,
        "incomeBeforeTax": 180411000,
        "incomeBeforeTaxRatio": 0.3905718585,
        "incomeTaxExpense": 35180000,
        "netIncome": 145231000,
        "netIncomeRatio": 0.31441066,
        "eps": 1.06,
        "epsdiluted": 1.05,
        "weightedAverageShsOut": 137010377,
        "weightedAverageShsOutDil": 138315238,
        "link": "",
        "finalLink": ""
    },
    {
        "date": "2005-12-31",
        "symbol": "NE",
        "reportedCurrency": "USD",
        "cik": "0001895262",
        "fillingDate": "2005-12-31",
        "acceptedDate": "2005-12-30 19:00:00",
        "calendarYear": "2005",
        "period": "Q4",
        "revenue": 360599000,
        "costOfRevenue": 194593000,
        "grossProfit": 166006000,
        "grossProfitRatio": 0.4603617869,
        "researchAndDevelopmentExpenses": 0,
        "generalAndAdministrativeExpenses": 0,
        "sellingAndMarketingExpenses": 0,
        "sellingGeneralAndAdministrativeExpenses": 13037000,
        "otherExpenses": 24346000,
        "operatingExpenses": 37383000,
        "costAndExpenses": 231976000,
        "interestIncome": 0,
        "interestExpense": 0,
        "depreciationAndAmortization": 64570000,
        "ebitda": 192216000,
        "ebitdaratio": 0.5330464033,
        "operatingIncome": 128623000,
        "operatingIncomeRatio": 0.3566926142,
        "totalOtherIncomeExpensesNet": -977000,
        "incomeBeforeTax": 127646000,
        "incomeBeforeTaxRatio": 0.3539832335,
        "incomeTaxExpense": 26313000,
        "netIncome": 101333000,
        "netIncomeRatio": 0.2810129812,
        "eps": 0.74,
        "epsdiluted": 0.74,
        "weightedAverageShsOut": 136648214,
        "weightedAverageShsOutDil": 136648214,
        "link": "",
        "finalLink": ""
    },
    {
        "date": "2005-09-30",
        "symbol": "NE",
        "reportedCurrency": "USD",
        "cik": "0001895262",
        "fillingDate": "2005-09-30",
        "acceptedDate": "2005-09-29 20:00:00",
        "calendarYear": "2005",
        "period": "Q3",
        "revenue": 367205000,
        "costOfRevenue": 191561000,
        "grossProfit": 175644000,
        "grossProfitRatio": 0.4783268202,
        "researchAndDevelopmentExpenses": 0,
        "generalAndAdministrativeExpenses": 0,
        "sellingAndMarketingExpenses": 0,
        "sellingGeneralAndAdministrativeExpenses": 9324000,
        "otherExpenses": 71741000,
        "operatingExpenses": 81065000,
        "costAndExpenses": 272626000,
        "interestIncome": 0,
        "interestExpense": 0,
        "depreciationAndAmortization": 61276000,
        "ebitda": 152795000,
        "ebitdaratio": 0.4161027219,
        "operatingIncome": 94579000,
        "operatingIncomeRatio": 0.2575645756,
        "totalOtherIncomeExpensesNet": -3060000,
        "incomeBeforeTax": 91519000,
        "incomeBeforeTaxRatio": 0.2492313558,
        "incomeTaxExpense": 14996000,
        "netIncome": 76523000,
        "netIncomeRatio": 0.2083931319,
        "eps": 0.56,
        "epsdiluted": 0.55,
        "weightedAverageShsOut": 136648214,
        "weightedAverageShsOutDil": 139132727,
        "link": "",
        "finalLink": ""
    },
    {
        "date": "2005-06-30",
        "symbol": "NE",
        "reportedCurrency": "USD",
        "cik": "0001895262",
        "fillingDate": "2005-06-30",
        "acceptedDate": "2005-06-29 20:00:00",
        "calendarYear": "2005",
        "period": "Q2",
        "revenue": 344008000,
        "costOfRevenue": 182662000,
        "grossProfit": 161346000,
        "grossProfitRatio": 0.4690181624,
        "researchAndDevelopmentExpenses": 0,
        "generalAndAdministrativeExpenses": 0,
        "sellingAndMarketingExpenses": 0,
        "sellingGeneralAndAdministrativeExpenses": 10099000,
        "otherExpenses": 59529000,
        "operatingExpenses": 69628000,
        "costAndExpenses": 252290000,
        "interestIncome": 0,
        "interestExpense": 0,
        "depreciationAndAmortization": 59529000,
        "ebitda": 148931000,
        "ebitdaratio": 0.4329288854,
        "operatingIncome": 91718000,
        "operatingIncomeRatio": 0.2666158927,
        "totalOtherIncomeExpensesNet": -2316000,
        "incomeBeforeTax": 89402000,
        "incomeBeforeTaxRatio": 0.2598834911,
        "incomeTaxExpense": 16092000,
        "netIncome": 73310000,
        "netIncomeRatio": 0.2131055092,
        "eps": 0.54,
        "epsdiluted": 0.53,
        "weightedAverageShsOut": 135759259,
        "weightedAverageShsOutDil": 138320755,
        "link": "",
        "finalLink": ""
    },
    {
        "date": "2005-03-31",
        "symbol": "NE",
        "reportedCurrency": "USD",
        "cik": "0001895262",
        "fillingDate": "2005-03-31",
        "acceptedDate": "2005-03-30 19:00:00",
        "calendarYear": "2005",
        "period": "Q1",
        "revenue": 310325000,
        "costOfRevenue": 188005000,
        "grossProfit": 122320000,
        "grossProfitRatio": 0.3941674051,
        "researchAndDevelopmentExpenses": 0,
        "generalAndAdministrativeExpenses": 0,
        "sellingAndMarketingExpenses": 0,
        "sellingGeneralAndAdministrativeExpenses": 7818000,
        "otherExpenses": 56377000,
        "operatingExpenses": 64195000,
        "costAndExpenses": 252200000,
        "interestIncome": 0,
        "interestExpense": 0,
        "depreciationAndAmortization": 56377000,
        "ebitda": 111902000,
        "ebitdaratio": 0.3605961492,
        "operatingIncome": 58125000,
        "operatingIncomeRatio": 0.1873036333,
        "totalOtherIncomeExpensesNet": -2600000,
        "incomeBeforeTax": 55525000,
        "incomeBeforeTaxRatio": 0.1789253202,
        "incomeTaxExpense": 9995000,
        "netIncome": 45530000,
        "netIncomeRatio": 0.1467171514,
        "eps": 0.34,
        "epsdiluted": 0.33,
        "weightedAverageShsOut": 133911765,
        "weightedAverageShsOutDil": 137969697,
        "link": "",
        "finalLink": ""
    },
    {
        "date": "2004-12-31",
        "symbol": "NE",
        "reportedCurrency": "USD",
        "cik": "0001895262",
        "fillingDate": "2004-12-31",
        "acceptedDate": "2004-12-30 19:00:00",
        "calendarYear": "2004",
        "period": "Q4",
        "revenue": 302151000,
        "costOfRevenue": 190805000,
        "grossProfit": 111346000,
        "grossProfitRatio": 0.3685111087,
        "researchAndDevelopmentExpenses": 0,
        "generalAndAdministrativeExpenses": 0,
        "sellingAndMarketingExpenses": 0,
        "sellingGeneralAndAdministrativeExpenses": 9574000,
        "otherExpenses": 44018000,
        "operatingExpenses": 53592000,
        "costAndExpenses": 244397000,
        "interestIncome": 0,
        "interestExpense": 0,
        "depreciationAndAmortization": 54790000,
        "ebitda": 107537000,
        "ebitdaratio": 0.355904829,
        "operatingIncome": 57754000,
        "operatingIncomeRatio": 0.1911428392,
        "totalOtherIncomeExpensesNet": -5007000,
        "incomeBeforeTax": 52747000,
        "incomeBeforeTaxRatio": 0.1745716546,
        "incomeTaxExpense": -127000,
        "netIncome": 52874000,
        "netIncomeRatio": 0.1749919742,
        "eps": 0.4,
        "epsdiluted": 0.4,
        "weightedAverageShsOut": 132917391,
        "weightedAverageShsOutDil": 132917391,
        "link": "",
        "finalLink": ""
    },
    {
        "date": "2004-09-30",
        "symbol": "NE",
        "reportedCurrency": "USD",
        "cik": "0001895262",
        "fillingDate": "2004-09-30",
        "acceptedDate": "2004-09-29 20:00:00",
        "calendarYear": "2004",
        "period": "Q3",
        "revenue": 265638000,
        "costOfRevenue": 171750000,
        "grossProfit": 93888000,
        "grossProfitRatio": 0.3534434079,
        "researchAndDevelopmentExpenses": 0,
        "generalAndAdministrativeExpenses": 0,
        "sellingAndMarketingExpenses": 0,
        "sellingGeneralAndAdministrativeExpenses": 7831000,
        "otherExpenses": 42042000,
        "operatingExpenses": 49873000,
        "costAndExpenses": 221623000,
        "interestIncome": 0,
        "interestExpense": 0,
        "depreciationAndAmortization": 52723000,
        "ebitda": 89555000,
        "ebitdaratio": 0.3371317357,
        "operatingIncome": 44015000,
        "operatingIncomeRatio": 0.1656954201,
        "totalOtherIncomeExpensesNet": -7183000,
        "incomeBeforeTax": 36832000,
        "incomeBeforeTaxRatio": 0.1386548611,
        "incomeTaxExpense": 6261000,
        "netIncome": 30571000,
        "netIncomeRatio": 0.1150851911,
        "eps": 0.23,
        "epsdiluted": 0.23,
        "weightedAverageShsOut": 132917391,
        "weightedAverageShsOutDil": 132917391,
        "link": "",
        "finalLink": ""
    },
    {
        "date": "2004-06-30",
        "symbol": "NE",
        "reportedCurrency": "USD",
        "cik": "0001895262",
        "fillingDate": "2004-06-30",
        "acceptedDate": "2004-06-29 20:00:00",
        "calendarYear": "2004",
        "period": "Q2",
        "revenue": 253009000,
        "costOfRevenue": 156766000,
        "grossProfit": 96243000,
        "grossProfitRatio": 0.3803935828,
        "researchAndDevelopmentExpenses": 0,
        "generalAndAdministrativeExpenses": 0,
        "sellingAndMarketingExpenses": 0,
        "sellingGeneralAndAdministrativeExpenses": 8448000,
        "otherExpenses": 41234000,
        "operatingExpenses": 49682000,
        "costAndExpenses": 206448000,
        "interestIncome": 0,
        "interestExpense": 0,
        "depreciationAndAmortization": 51183000,
        "ebitda": 91161000,
        "ebitdaratio": 0.3603073408,
        "operatingIncome": 46561000,
        "operatingIncomeRatio": 0.1840290266,
        "totalOtherIncomeExpensesNet": -6583000,
        "incomeBeforeTax": 39978000,
        "incomeBeforeTaxRatio": 0.1580101894,
        "incomeTaxExpense": 5597000,
        "netIncome": 34381000,
        "netIncomeRatio": 0.1358884467,
        "eps": 0.26,
        "epsdiluted": 0.26,
        "weightedAverageShsOut": 132234615,
        "weightedAverageShsOutDil": 132234615,
        "link": "",
        "finalLink": ""
    },
    {
        "date": "2004-03-31",
        "symbol": "NE",
        "reportedCurrency": "USD",
        "cik": "0001895262",
        "fillingDate": "2004-03-31",
        "acceptedDate": "2004-03-30 19:00:00",
        "calendarYear": "2004",
        "period": "Q1",
        "revenue": 245433000,
        "costOfRevenue": 149708000,
        "grossProfit": 95725000,
        "grossProfitRatio": 0.3900249763,
        "researchAndDevelopmentExpenses": 0,
        "generalAndAdministrativeExpenses": 0,
        "sellingAndMarketingExpenses": 0,
        "sellingGeneralAndAdministrativeExpenses": 15958000,
        "otherExpenses": 40925000,
        "operatingExpenses": 56883000,
        "costAndExpenses": 206591000,
        "interestIncome": 0,
        "interestExpense": 0,
        "depreciationAndAmortization": 50427000,
        "ebitda": 82687000,
        "ebitdaratio": 0.3369025355,
        "operatingIncome": 38842000,
        "operatingIncomeRatio": 0.1582590768,
        "totalOtherIncomeExpensesNet": -6582000,
        "incomeBeforeTax": 32260000,
        "incomeBeforeTaxRatio": 0.1314411672,
        "incomeTaxExpense": 4000000,
        "netIncome": 28260000,
        "netIncomeRatio": 0.1151434404,
        "eps": 0.21,
        "epsdiluted": 0.21,
        "weightedAverageShsOut": 134571429,
        "weightedAverageShsOutDil": 134571429,
        "link": "",
        "finalLink": ""
    },
    {
        "date": "2003-12-31",
        "symbol": "NE",
        "reportedCurrency": "USD",
        "cik": "0001895262",
        "fillingDate": "2003-12-31",
        "acceptedDate": "2003-12-30 19:00:00",
        "calendarYear": "2003",
        "period": "Q4",
        "revenue": 239806000,
        "costOfRevenue": 155496000,
        "grossProfit": 84310000,
        "grossProfitRatio": 0.3515758572,
        "researchAndDevelopmentExpenses": 0,
        "generalAndAdministrativeExpenses": 0,
        "sellingAndMarketingExpenses": 0,
        "sellingGeneralAndAdministrativeExpenses": 6716000,
        "otherExpenses": 37001000,
        "operatingExpenses": 43717000,
        "costAndExpenses": 199213000,
        "interestIncome": 0,
        "interestExpense": 0,
        "depreciationAndAmortization": 50960000,
        "ebitda": 85005000,
        "ebitdaratio": 0.3544740332,
        "operatingIncome": 40593000,
        "operatingIncomeRatio": 0.1692743301,
        "totalOtherIncomeExpensesNet": -6548000,
        "incomeBeforeTax": 34045000,
        "incomeBeforeTaxRatio": 0.1419689249,
        "incomeTaxExpense": 3745000,
        "netIncome": 30300000,
        "netIncomeRatio": 0.1263521346,
        "eps": 0.23,
        "epsdiluted": 0.23,
        "weightedAverageShsOut": 132392500,
        "weightedAverageShsOutDil": 132392500,
        "link": "",
        "finalLink": ""
    },
    {
        "date": "2003-09-30",
        "symbol": "NE",
        "reportedCurrency": "USD",
        "cik": "0001895262",
        "fillingDate": "2003-09-30",
        "acceptedDate": "2003-09-29 20:00:00",
        "calendarYear": "2003",
        "period": "Q3",
        "revenue": 254646000,
        "costOfRevenue": 143249000,
        "grossProfit": 111397000,
        "grossProfitRatio": 0.4374582754,
        "researchAndDevelopmentExpenses": 0,
        "generalAndAdministrativeExpenses": 0,
        "sellingAndMarketingExpenses": 0,
        "sellingGeneralAndAdministrativeExpenses": 6481000,
        "otherExpenses": 37759000,
        "operatingExpenses": 44240000,
        "costAndExpenses": 187489000,
        "interestIncome": 0,
        "interestExpense": 0,
        "depreciationAndAmortization": 61735000,
        "ebitda": 121237000,
        "ebitdaratio": 0.4761001547,
        "operatingIncome": 67157000,
        "operatingIncomeRatio": 0.2637268993,
        "totalOtherIncomeExpensesNet": -7655000,
        "incomeBeforeTax": 59502000,
        "incomeBeforeTaxRatio": 0.2336655592,
        "incomeTaxExpense": 6545000,
        "netIncome": 52957000,
        "netIncomeRatio": 0.2079632117,
        "eps": 0.4,
        "epsdiluted": 0.4,
        "weightedAverageShsOut": 132392500,
        "weightedAverageShsOutDil": 132392500,
        "link": "",
        "finalLink": ""
    },
    {
        "date": "2003-06-30",
        "symbol": "NE",
        "reportedCurrency": "USD",
        "cik": "0001895262",
        "fillingDate": "2003-06-30",
        "acceptedDate": "2003-06-29 20:00:00",
        "calendarYear": "2003",
        "period": "Q2",
        "revenue": 247920000,
        "costOfRevenue": 146044000,
        "grossProfit": 101876000,
        "grossProfitRatio": 0.4109228783,
        "researchAndDevelopmentExpenses": 0,
        "generalAndAdministrativeExpenses": 0,
        "sellingAndMarketingExpenses": 0,
        "sellingGeneralAndAdministrativeExpenses": 7175000,
        "otherExpenses": 36031000,
        "operatingExpenses": 43206000,
        "costAndExpenses": 189250000,
        "interestIncome": 0,
        "interestExpense": 0,
        "depreciationAndAmortization": 36031000,
        "ebitda": 85175000,
        "ebitdaratio": 0.3435584059,
        "operatingIncome": 58670000,
        "operatingIncomeRatio": 0.236648919,
        "totalOtherIncomeExpensesNet": -9526000,
        "incomeBeforeTax": 49144000,
        "incomeBeforeTaxRatio": 0.1982252339,
        "incomeTaxExpense": 5406000,
        "netIncome": 43738000,
        "netIncomeRatio": 0.1764198128,
        "eps": 0.33,
        "epsdiluted": 0.33,
        "weightedAverageShsOut": 132539394,
        "weightedAverageShsOutDil": 132539394,
        "link": "",
        "finalLink": ""
    },
    {
        "date": "2003-03-31",
        "symbol": "NE",
        "reportedCurrency": "USD",
        "cik": "0001895262",
        "fillingDate": "2003-03-31",
        "acceptedDate": "2003-03-30 19:00:00",
        "calendarYear": "2003",
        "period": "Q1",
        "revenue": 243080000,
        "costOfRevenue": 149658000,
        "grossProfit": 93422000,
        "grossProfitRatio": 0.3843261478,
        "researchAndDevelopmentExpenses": 0,
        "generalAndAdministrativeExpenses": 0,
        "sellingAndMarketingExpenses": 0,
        "sellingGeneralAndAdministrativeExpenses": 6262000,
        "otherExpenses": 33864000,
        "operatingExpenses": 40126000,
        "costAndExpenses": 189784000,
        "interestIncome": 0,
        "interestExpense": 0,
        "depreciationAndAmortization": 33864000,
        "ebitda": 78157000,
        "ebitdaratio": 0.3215278921,
        "operatingIncome": 53296000,
        "operatingIncomeRatio": 0.2192529208,
        "totalOtherIncomeExpensesNet": -9003000,
        "incomeBeforeTax": 44293000,
        "incomeBeforeTaxRatio": 0.1822157314,
        "incomeTaxExpense": 4872000,
        "netIncome": 39421000,
        "netIncomeRatio": 0.1621729472,
        "eps": 0.3,
        "epsdiluted": 0.3,
        "weightedAverageShsOut": 131403333,
        "weightedAverageShsOutDil": 131403333,
        "link": "",
        "finalLink": ""
    },
    {
        "date": "2002-12-31",
        "symbol": "NE",
        "reportedCurrency": "USD",
        "cik": "0001895262",
        "fillingDate": "2002-12-31",
        "acceptedDate": "2002-12-30 19:00:00",
        "calendarYear": "2002",
        "period": "Q4",
        "revenue": 268773000,
        "costOfRevenue": 167018000,
        "grossProfit": 101755000,
        "grossProfitRatio": 0.3785908555,
        "researchAndDevelopmentExpenses": 0,
        "generalAndAdministrativeExpenses": 0,
        "sellingAndMarketingExpenses": 0,
        "sellingGeneralAndAdministrativeExpenses": 6326000,
        "otherExpenses": 32235000,
        "operatingExpenses": 38561000,
        "costAndExpenses": 205579000,
        "interestIncome": 0,
        "interestExpense": 0,
        "depreciationAndAmortization": 40495000,
        "ebitda": 97697000,
        "ebitdaratio": 0.3634926127,
        "operatingIncome": 63194000,
        "operatingIncomeRatio": 0.2351203432,
        "totalOtherIncomeExpensesNet": -5992000,
        "incomeBeforeTax": 57202000,
        "incomeBeforeTaxRatio": 0.2128264372,
        "incomeTaxExpense": 5720000,
        "netIncome": 51482000,
        "netIncomeRatio": 0.1915445376,
        "eps": 0.39,
        "epsdiluted": 0.39,
        "weightedAverageShsOut": 132845946,
        "weightedAverageShsOutDil": 132845946,
        "link": "",
        "finalLink": ""
    },
    {
        "date": "2002-09-30",
        "symbol": "NE",
        "reportedCurrency": "USD",
        "cik": "0001895262",
        "fillingDate": "2002-09-30",
        "acceptedDate": "2002-09-29 20:00:00",
        "calendarYear": "2002",
        "period": "Q3",
        "revenue": 234719000,
        "costOfRevenue": 135174000,
        "grossProfit": 99545000,
        "grossProfitRatio": 0.4241028634,
        "researchAndDevelopmentExpenses": 0,
        "generalAndAdministrativeExpenses": 0,
        "sellingAndMarketingExpenses": 0,
        "sellingGeneralAndAdministrativeExpenses": 5230000,
        "otherExpenses": 31387000,
        "operatingExpenses": 36617000,
        "costAndExpenses": 171791000,
        "interestIncome": 0,
        "interestExpense": 0,
        "depreciationAndAmortization": 52442000,
        "ebitda": 107300000,
        "ebitdaratio": 0.4571423702,
        "operatingIncome": 62928000,
        "operatingIncomeRatio": 0.2680993017,
        "totalOtherIncomeExpensesNet": -8070000,
        "incomeBeforeTax": 54858000,
        "incomeBeforeTaxRatio": 0.2337177646,
        "incomeTaxExpense": 5705000,
        "netIncome": 49153000,
        "netIncomeRatio": 0.2094121055,
        "eps": 0.37,
        "epsdiluted": 0.37,
        "weightedAverageShsOut": 132845946,
        "weightedAverageShsOutDil": 132845946,
        "link": "",
        "finalLink": ""
    },
    {
        "date": "2002-06-30",
        "symbol": "NE",
        "reportedCurrency": "USD",
        "cik": "0001895262",
        "fillingDate": "2002-06-30",
        "acceptedDate": "2002-06-29 20:00:00",
        "calendarYear": "2002",
        "period": "Q2",
        "revenue": 247391000,
        "costOfRevenue": 131707000,
        "grossProfit": 115684000,
        "grossProfitRatio": 0.467616041,
        "researchAndDevelopmentExpenses": 0,
        "generalAndAdministrativeExpenses": 0,
        "sellingAndMarketingExpenses": 0,
        "sellingGeneralAndAdministrativeExpenses": 6171000,
        "otherExpenses": 31239000,
        "operatingExpenses": 37410000,
        "costAndExpenses": 169117000,
        "interestIncome": 0,
        "interestExpense": 0,
        "depreciationAndAmortization": 31239000,
        "ebitda": 100861000,
        "ebitdaratio": 0.4076987441,
        "operatingIncome": 78274000,
        "operatingIncomeRatio": 0.3163979288,
        "totalOtherIncomeExpensesNet": -8652000,
        "incomeBeforeTax": 69622000,
        "incomeBeforeTaxRatio": 0.2814249508,
        "incomeTaxExpense": 12184000,
        "netIncome": 57438000,
        "netIncomeRatio": 0.2321749781,
        "eps": 0.43,
        "epsdiluted": 0.43,
        "weightedAverageShsOut": 133576744,
        "weightedAverageShsOutDil": 133576744,
        "link": "",
        "finalLink": ""
    },
    {
        "date": "2002-03-31",
        "symbol": "NE",
        "reportedCurrency": "USD",
        "cik": "0001895262",
        "fillingDate": "2002-03-31",
        "acceptedDate": "2002-03-30 19:00:00",
        "calendarYear": "2002",
        "period": "Q1",
        "revenue": 235473000,
        "costOfRevenue": 125363000,
        "grossProfit": 110110000,
        "grossProfitRatio": 0.467611998,
        "researchAndDevelopmentExpenses": 0,
        "generalAndAdministrativeExpenses": 0,
        "sellingAndMarketingExpenses": 0,
        "sellingGeneralAndAdministrativeExpenses": 9212000,
        "otherExpenses": 30293000,
        "operatingExpenses": 39505000,
        "costAndExpenses": 164868000,
        "interestIncome": 0,
        "interestExpense": 0,
        "depreciationAndAmortization": 30293000,
        "ebitda": 91936000,
        "ebitdaratio": 0.3904311747,
        "operatingIncome": 70605000,
        "operatingIncomeRatio": 0.2998432941,
        "totalOtherIncomeExpensesNet": -8962000,
        "incomeBeforeTax": 61643000,
        "incomeBeforeTaxRatio": 0.2617837289,
        "incomeTaxExpense": 10213000,
        "netIncome": 51430000,
        "netIncomeRatio": 0.2184114527,
        "eps": 0.39,
        "epsdiluted": 0.39,
        "weightedAverageShsOut": 131871795,
        "weightedAverageShsOutDil": 131871795,
        "link": "",
        "finalLink": ""
    },
    {
        "date": "2001-12-31",
        "symbol": "NE",
        "reportedCurrency": "USD",
        "cik": "0001895262",
        "fillingDate": "2001-12-31",
        "acceptedDate": "2001-12-30 19:00:00",
        "calendarYear": "2001",
        "period": "Q4",
        "revenue": 260500000,
        "costOfRevenue": 130184000,
        "grossProfit": 130316000,
        "grossProfitRatio": 0.5002533589,
        "researchAndDevelopmentExpenses": 0,
        "generalAndAdministrativeExpenses": 0,
        "sellingAndMarketingExpenses": 0,
        "sellingGeneralAndAdministrativeExpenses": 6328000,
        "otherExpenses": 31206000,
        "operatingExpenses": 37534000,
        "costAndExpenses": 167718000,
        "interestIncome": 0,
        "interestExpense": 0,
        "depreciationAndAmortization": 37573000,
        "ebitda": 121939000,
        "ebitdaratio": 0.4680959693,
        "operatingIncome": 92782000,
        "operatingIncomeRatio": 0.356168906,
        "totalOtherIncomeExpensesNet": -8416000,
        "incomeBeforeTax": 84366000,
        "incomeBeforeTaxRatio": 0.3238618042,
        "incomeTaxExpense": 20880000,
        "netIncome": 63486000,
        "netIncomeRatio": 0.2437082534,
        "eps": 0.4,
        "epsdiluted": 0.24,
        "weightedAverageShsOut": 158435898,
        "weightedAverageShsOutDil": 264106000,
        "link": "",
        "finalLink": ""
    },
    {
        "date": "2001-09-30",
        "symbol": "NE",
        "reportedCurrency": "USD",
        "cik": "0001895262",
        "fillingDate": "2001-09-30",
        "acceptedDate": "2001-09-29 20:00:00",
        "calendarYear": "2001",
        "period": "Q3",
        "revenue": 272792000,
        "costOfRevenue": 126067000,
        "grossProfit": 146725000,
        "grossProfitRatio": 0.5378640136,
        "researchAndDevelopmentExpenses": 0,
        "generalAndAdministrativeExpenses": 0,
        "sellingAndMarketingExpenses": 0,
        "sellingGeneralAndAdministrativeExpenses": 5114000,
        "otherExpenses": 30314000,
        "operatingExpenses": 35428000,
        "costAndExpenses": 161495000,
        "interestIncome": 0,
        "interestExpense": 0,
        "depreciationAndAmortization": 46874000,
        "ebitda": 149142000,
        "ebitdaratio": 0.5467242441,
        "operatingIncome": 111297000,
        "operatingIncomeRatio": 0.4079921699,
        "totalOtherIncomeExpensesNet": -8041000,
        "incomeBeforeTax": 103256000,
        "incomeBeforeTaxRatio": 0.378515499,
        "incomeTaxExpense": 25298000,
        "netIncome": 76970000,
        "netIncomeRatio": 0.2821563682,
        "eps": 0.49,
        "epsdiluted": 0.29,
        "weightedAverageShsOut": 158435898,
        "weightedAverageShsOutDil": 265618000,
        "link": "",
        "finalLink": ""
    },
    {
        "date": "2001-06-30",
        "symbol": "NE",
        "reportedCurrency": "USD",
        "cik": "0001895262",
        "fillingDate": "2001-06-30",
        "acceptedDate": "2001-06-29 20:00:00",
        "calendarYear": "2001",
        "period": "Q2",
        "revenue": 246646000,
        "costOfRevenue": 113802000,
        "grossProfit": 132844000,
        "grossProfitRatio": 0.5386018829,
        "researchAndDevelopmentExpenses": 0,
        "generalAndAdministrativeExpenses": 0,
        "sellingAndMarketingExpenses": 0,
        "sellingGeneralAndAdministrativeExpenses": 6330000,
        "otherExpenses": 29116000,
        "operatingExpenses": 35446000,
        "costAndExpenses": 149248000,
        "interestIncome": 0,
        "interestExpense": 0,
        "depreciationAndAmortization": 29116000,
        "ebitda": 118381000,
        "ebitdaratio": 0.4799631861,
        "operatingIncome": 97398000,
        "operatingIncomeRatio": 0.3948898421,
        "totalOtherIncomeExpensesNet": -8133000,
        "incomeBeforeTax": 89265000,
        "incomeBeforeTaxRatio": 0.3619154578,
        "incomeTaxExpense": 21262000,
        "netIncome": 68003000,
        "netIncomeRatio": 0.2757109379,
        "eps": 0.43,
        "epsdiluted": 0.25,
        "weightedAverageShsOut": 158435898,
        "weightedAverageShsOutDil": 270914000,
        "link": "",
        "finalLink": ""
    },
    {
        "date": "2001-03-31",
        "symbol": "NE",
        "reportedCurrency": "USD",
        "cik": "0001895262",
        "fillingDate": "2001-03-31",
        "acceptedDate": "2001-03-30 19:00:00",
        "calendarYear": "2001",
        "period": "Q1",
        "revenue": 222391000,
        "costOfRevenue": 105117000,
        "grossProfit": 117274000,
        "grossProfitRatio": 0.527332491,
        "researchAndDevelopmentExpenses": 0,
        "generalAndAdministrativeExpenses": 0,
        "sellingAndMarketingExpenses": 0,
        "sellingGeneralAndAdministrativeExpenses": 6525000,
        "otherExpenses": 27939000,
        "operatingExpenses": 34464000,
        "costAndExpenses": 139581000,
        "interestIncome": 0,
        "interestExpense": 0,
        "depreciationAndAmortization": 27939000,
        "ebitda": 101044000,
        "ebitdaratio": 0.454352919,
        "operatingIncome": 82810000,
        "operatingIncomeRatio": 0.3723621909,
        "totalOtherIncomeExpensesNet": -9705000,
        "incomeBeforeTax": 73105000,
        "incomeBeforeTaxRatio": 0.328722835,
        "incomeTaxExpense": 18642000,
        "netIncome": 54463000,
        "netIncomeRatio": 0.2448975003,
        "eps": 0.34,
        "epsdiluted": 0.2,
        "weightedAverageShsOut": 158435898,
        "weightedAverageShsOutDil": 271094000,
        "link": "",
        "finalLink": ""
    },
    {
        "date": "2000-12-31",
        "symbol": "NE",
        "reportedCurrency": "USD",
        "cik": "0001895262",
        "fillingDate": "2000-12-31",
        "acceptedDate": "2000-12-30 19:00:00",
        "calendarYear": "2000",
        "period": "Q4",
        "revenue": 241179000,
        "costOfRevenue": 125410000,
        "grossProfit": 115769000,
        "grossProfitRatio": 0.4800127706,
        "researchAndDevelopmentExpenses": 0,
        "generalAndAdministrativeExpenses": 0,
        "sellingAndMarketingExpenses": 0,
        "sellingGeneralAndAdministrativeExpenses": 6356000,
        "otherExpenses": 28308000,
        "operatingExpenses": 34664000,
        "costAndExpenses": 160074000,
        "interestIncome": 0,
        "interestExpense": 0,
        "depreciationAndAmortization": 28308000,
        "ebitda": 98385000,
        "ebitdaratio": 0.4079335266,
        "operatingIncome": 81105000,
        "operatingIncomeRatio": 0.3362854975,
        "totalOtherIncomeExpensesNet": -11028000,
        "incomeBeforeTax": 70077000,
        "incomeBeforeTaxRatio": 0.2905601234,
        "incomeTaxExpense": 18220000,
        "netIncome": 51857000,
        "netIncomeRatio": 0.2150145742,
        "eps": 0.33,
        "epsdiluted": 0.19,
        "weightedAverageShsOut": 158435898,
        "weightedAverageShsOutDil": 267556000,
        "link": "",
        "finalLink": ""
    },
    {
        "date": "2000-09-30",
        "symbol": "NE",
        "reportedCurrency": "USD",
        "cik": "0001895262",
        "fillingDate": "2000-09-30",
        "acceptedDate": "2000-09-29 20:00:00",
        "calendarYear": "2000",
        "period": "Q3",
        "revenue": 225878000,
        "costOfRevenue": 120876000,
        "grossProfit": 105002000,
        "grossProfitRatio": 0.4648615624,
        "researchAndDevelopmentExpenses": 0,
        "generalAndAdministrativeExpenses": 0,
        "sellingAndMarketingExpenses": 0,
        "sellingGeneralAndAdministrativeExpenses": 5456000,
        "otherExpenses": 28250000,
        "operatingExpenses": 33706000,
        "costAndExpenses": 154582000,
        "interestIncome": 0,
        "interestExpense": 0,
        "depreciationAndAmortization": 28250000,
        "ebitda": 88808000,
        "ebitdaratio": 0.3931679933,
        "operatingIncome": 71296000,
        "operatingIncomeRatio": 0.315639416,
        "totalOtherIncomeExpensesNet": -10738000,
        "incomeBeforeTax": 60558000,
        "incomeBeforeTaxRatio": 0.268100479,
        "incomeTaxExpense": 15745000,
        "netIncome": 44813000,
        "netIncomeRatio": 0.1983947086,
        "eps": 0.28,
        "epsdiluted": 0.16,
        "weightedAverageShsOut": 158435898,
        "weightedAverageShsOutDil": 271838000,
        "link": "",
        "finalLink": ""
    },
    {
        "date": "2000-06-30",
        "symbol": "NE",
        "reportedCurrency": "USD",
        "cik": "0001895262",
        "fillingDate": "2000-06-30",
        "acceptedDate": "2000-06-29 20:00:00",
        "calendarYear": "2000",
        "period": "Q2",
        "revenue": 230724000,
        "costOfRevenue": 127864000,
        "grossProfit": 102860000,
        "grossProfitRatio": 0.4458140462,
        "researchAndDevelopmentExpenses": 0,
        "generalAndAdministrativeExpenses": 0,
        "sellingAndMarketingExpenses": 0,
        "sellingGeneralAndAdministrativeExpenses": 5594000,
        "otherExpenses": 27865000,
        "operatingExpenses": 33459000,
        "costAndExpenses": 161323000,
        "interestIncome": 0,
        "interestExpense": 0,
        "depreciationAndAmortization": 27865000,
        "ebitda": 88116000,
        "ebitdaratio": 0.3819108545,
        "operatingIncome": 69401000,
        "operatingIncomeRatio": 0.3007966228,
        "totalOtherIncomeExpensesNet": -9150000,
        "incomeBeforeTax": 60251000,
        "incomeBeforeTaxRatio": 0.2611388499,
        "incomeTaxExpense": 16870000,
        "netIncome": 43381000,
        "netIncomeRatio": 0.1880211855,
        "eps": 0.27,
        "epsdiluted": 0.16,
        "weightedAverageShsOut": 158435898,
        "weightedAverageShsOutDil": 271232000,
        "link": "",
        "finalLink": ""
    },
    {
        "date": "2000-03-31",
        "symbol": "NE",
        "reportedCurrency": "USD",
        "cik": "0001895262",
        "fillingDate": "2000-03-31",
        "acceptedDate": "2000-03-30 19:00:00",
        "calendarYear": "2000",
        "period": "Q1",
        "revenue": 184819000,
        "costOfRevenue": 105330000,
        "grossProfit": 79489000,
        "grossProfitRatio": 0.4300910621,
        "researchAndDevelopmentExpenses": 0,
        "generalAndAdministrativeExpenses": 0,
        "sellingAndMarketingExpenses": 0,
        "sellingGeneralAndAdministrativeExpenses": 6377000,
        "otherExpenses": 26364000,
        "operatingExpenses": 32741000,
        "costAndExpenses": 138071000,
        "interestIncome": 0,
        "interestExpense": 0,
        "depreciationAndAmortization": 26364000,
        "ebitda": 61785000,
        "ebitdaratio": 0.3343000449,
        "operatingIncome": 46748000,
        "operatingIncomeRatio": 0.2529393623,
        "totalOtherIncomeExpensesNet": -11327000,
        "incomeBeforeTax": 35421000,
        "incomeBeforeTaxRatio": 0.1916523734,
        "incomeTaxExpense": 9918000,
        "netIncome": 25503000,
        "netIncomeRatio": 0.1379890596,
        "eps": 0.16,
        "epsdiluted": 0.0947,
        "weightedAverageShsOut": 158435898,
        "weightedAverageShsOutDil": 269244000,
        "link": "",
        "finalLink": ""
    },
    {
        "date": "1999-12-31",
        "symbol": "NE",
        "reportedCurrency": "USD",
        "cik": "0001895262",
        "fillingDate": "1999-12-31",
        "acceptedDate": "1999-12-30 19:00:00",
        "calendarYear": "1999",
        "period": "Q4",
        "revenue": 173500000,
        "costOfRevenue": 99000000,
        "grossProfit": 74500000,
        "grossProfitRatio": 0.4293948127,
        "researchAndDevelopmentExpenses": 0,
        "generalAndAdministrativeExpenses": 0,
        "sellingAndMarketingExpenses": 0,
        "sellingGeneralAndAdministrativeExpenses": 12500000,
        "otherExpenses": 25000000,
        "operatingExpenses": 37500000,
        "costAndExpenses": 136500000,
        "interestIncome": 0,
        "interestExpense": 0,
        "depreciationAndAmortization": 25000000,
        "ebitda": 43000000,
        "ebitdaratio": 0.2478386167,
        "operatingIncome": 37000000,
        "operatingIncomeRatio": 0.2132564841,
        "totalOtherIncomeExpensesNet": -19000000,
        "incomeBeforeTax": 18000000,
        "incomeBeforeTaxRatio": 0.1037463977,
        "incomeTaxExpense": 1500000,
        "netIncome": 16500000,
        "netIncomeRatio": 0.0951008646,
        "eps": 0.1,
        "epsdiluted": 0.0622,
        "weightedAverageShsOut": 158435898,
        "weightedAverageShsOutDil": 265263158,
        "link": "",
        "finalLink": ""
    },
    {
        "date": "1999-09-30",
        "symbol": "NE",
        "reportedCurrency": "USD",
        "cik": "0001895262",
        "fillingDate": "1999-09-30",
        "acceptedDate": "1999-09-29 20:00:00",
        "calendarYear": "1999",
        "period": "Q3",
        "revenue": 176800000,
        "costOfRevenue": 104000000,
        "grossProfit": 72800000,
        "grossProfitRatio": 0.4117647059,
        "researchAndDevelopmentExpenses": 0,
        "generalAndAdministrativeExpenses": 0,
        "sellingAndMarketingExpenses": 0,
        "sellingGeneralAndAdministrativeExpenses": 7600000,
        "otherExpenses": 24100000,
        "operatingExpenses": 31700000,
        "costAndExpenses": 135700000,
        "interestIncome": 0,
        "interestExpense": 0,
        "depreciationAndAmortization": 24100000,
        "ebitda": 58100000,
        "ebitdaratio": 0.3286199095,
        "operatingIncome": 41100000,
        "operatingIncomeRatio": 0.2324660633,
        "totalOtherIncomeExpensesNet": -7100000,
        "incomeBeforeTax": 34000000,
        "incomeBeforeTaxRatio": 0.1923076923,
        "incomeTaxExpense": 8800000,
        "netIncome": 25200000,
        "netIncomeRatio": 0.1425339367,
        "eps": 0.16,
        "epsdiluted": 0.095,
        "weightedAverageShsOut": 158435898,
        "weightedAverageShsOutDil": 265263158,
        "link": "",
        "finalLink": ""
    },
    {
        "date": "1999-06-30",
        "symbol": "NE",
        "reportedCurrency": "USD",
        "cik": "0001895262",
        "fillingDate": "1999-06-30",
        "acceptedDate": "1999-06-29 20:00:00",
        "calendarYear": "1999",
        "period": "Q2",
        "revenue": 175500000,
        "costOfRevenue": 106700000,
        "grossProfit": 68800000,
        "grossProfitRatio": 0.392022792,
        "researchAndDevelopmentExpenses": 0,
        "generalAndAdministrativeExpenses": 0,
        "sellingAndMarketingExpenses": 0,
        "sellingGeneralAndAdministrativeExpenses": 6200000,
        "otherExpenses": 20800000,
        "operatingExpenses": 27000000,
        "costAndExpenses": 133700000,
        "interestIncome": 0,
        "interestExpense": 0,
        "depreciationAndAmortization": 20800000,
        "ebitda": 57700000,
        "ebitdaratio": 0.3287749288,
        "operatingIncome": 41800000,
        "operatingIncomeRatio": 0.2381766382,
        "totalOtherIncomeExpensesNet": -4900000,
        "incomeBeforeTax": 36900000,
        "incomeBeforeTaxRatio": 0.2102564103,
        "incomeTaxExpense": 9600000,
        "netIncome": 27300000,
        "netIncomeRatio": 0.1555555556,
        "eps": 0.17,
        "epsdiluted": 0.11,
        "weightedAverageShsOut": 158435898,
        "weightedAverageShsOutDil": 260000000,
        "link": "",
        "finalLink": ""
    },
    {
        "date": "1999-03-31",
        "symbol": "NE",
        "reportedCurrency": "USD",
        "cik": "0001895262",
        "fillingDate": "1999-03-31",
        "acceptedDate": "1999-03-30 19:00:00",
        "calendarYear": "1999",
        "period": "Q1",
        "revenue": 180100000,
        "costOfRevenue": 113400000,
        "grossProfit": 66700000,
        "grossProfitRatio": 0.3703498057,
        "researchAndDevelopmentExpenses": 0,
        "generalAndAdministrativeExpenses": 0,
        "sellingAndMarketingExpenses": 0,
        "sellingGeneralAndAdministrativeExpenses": 9400000,
        "otherExpenses": 19100000,
        "operatingExpenses": 28500000,
        "costAndExpenses": 141900000,
        "interestIncome": 0,
        "interestExpense": 0,
        "depreciationAndAmortization": 19100000,
        "ebitda": 44800000,
        "ebitdaratio": 0.2487506941,
        "operatingIncome": 38200000,
        "operatingIncomeRatio": 0.2121043865,
        "totalOtherIncomeExpensesNet": -1700000,
        "incomeBeforeTax": 36500000,
        "incomeBeforeTaxRatio": 0.202665186,
        "incomeTaxExpense": 10200000,
        "netIncome": 15500000,
        "netIncomeRatio": 0.0860632982,
        "eps": 0.0978,
        "epsdiluted": 0.06,
        "weightedAverageShsOut": 158435898,
        "weightedAverageShsOutDil": 258333333,
        "link": "",
        "finalLink": ""
    },
    {
        "date": "1998-12-31",
        "symbol": "NE",
        "reportedCurrency": "USD",
        "cik": "0001895262",
        "fillingDate": "1998-12-31",
        "acceptedDate": "1998-12-30 19:00:00",
        "calendarYear": "1998",
        "period": "Q4",
        "revenue": 187900000,
        "costOfRevenue": 148900000,
        "grossProfit": 39000000,
        "grossProfitRatio": 0.2075572113,
        "researchAndDevelopmentExpenses": 0,
        "generalAndAdministrativeExpenses": 0,
        "sellingAndMarketingExpenses": 0,
        "sellingGeneralAndAdministrativeExpenses": -23600000,
        "otherExpenses": 17900000,
        "operatingExpenses": -5700000,
        "costAndExpenses": 143200000,
        "interestIncome": 0,
        "interestExpense": 0,
        "depreciationAndAmortization": 17900000,
        "ebitda": 62400000,
        "ebitdaratio": 0.3320915381,
        "operatingIncome": 44700000,
        "operatingIncomeRatio": 0.237892496,
        "totalOtherIncomeExpensesNet": -200000,
        "incomeBeforeTax": 44500000,
        "incomeBeforeTaxRatio": 0.2368281001,
        "incomeTaxExpense": 11700000,
        "netIncome": 32800000,
        "netIncomeRatio": 0.1745609367,
        "eps": 0.21,
        "epsdiluted": 0.13,
        "weightedAverageShsOut": 158435898,
        "weightedAverageShsOutDil": 260800000,
        "link": "",
        "finalLink": ""
    },
    {
        "date": "1998-09-30",
        "symbol": "NE",
        "reportedCurrency": "USD",
        "cik": "0001895262",
        "fillingDate": "1998-09-30",
        "acceptedDate": "1998-09-29 20:00:00",
        "calendarYear": "1998",
        "period": "Q3",
        "revenue": 195000000,
        "costOfRevenue": 113800000,
        "grossProfit": 81200000,
        "grossProfitRatio": 0.4164102564,
        "researchAndDevelopmentExpenses": 0,
        "generalAndAdministrativeExpenses": 0,
        "sellingAndMarketingExpenses": 0,
        "sellingGeneralAndAdministrativeExpenses": 17700000,
        "otherExpenses": 15100000,
        "operatingExpenses": 32800000,
        "costAndExpenses": 146600000,
        "interestIncome": 0,
        "interestExpense": 0,
        "depreciationAndAmortization": 15100000,
        "ebitda": 62300000,
        "ebitdaratio": 0.3194871795,
        "operatingIncome": 48400000,
        "operatingIncomeRatio": 0.2482051282,
        "totalOtherIncomeExpensesNet": -1200000,
        "incomeBeforeTax": 47200000,
        "incomeBeforeTaxRatio": 0.2420512821,
        "incomeTaxExpense": 14600000,
        "netIncome": 32600000,
        "netIncomeRatio": 0.1671794872,
        "eps": 0.21,
        "epsdiluted": 0.13,
        "weightedAverageShsOut": 158435898,
        "weightedAverageShsOutDil": 260800000,
        "link": "",
        "finalLink": ""
    },
    {
        "date": "1998-06-30",
        "symbol": "NE",
        "reportedCurrency": "USD",
        "cik": "0001895262",
        "fillingDate": "1998-06-30",
        "acceptedDate": "1998-06-29 20:00:00",
        "calendarYear": "1998",
        "period": "Q2",
        "revenue": 216200000,
        "costOfRevenue": 107800000,
        "grossProfit": 108400000,
        "grossProfitRatio": 0.5013876041,
        "researchAndDevelopmentExpenses": 0,
        "generalAndAdministrativeExpenses": 0,
        "sellingAndMarketingExpenses": 0,
        "sellingGeneralAndAdministrativeExpenses": 18100000,
        "otherExpenses": 20000000,
        "operatingExpenses": 38100000,
        "costAndExpenses": 145900000,
        "interestIncome": 0,
        "interestExpense": 0,
        "depreciationAndAmortization": 20000000,
        "ebitda": 92900000,
        "ebitdaratio": 0.4296947271,
        "operatingIncome": 70300000,
        "operatingIncomeRatio": 0.3251618871,
        "totalOtherIncomeExpensesNet": 2600000,
        "incomeBeforeTax": 72900000,
        "incomeBeforeTaxRatio": 0.3371877891,
        "incomeTaxExpense": 22500000,
        "netIncome": 50400000,
        "netIncomeRatio": 0.2331174838,
        "eps": 0.32,
        "epsdiluted": 0.19,
        "weightedAverageShsOut": 158435898,
        "weightedAverageShsOutDil": 265263158,
        "link": "",
        "finalLink": ""
    },
    {
        "date": "1998-03-31",
        "symbol": "NE",
        "reportedCurrency": "USD",
        "cik": "0001895262",
        "fillingDate": "1998-03-31",
        "acceptedDate": "1998-03-30 19:00:00",
        "calendarYear": "1998",
        "period": "Q1",
        "revenue": 189000000,
        "costOfRevenue": 85900000,
        "grossProfit": 103100000,
        "grossProfitRatio": 0.5455026455,
        "researchAndDevelopmentExpenses": 0,
        "generalAndAdministrativeExpenses": 0,
        "sellingAndMarketingExpenses": 0,
        "sellingGeneralAndAdministrativeExpenses": 18100000,
        "otherExpenses": 18700000,
        "operatingExpenses": 36800000,
        "costAndExpenses": 122700000,
        "interestIncome": 0,
        "interestExpense": 0,
        "depreciationAndAmortization": 18700000,
        "ebitda": 85000000,
        "ebitdaratio": 0.4497354497,
        "operatingIncome": 66300000,
        "operatingIncomeRatio": 0.3507936508,
        "totalOtherIncomeExpensesNet": 0,
        "incomeBeforeTax": 66300000,
        "incomeBeforeTaxRatio": 0.3507936508,
        "incomeTaxExpense": 20100000,
        "netIncome": 46200000,
        "netIncomeRatio": 0.2444444444,
        "eps": 0.29,
        "epsdiluted": 0.18,
        "weightedAverageShsOut": 158435898,
        "weightedAverageShsOutDil": 264000000,
        "link": "",
        "finalLink": ""
    },
    {
        "date": "1997-12-31",
        "symbol": "NE",
        "reportedCurrency": "USD",
        "cik": "0001895262",
        "fillingDate": "1997-12-31",
        "acceptedDate": "1997-12-30 19:00:00",
        "calendarYear": "1997",
        "period": "Q4",
        "revenue": 187900000,
        "costOfRevenue": 91200000,
        "grossProfit": 96700000,
        "grossProfitRatio": 0.5146354444,
        "researchAndDevelopmentExpenses": 0,
        "generalAndAdministrativeExpenses": 0,
        "sellingAndMarketingExpenses": 0,
        "sellingGeneralAndAdministrativeExpenses": 15300000,
        "otherExpenses": 22300000,
        "operatingExpenses": 37600000,
        "costAndExpenses": 128800000,
        "interestIncome": 0,
        "interestExpense": 0,
        "depreciationAndAmortization": 22300000,
        "ebitda": 82800000,
        "ebitdaratio": 0.4406599255,
        "operatingIncome": 59100000,
        "operatingIncomeRatio": 0.3145290048,
        "totalOtherIncomeExpensesNet": 1400000,
        "incomeBeforeTax": 60500000,
        "incomeBeforeTaxRatio": 0.3219797765,
        "incomeTaxExpense": 15400000,
        "netIncome": 45100000,
        "netIncomeRatio": 0.2400212879,
        "eps": 0.28,
        "epsdiluted": 0.17,
        "weightedAverageShsOut": 158435898,
        "weightedAverageShsOutDil": 268000000,
        "link": "",
        "finalLink": ""
    },
    {
        "date": "1997-09-30",
        "symbol": "NE",
        "reportedCurrency": "USD",
        "cik": "0001895262",
        "fillingDate": "1997-09-30",
        "acceptedDate": "1997-09-29 20:00:00",
        "calendarYear": "1997",
        "period": "Q3",
        "revenue": 171600000,
        "costOfRevenue": 91300000,
        "grossProfit": 80300000,
        "grossProfitRatio": 0.4679487179,
        "researchAndDevelopmentExpenses": 0,
        "generalAndAdministrativeExpenses": 0,
        "sellingAndMarketingExpenses": 0,
        "sellingGeneralAndAdministrativeExpenses": 18000000,
        "otherExpenses": 18700000,
        "operatingExpenses": 36700000,
        "costAndExpenses": 128000000,
        "interestIncome": 0,
        "interestExpense": 0,
        "depreciationAndAmortization": 18700000,
        "ebitda": 63400000,
        "ebitdaratio": 0.3694638695,
        "operatingIncome": 43600000,
        "operatingIncomeRatio": 0.2540792541,
        "totalOtherIncomeExpensesNet": 1100000,
        "incomeBeforeTax": 44700000,
        "incomeBeforeTaxRatio": 0.2604895105,
        "incomeTaxExpense": 11200000,
        "netIncome": 33500000,
        "netIncomeRatio": 0.1952214452,
        "eps": 0.21,
        "epsdiluted": 0.13,
        "weightedAverageShsOut": 158435898,
        "weightedAverageShsOutDil": 268000000,
        "link": "",
        "finalLink": ""
    },
    {
        "date": "1997-06-30",
        "symbol": "NE",
        "reportedCurrency": "USD",
        "cik": "0001895262",
        "fillingDate": "1997-06-30",
        "acceptedDate": "1997-06-29 20:00:00",
        "calendarYear": "1997",
        "period": "Q2",
        "revenue": 185000000,
        "costOfRevenue": 105300000,
        "grossProfit": 79700000,
        "grossProfitRatio": 0.4308108108,
        "researchAndDevelopmentExpenses": 0,
        "generalAndAdministrativeExpenses": 0,
        "sellingAndMarketingExpenses": 0,
        "sellingGeneralAndAdministrativeExpenses": 15200000,
        "otherExpenses": 19300000,
        "operatingExpenses": 34500000,
        "costAndExpenses": 139800000,
        "interestIncome": 0,
        "interestExpense": 0,
        "depreciationAndAmortization": 19300000,
        "ebitda": 256400000,
        "ebitdaratio": 1.3859459459,
        "operatingIncome": 45200000,
        "operatingIncomeRatio": 0.2443243243,
        "totalOtherIncomeExpensesNet": 196900000,
        "incomeBeforeTax": 242100000,
        "incomeBeforeTaxRatio": 1.3086486486,
        "incomeTaxExpense": 80400000,
        "netIncome": 156700000,
        "netIncomeRatio": 0.847027027,
        "eps": 0.99,
        "epsdiluted": 0.56,
        "weightedAverageShsOut": 158435898,
        "weightedAverageShsOutDil": 277345133,
        "link": "",
        "finalLink": ""
    },
    {
        "date": "1997-03-31",
        "symbol": "NE",
        "reportedCurrency": "USD",
        "cik": "0001895262",
        "fillingDate": "1997-03-31",
        "acceptedDate": "1997-03-30 19:00:00",
        "calendarYear": "1997",
        "period": "Q1",
        "revenue": 168700000,
        "costOfRevenue": 99400000,
        "grossProfit": 69300000,
        "grossProfitRatio": 0.4107883817,
        "researchAndDevelopmentExpenses": 0,
        "generalAndAdministrativeExpenses": 0,
        "sellingAndMarketingExpenses": 0,
        "sellingGeneralAndAdministrativeExpenses": 16300000,
        "otherExpenses": 17600000,
        "operatingExpenses": 33900000,
        "costAndExpenses": 133300000,
        "interestIncome": 0,
        "interestExpense": 0,
        "depreciationAndAmortization": 17600000,
        "ebitda": 48200000,
        "ebitdaratio": 0.2857142857,
        "operatingIncome": 35400000,
        "operatingIncomeRatio": 0.2098399526,
        "totalOtherIncomeExpensesNet": -3100000,
        "incomeBeforeTax": 32300000,
        "incomeBeforeTaxRatio": 0.1914641375,
        "incomeTaxExpense": 8700000,
        "netIncome": 21900000,
        "netIncomeRatio": 0.1298162418,
        "eps": 0.14,
        "epsdiluted": 0.075,
        "weightedAverageShsOut": 158435898,
        "weightedAverageShsOutDil": 292000000,
        "link": "",
        "finalLink": ""
    },
    {
        "date": "1996-12-31",
        "symbol": "NE",
        "reportedCurrency": "USD",
        "cik": "0001895262",
        "fillingDate": "1996-12-31",
        "acceptedDate": "1996-12-30 19:00:00",
        "calendarYear": "1996",
        "period": "Q4",
        "revenue": 141800000,
        "costOfRevenue": 94500000,
        "grossProfit": 47300000,
        "grossProfitRatio": 0.3335684062,
        "researchAndDevelopmentExpenses": 0,
        "generalAndAdministrativeExpenses": 0,
        "sellingAndMarketingExpenses": 0,
        "sellingGeneralAndAdministrativeExpenses": 16000000,
        "otherExpenses": 19300000,
        "operatingExpenses": 35300000,
        "costAndExpenses": 129800000,
        "interestIncome": 0,
        "interestExpense": 0,
        "depreciationAndAmortization": 19300000,
        "ebitda": 62900000,
        "ebitdaratio": 0.4435825106,
        "operatingIncome": 12000000,
        "operatingIncomeRatio": 0.0846262341,
        "totalOtherIncomeExpensesNet": 32300000,
        "incomeBeforeTax": 44300000,
        "incomeBeforeTaxRatio": 0.3124118477,
        "incomeTaxExpense": 17200000,
        "netIncome": 26400000,
        "netIncomeRatio": 0.1861777151,
        "eps": 0.17,
        "epsdiluted": 0.11,
        "weightedAverageShsOut": 158435898,
        "weightedAverageShsOutDil": 249473684,
        "link": "",
        "finalLink": ""
    },
    {
        "date": "1996-09-30",
        "symbol": "NE",
        "reportedCurrency": "USD",
        "cik": "0001895262",
        "fillingDate": "1996-09-30",
        "acceptedDate": "1996-09-29 20:00:00",
        "calendarYear": "1996",
        "period": "Q3",
        "revenue": 158100000,
        "costOfRevenue": 98500000,
        "grossProfit": 59600000,
        "grossProfitRatio": 0.3769765971,
        "researchAndDevelopmentExpenses": 0,
        "generalAndAdministrativeExpenses": 0,
        "sellingAndMarketingExpenses": 0,
        "sellingGeneralAndAdministrativeExpenses": 14400000,
        "otherExpenses": 14600000,
        "operatingExpenses": 29000000,
        "costAndExpenses": 127500000,
        "interestIncome": 0,
        "interestExpense": 0,
        "depreciationAndAmortization": 14600000,
        "ebitda": 42200000,
        "ebitdaratio": 0.2669196711,
        "operatingIncome": 30600000,
        "operatingIncomeRatio": 0.1935483871,
        "totalOtherIncomeExpensesNet": -3000000,
        "incomeBeforeTax": 27600000,
        "incomeBeforeTaxRatio": 0.174573055,
        "incomeTaxExpense": 2400000,
        "netIncome": 25200000,
        "netIncomeRatio": 0.1593927894,
        "eps": 0.16,
        "epsdiluted": 0.1,
        "weightedAverageShsOut": 158435898,
        "weightedAverageShsOutDil": 249473684,
        "link": "",
        "finalLink": ""
    },
    {
        "date": "1996-06-30",
        "symbol": "NE",
        "reportedCurrency": "USD",
        "cik": "0001895262",
        "fillingDate": "1996-06-30",
        "acceptedDate": "1996-06-29 20:00:00",
        "calendarYear": "1996",
        "period": "Q2",
        "revenue": 109700000,
        "costOfRevenue": 68600000,
        "grossProfit": 41100000,
        "grossProfitRatio": 0.3746581586,
        "researchAndDevelopmentExpenses": 0,
        "generalAndAdministrativeExpenses": 0,
        "sellingAndMarketingExpenses": 0,
        "sellingGeneralAndAdministrativeExpenses": 12100000,
        "otherExpenses": 9400000,
        "operatingExpenses": 21500000,
        "costAndExpenses": 90100000,
        "interestIncome": 0,
        "interestExpense": 0,
        "depreciationAndAmortization": 9400000,
        "ebitda": 27300000,
        "ebitdaratio": 0.2488605287,
        "operatingIncome": 19600000,
        "operatingIncomeRatio": 0.1786690975,
        "totalOtherIncomeExpensesNet": -1700000,
        "incomeBeforeTax": 17900000,
        "incomeBeforeTaxRatio": 0.1631722881,
        "incomeTaxExpense": 1600000,
        "netIncome": 16300000,
        "netIncomeRatio": 0.1485870556,
        "eps": 0.0881,
        "epsdiluted": 0.0826,
        "weightedAverageShsOut": 185000000,
        "weightedAverageShsOutDil": 197333333,
        "link": "",
        "finalLink": ""
    },
    {
        "date": "1996-03-31",
        "symbol": "NE",
        "reportedCurrency": "USD",
        "cik": "0001895262",
        "fillingDate": "1996-03-31",
        "acceptedDate": "1996-03-30 19:00:00",
        "calendarYear": "1996",
        "period": "Q1",
        "revenue": 104800000,
        "costOfRevenue": 69700000,
        "grossProfit": 35100000,
        "grossProfitRatio": 0.3349236641,
        "researchAndDevelopmentExpenses": 0,
        "generalAndAdministrativeExpenses": 0,
        "sellingAndMarketingExpenses": 0,
        "sellingGeneralAndAdministrativeExpenses": 12100000,
        "otherExpenses": 8900000,
        "operatingExpenses": 21000000,
        "costAndExpenses": 90700000,
        "interestIncome": 0,
        "interestExpense": 0,
        "depreciationAndAmortization": 8900000,
        "ebitda": 21100000,
        "ebitdaratio": 0.2013358779,
        "operatingIncome": 14100000,
        "operatingIncomeRatio": 0.1345419847,
        "totalOtherIncomeExpensesNet": -1900000,
        "incomeBeforeTax": 12200000,
        "incomeBeforeTaxRatio": 0.1164122137,
        "incomeTaxExpense": 1500000,
        "netIncome": 10700000,
        "netIncomeRatio": 0.1020992366,
        "eps": 0.0582,
        "epsdiluted": 0.0582,
        "weightedAverageShsOut": 184000000,
        "weightedAverageShsOutDil": 184000000,
        "link": "",
        "finalLink": ""
    },
    {
        "date": "1995-12-31",
        "symbol": "NE",
        "reportedCurrency": "USD",
        "cik": "0001895262",
        "fillingDate": "1995-12-31",
        "acceptedDate": "1995-12-30 19:00:00",
        "calendarYear": "1995",
        "period": "Q4",
        "revenue": 84300000,
        "costOfRevenue": 57000000,
        "grossProfit": 27300000,
        "grossProfitRatio": 0.3238434164,
        "researchAndDevelopmentExpenses": 0,
        "generalAndAdministrativeExpenses": 0,
        "sellingAndMarketingExpenses": 0,
        "sellingGeneralAndAdministrativeExpenses": 9100000,
        "otherExpenses": 9600000,
        "operatingExpenses": 18700000,
        "costAndExpenses": 75700000,
        "interestIncome": 0,
        "interestExpense": 0,
        "depreciationAndAmortization": 9600000,
        "ebitda": 14500000,
        "ebitdaratio": 0.172004745,
        "operatingIncome": 8600000,
        "operatingIncomeRatio": 0.1020166074,
        "totalOtherIncomeExpensesNet": -3700000,
        "incomeBeforeTax": 4900000,
        "incomeBeforeTaxRatio": 0.0581257414,
        "incomeTaxExpense": 600000,
        "netIncome": 4300000,
        "netIncomeRatio": 0.0510083037,
        "eps": 0.0269,
        "epsdiluted": 0.0269,
        "weightedAverageShsOut": 160000000,
        "weightedAverageShsOutDil": 160000000,
        "link": "",
        "finalLink": ""
    },
    {
        "date": "1995-09-30",
        "symbol": "NE",
        "reportedCurrency": "USD",
        "cik": "0001895262",
        "fillingDate": "1995-09-30",
        "acceptedDate": "1995-09-29 20:00:00",
        "calendarYear": "1995",
        "period": "Q3",
        "revenue": 84700000,
        "costOfRevenue": 61800000,
        "grossProfit": 22900000,
        "grossProfitRatio": 0.2703659976,
        "researchAndDevelopmentExpenses": 0,
        "generalAndAdministrativeExpenses": 0,
        "sellingAndMarketingExpenses": 0,
        "sellingGeneralAndAdministrativeExpenses": 10600000,
        "otherExpenses": 9100000,
        "operatingExpenses": 19700000,
        "costAndExpenses": 81500000,
        "interestIncome": 0,
        "interestExpense": 0,
        "depreciationAndAmortization": 9100000,
        "ebitda": 11500000,
        "ebitdaratio": 0.1357733176,
        "operatingIncome": 3200000,
        "operatingIncomeRatio": 0.0377804014,
        "totalOtherIncomeExpensesNet": -800000,
        "incomeBeforeTax": 2400000,
        "incomeBeforeTaxRatio": 0.0283353011,
        "incomeTaxExpense": 100000,
        "netIncome": 2300000,
        "netIncomeRatio": 0.0271546635,
        "eps": 0.0144,
        "epsdiluted": 0.0144,
        "weightedAverageShsOut": 160000000,
        "weightedAverageShsOutDil": 160000000,
        "link": "",
        "finalLink": ""
    },
    {
        "date": "1995-06-30",
        "symbol": "NE",
        "reportedCurrency": "USD",
        "cik": "0001895262",
        "fillingDate": "1995-06-30",
        "acceptedDate": "1995-06-29 20:00:00",
        "calendarYear": "1995",
        "period": "Q2",
        "revenue": 74000000,
        "costOfRevenue": 57500000,
        "grossProfit": 16500000,
        "grossProfitRatio": 0.222972973,
        "researchAndDevelopmentExpenses": 0,
        "generalAndAdministrativeExpenses": 0,
        "sellingAndMarketingExpenses": 0,
        "sellingGeneralAndAdministrativeExpenses": 9800000,
        "otherExpenses": 9000000,
        "operatingExpenses": 18800000,
        "costAndExpenses": 76300000,
        "interestIncome": 0,
        "interestExpense": 0,
        "depreciationAndAmortization": 9000000,
        "ebitda": 5700000,
        "ebitdaratio": 0.077027027,
        "operatingIncome": -2300000,
        "operatingIncomeRatio": -0.0310810811,
        "totalOtherIncomeExpensesNet": -1000000,
        "incomeBeforeTax": -3300000,
        "incomeBeforeTaxRatio": -0.0445945946,
        "incomeTaxExpense": 1000000,
        "netIncome": -4300000,
        "netIncomeRatio": -0.0581081081,
        "eps": -0.0259,
        "epsdiluted": -0.0259,
        "weightedAverageShsOut": 165714286,
        "weightedAverageShsOutDil": 165714286,
        "link": "",
        "finalLink": ""
    },
    {
        "date": "1995-03-31",
        "symbol": "NE",
        "reportedCurrency": "USD",
        "cik": "0001895262",
        "fillingDate": "1995-03-31",
        "acceptedDate": "1995-03-30 19:00:00",
        "calendarYear": "1995",
        "period": "Q1",
        "revenue": 85100000,
        "costOfRevenue": 63800000,
        "grossProfit": 21300000,
        "grossProfitRatio": 0.250293772,
        "researchAndDevelopmentExpenses": 0,
        "generalAndAdministrativeExpenses": 0,
        "sellingAndMarketingExpenses": 0,
        "sellingGeneralAndAdministrativeExpenses": 10600000,
        "otherExpenses": 8800000,
        "operatingExpenses": 19400000,
        "costAndExpenses": 83200000,
        "interestIncome": 0,
        "interestExpense": 0,
        "depreciationAndAmortization": 8800000,
        "ebitda": 9800000,
        "ebitdaratio": 0.1151586369,
        "operatingIncome": 1900000,
        "operatingIncomeRatio": 0.0223266745,
        "totalOtherIncomeExpensesNet": -900000,
        "incomeBeforeTax": 1000000,
        "incomeBeforeTaxRatio": 0.0117508813,
        "incomeTaxExpense": 1700000,
        "netIncome": -700000,
        "netIncomeRatio": -0.0082256169,
        "eps": -0.0042,
        "epsdiluted": -0.0042,
        "weightedAverageShsOut": 166352000,
        "weightedAverageShsOutDil": 166352000,
        "link": "",
        "finalLink": ""
    },
    {
        "date": "1994-12-31",
        "symbol": "NE",
        "reportedCurrency": "USD",
        "cik": "0001895262",
        "fillingDate": "1994-12-31",
        "acceptedDate": "1994-12-30 19:00:00",
        "calendarYear": "1994",
        "period": "Q4",
        "revenue": 87400000,
        "costOfRevenue": 61500000,
        "grossProfit": 25900000,
        "grossProfitRatio": 0.2963386728,
        "researchAndDevelopmentExpenses": 0,
        "generalAndAdministrativeExpenses": 0,
        "sellingAndMarketingExpenses": 0,
        "sellingGeneralAndAdministrativeExpenses": 16000000,
        "otherExpenses": 10000000,
        "operatingExpenses": 26000000,
        "costAndExpenses": 87500000,
        "interestIncome": 0,
        "interestExpense": 0,
        "depreciationAndAmortization": 10000000,
        "ebitda": 9500000,
        "ebitdaratio": 0.1086956522,
        "operatingIncome": -100000,
        "operatingIncomeRatio": -0.0011441648,
        "totalOtherIncomeExpensesNet": -400000,
        "incomeBeforeTax": -500000,
        "incomeBeforeTaxRatio": -0.0057208238,
        "incomeTaxExpense": 1000000,
        "netIncome": -1500000,
        "netIncomeRatio": -0.0171624714,
        "eps": -0.015,
        "epsdiluted": -0.015,
        "weightedAverageShsOut": 100000000,
        "weightedAverageShsOutDil": 100000000,
        "link": "",
        "finalLink": ""
    },
    {
        "date": "1994-09-30",
        "symbol": "NE",
        "reportedCurrency": "USD",
        "cik": "0001895262",
        "fillingDate": "1994-09-30",
        "acceptedDate": "1994-09-29 20:00:00",
        "calendarYear": "1994",
        "period": "Q3",
        "revenue": 98100000,
        "costOfRevenue": 65700000,
        "grossProfit": 32400000,
        "grossProfitRatio": 0.3302752294,
        "researchAndDevelopmentExpenses": 0,
        "generalAndAdministrativeExpenses": 0,
        "sellingAndMarketingExpenses": 0,
        "sellingGeneralAndAdministrativeExpenses": 15400000,
        "otherExpenses": 14800000,
        "operatingExpenses": 30200000,
        "costAndExpenses": 95900000,
        "interestIncome": 0,
        "interestExpense": 0,
        "depreciationAndAmortization": 14800000,
        "ebitda": 18700000,
        "ebitdaratio": 0.1906218145,
        "operatingIncome": 2200000,
        "operatingIncomeRatio": 0.0224260958,
        "totalOtherIncomeExpensesNet": 1700000,
        "incomeBeforeTax": 3900000,
        "incomeBeforeTaxRatio": 0.0397553517,
        "incomeTaxExpense": 1400000,
        "netIncome": 2500000,
        "netIncomeRatio": 0.0254841998,
        "eps": 0.025,
        "epsdiluted": 0.025,
        "weightedAverageShsOut": 100000000,
        "weightedAverageShsOutDil": 100000000,
        "link": "",
        "finalLink": ""
    },
    {
        "date": "1994-06-30",
        "symbol": "NE",
        "reportedCurrency": "USD",
        "cik": "0001895262",
        "fillingDate": "1994-06-30",
        "acceptedDate": "1994-06-29 20:00:00",
        "calendarYear": "1994",
        "period": "Q2",
        "revenue": 71600000,
        "costOfRevenue": 49200000,
        "grossProfit": 22400000,
        "grossProfitRatio": 0.312849162,
        "researchAndDevelopmentExpenses": 0,
        "generalAndAdministrativeExpenses": 0,
        "sellingAndMarketingExpenses": 0,
        "sellingGeneralAndAdministrativeExpenses": 9400000,
        "otherExpenses": 7500000,
        "operatingExpenses": 16900000,
        "costAndExpenses": 66100000,
        "interestIncome": 0,
        "interestExpense": 0,
        "depreciationAndAmortization": 7500000,
        "ebitda": 12900000,
        "ebitdaratio": 0.1801675978,
        "operatingIncome": 5500000,
        "operatingIncomeRatio": 0.0768156425,
        "totalOtherIncomeExpensesNet": -100000,
        "incomeBeforeTax": 5400000,
        "incomeBeforeTaxRatio": 0.0754189944,
        "incomeTaxExpense": 1400000,
        "netIncome": 4000000,
        "netIncomeRatio": 0.0558659218,
        "eps": 0.0435,
        "epsdiluted": 0.0435,
        "weightedAverageShsOut": 92000000,
        "weightedAverageShsOutDil": 92000000,
        "link": "",
        "finalLink": ""
    },
    {
        "date": "1994-03-31",
        "symbol": "NE",
        "reportedCurrency": "USD",
        "cik": "0001895262",
        "fillingDate": "1994-03-31",
        "acceptedDate": "1994-03-30 19:00:00",
        "calendarYear": "1994",
        "period": "Q1",
        "revenue": 59200000,
        "costOfRevenue": 38000000,
        "grossProfit": 21200000,
        "grossProfitRatio": 0.3581081081,
        "researchAndDevelopmentExpenses": 0,
        "generalAndAdministrativeExpenses": 0,
        "sellingAndMarketingExpenses": 0,
        "sellingGeneralAndAdministrativeExpenses": 7200000,
        "otherExpenses": 7200000,
        "operatingExpenses": 14400000,
        "costAndExpenses": 52400000,
        "interestIncome": 0,
        "interestExpense": 0,
        "depreciationAndAmortization": 7200000,
        "ebitda": 12900000,
        "ebitdaratio": 0.2179054054,
        "operatingIncome": 6800000,
        "operatingIncomeRatio": 0.1148648649,
        "totalOtherIncomeExpensesNet": -1100000,
        "incomeBeforeTax": 5700000,
        "incomeBeforeTaxRatio": 0.0962837838,
        "incomeTaxExpense": 1200000,
        "netIncome": 4500000,
        "netIncomeRatio": 0.0760135135,
        "eps": 0.0482,
        "epsdiluted": 0.0482,
        "weightedAverageShsOut": 93333333,
        "weightedAverageShsOutDil": 93333333,
        "link": "",
        "finalLink": ""
    },
    {
        "date": "1993-12-31",
        "symbol": "NE",
        "reportedCurrency": "USD",
        "cik": "0001895262",
        "fillingDate": "1993-12-31",
        "acceptedDate": "1993-12-30 19:00:00",
        "calendarYear": "1993",
        "period": "Q4",
        "revenue": 58400000,
        "costOfRevenue": 36100000,
        "grossProfit": 22300000,
        "grossProfitRatio": 0.3818493151,
        "researchAndDevelopmentExpenses": 0,
        "generalAndAdministrativeExpenses": 0,
        "sellingAndMarketingExpenses": 0,
        "sellingGeneralAndAdministrativeExpenses": 7000000,
        "otherExpenses": 7200000,
        "operatingExpenses": 14200000,
        "costAndExpenses": 50300000,
        "interestIncome": 0,
        "interestExpense": 0,
        "depreciationAndAmortization": 7200000,
        "ebitda": 15400000,
        "ebitdaratio": 0.2636986301,
        "operatingIncome": 8100000,
        "operatingIncomeRatio": 0.1386986301,
        "totalOtherIncomeExpensesNet": -1700000,
        "incomeBeforeTax": 6400000,
        "incomeBeforeTaxRatio": 0.1095890411,
        "incomeTaxExpense": 600000,
        "netIncome": 7600000,
        "netIncomeRatio": 0.1301369863,
        "eps": 0.11,
        "epsdiluted": 0.11,
        "weightedAverageShsOut": 68333333,
        "weightedAverageShsOutDil": 68333333,
        "link": "",
        "finalLink": ""
    },
    {
        "date": "1993-09-30",
        "symbol": "NE",
        "reportedCurrency": "USD",
        "cik": "0001895262",
        "fillingDate": "1993-09-30",
        "acceptedDate": "1993-09-29 20:00:00",
        "calendarYear": "1993",
        "period": "Q3",
        "revenue": 44800000,
        "costOfRevenue": 30100000,
        "grossProfit": 14700000,
        "grossProfitRatio": 0.328125,
        "researchAndDevelopmentExpenses": 0,
        "generalAndAdministrativeExpenses": 0,
        "sellingAndMarketingExpenses": 0,
        "sellingGeneralAndAdministrativeExpenses": 4900000,
        "otherExpenses": 4400000,
        "operatingExpenses": 9300000,
        "costAndExpenses": 39400000,
        "interestIncome": 0,
        "interestExpense": 0,
        "depreciationAndAmortization": 4400000,
        "ebitda": 10600000,
        "ebitdaratio": 0.2366071429,
        "operatingIncome": 5400000,
        "operatingIncomeRatio": 0.1205357143,
        "totalOtherIncomeExpensesNet": 800000,
        "incomeBeforeTax": 6200000,
        "incomeBeforeTaxRatio": 0.1383928571,
        "incomeTaxExpense": 400000,
        "netIncome": 5800000,
        "netIncomeRatio": 0.1294642857,
        "eps": 0.0849,
        "epsdiluted": 0.0849,
        "weightedAverageShsOut": 68333333,
        "weightedAverageShsOutDil": 68333333,
        "link": "",
        "finalLink": ""
    },
    {
        "date": "1993-06-30",
        "symbol": "NE",
        "reportedCurrency": "USD",
        "cik": "0001895262",
        "fillingDate": "1993-06-30",
        "acceptedDate": "1993-06-29 20:00:00",
        "calendarYear": "1993",
        "period": "Q2",
        "revenue": 39500000,
        "costOfRevenue": 25800000,
        "grossProfit": 13700000,
        "grossProfitRatio": 0.346835443,
        "researchAndDevelopmentExpenses": 0,
        "generalAndAdministrativeExpenses": 0,
        "sellingAndMarketingExpenses": 0,
        "sellingGeneralAndAdministrativeExpenses": 4500000,
        "otherExpenses": 4300000,
        "operatingExpenses": 8800000,
        "costAndExpenses": 34600000,
        "interestIncome": 0,
        "interestExpense": 0,
        "depreciationAndAmortization": 4300000,
        "ebitda": 9000000,
        "ebitdaratio": 0.2278481013,
        "operatingIncome": 4900000,
        "operatingIncomeRatio": 0.1240506329,
        "totalOtherIncomeExpensesNet": -200000,
        "incomeBeforeTax": 4700000,
        "incomeBeforeTaxRatio": 0.1189873418,
        "incomeTaxExpense": 600000,
        "netIncome": 4100000,
        "netIncomeRatio": 0.1037974684,
        "eps": 0.0598,
        "epsdiluted": 0.0598,
        "weightedAverageShsOut": 68571429,
        "weightedAverageShsOutDil": 68571429,
        "link": "",
        "finalLink": ""
    },
    {
        "date": "1993-03-31",
        "symbol": "NE",
        "reportedCurrency": "USD",
        "cik": "0001895262",
        "fillingDate": "1993-03-31",
        "acceptedDate": "1993-03-30 19:00:00",
        "calendarYear": "1993",
        "period": "Q1",
        "revenue": 52200000,
        "costOfRevenue": 36600000,
        "grossProfit": 15600000,
        "grossProfitRatio": 0.2988505747,
        "researchAndDevelopmentExpenses": 0,
        "generalAndAdministrativeExpenses": 0,
        "sellingAndMarketingExpenses": 0,
        "sellingGeneralAndAdministrativeExpenses": 5900000,
        "otherExpenses": 4600000,
        "operatingExpenses": 10500000,
        "costAndExpenses": 47100000,
        "interestIncome": 0,
        "interestExpense": 0,
        "depreciationAndAmortization": 4600000,
        "ebitda": 8900000,
        "ebitdaratio": 0.1704980843,
        "operatingIncome": 5100000,
        "operatingIncomeRatio": 0.0977011494,
        "totalOtherIncomeExpensesNet": -800000,
        "incomeBeforeTax": 4300000,
        "incomeBeforeTaxRatio": 0.0823754789,
        "incomeTaxExpense": 900000,
        "netIncome": 3400000,
        "netIncomeRatio": 0.0651340996,
        "eps": 0.05,
        "epsdiluted": 0.05,
        "weightedAverageShsOut": 68000000,
        "weightedAverageShsOutDil": 68000000,
        "link": "",
        "finalLink": ""
    },
    {
        "date": "1992-12-31",
        "symbol": "NE",
        "reportedCurrency": "USD",
        "cik": "0001895262",
        "fillingDate": "1992-12-31",
        "acceptedDate": "1992-12-30 19:00:00",
        "calendarYear": "1992",
        "period": "Q4",
        "revenue": 37600000,
        "costOfRevenue": 26400000,
        "grossProfit": 11200000,
        "grossProfitRatio": 0.2978723404,
        "researchAndDevelopmentExpenses": 0,
        "generalAndAdministrativeExpenses": 0,
        "sellingAndMarketingExpenses": 0,
        "sellingGeneralAndAdministrativeExpenses": 5400000,
        "otherExpenses": 4500000,
        "operatingExpenses": 9900000,
        "costAndExpenses": 36300000,
        "interestIncome": 0,
        "interestExpense": 0,
        "depreciationAndAmortization": 4500000,
        "ebitda": 3700000,
        "ebitdaratio": 0.0984042553,
        "operatingIncome": 1300000,
        "operatingIncomeRatio": 0.0345744681,
        "totalOtherIncomeExpensesNet": -1600000,
        "incomeBeforeTax": -300000,
        "incomeBeforeTaxRatio": -0.0079787234,
        "incomeTaxExpense": 500000,
        "netIncome": -1300000,
        "netIncomeRatio": -0.0345744681,
        "eps": -0.0191,
        "epsdiluted": -0.0191,
        "weightedAverageShsOut": 68000000,
        "weightedAverageShsOutDil": 68000000,
        "link": "",
        "finalLink": ""
    },
    {
        "date": "1992-09-30",
        "symbol": "NE",
        "reportedCurrency": "USD",
        "cik": "0001895262",
        "fillingDate": "1992-09-30",
        "acceptedDate": "1992-09-29 20:00:00",
        "calendarYear": "1992",
        "period": "Q3",
        "revenue": 33300000,
        "costOfRevenue": 24700000,
        "grossProfit": 8600000,
        "grossProfitRatio": 0.2582582583,
        "researchAndDevelopmentExpenses": 0,
        "generalAndAdministrativeExpenses": 0,
        "sellingAndMarketingExpenses": 0,
        "sellingGeneralAndAdministrativeExpenses": 5500000,
        "otherExpenses": 4600000,
        "operatingExpenses": 10100000,
        "costAndExpenses": 34800000,
        "interestIncome": 0,
        "interestExpense": 0,
        "depreciationAndAmortization": 4600000,
        "ebitda": 3500000,
        "ebitdaratio": 0.1051051051,
        "operatingIncome": -1500000,
        "operatingIncomeRatio": -0.045045045,
        "totalOtherIncomeExpensesNet": 600000,
        "incomeBeforeTax": -900000,
        "incomeBeforeTaxRatio": -0.027027027,
        "incomeTaxExpense": 600000,
        "netIncome": -1700000,
        "netIncomeRatio": -0.0510510511,
        "eps": -0.025,
        "epsdiluted": -0.025,
        "weightedAverageShsOut": 68000000,
        "weightedAverageShsOutDil": 68000000,
        "link": "",
        "finalLink": ""
    },
    {
        "date": "1992-06-30",
        "symbol": "NE",
        "reportedCurrency": "USD",
        "cik": "0001895262",
        "fillingDate": "1992-06-30",
        "acceptedDate": "1992-06-29 20:00:00",
        "calendarYear": "1992",
        "period": "Q2",
        "revenue": 32900000,
        "costOfRevenue": 25400000,
        "grossProfit": 7500000,
        "grossProfitRatio": 0.2279635258,
        "researchAndDevelopmentExpenses": 0,
        "generalAndAdministrativeExpenses": 0,
        "sellingAndMarketingExpenses": 0,
        "sellingGeneralAndAdministrativeExpenses": 5500000,
        "otherExpenses": 4400000,
        "operatingExpenses": 9900000,
        "costAndExpenses": 35300000,
        "interestIncome": 0,
        "interestExpense": 0,
        "depreciationAndAmortization": 4400000,
        "ebitda": 2800000,
        "ebitdaratio": 0.085106383,
        "operatingIncome": -2400000,
        "operatingIncomeRatio": -0.0729483283,
        "totalOtherIncomeExpensesNet": 600000,
        "incomeBeforeTax": -1800000,
        "incomeBeforeTaxRatio": -0.0547112462,
        "incomeTaxExpense": 600000,
        "netIncome": -2200000,
        "netIncomeRatio": -0.0668693009,
        "eps": -0.031,
        "epsdiluted": -0.031,
        "weightedAverageShsOut": 70909091,
        "weightedAverageShsOutDil": 70909091,
        "link": "",
        "finalLink": ""
    },
    {
        "date": "1992-03-31",
        "symbol": "NE",
        "reportedCurrency": "USD",
        "cik": "0001895262",
        "fillingDate": "1992-03-31",
        "acceptedDate": "1992-03-30 19:00:00",
        "calendarYear": "1992",
        "period": "Q1",
        "revenue": 35900000,
        "costOfRevenue": 27400000,
        "grossProfit": 8500000,
        "grossProfitRatio": 0.2367688022,
        "researchAndDevelopmentExpenses": 0,
        "generalAndAdministrativeExpenses": 0,
        "sellingAndMarketingExpenses": 0,
        "sellingGeneralAndAdministrativeExpenses": 6300000,
        "otherExpenses": 4200000,
        "operatingExpenses": 10500000,
        "costAndExpenses": 37900000,
        "interestIncome": 0,
        "interestExpense": 0,
        "depreciationAndAmortization": 4200000,
        "ebitda": -1400000,
        "ebitdaratio": -0.0389972145,
        "operatingIncome": -2000000,
        "operatingIncomeRatio": -0.0557103064,
        "totalOtherIncomeExpensesNet": -800000,
        "incomeBeforeTax": -2800000,
        "incomeBeforeTaxRatio": -0.077994429,
        "incomeTaxExpense": 600000,
        "netIncome": -6200000,
        "netIncomeRatio": -0.1727019499,
        "eps": -0.0903,
        "epsdiluted": -0.0903,
        "weightedAverageShsOut": 68695652,
        "weightedAverageShsOutDil": 68695652,
        "link": "",
        "finalLink": ""
    },
    {
        "date": "1991-12-31",
        "symbol": "NE",
        "reportedCurrency": "USD",
        "cik": "0001895262",
        "fillingDate": "1991-12-31",
        "acceptedDate": "1991-12-30 19:00:00",
        "calendarYear": "1991",
        "period": "Q4",
        "revenue": 41700000,
        "costOfRevenue": 32900000,
        "grossProfit": 8800000,
        "grossProfitRatio": 0.2110311751,
        "researchAndDevelopmentExpenses": 0,
        "generalAndAdministrativeExpenses": 0,
        "sellingAndMarketingExpenses": 0,
        "sellingGeneralAndAdministrativeExpenses": 12900000,
        "otherExpenses": 4100000,
        "operatingExpenses": 17000000,
        "costAndExpenses": 49900000,
        "interestIncome": 0,
        "interestExpense": 0,
        "depreciationAndAmortization": 4100000,
        "ebitda": -5200000,
        "ebitdaratio": -0.1247002398,
        "operatingIncome": -8200000,
        "operatingIncomeRatio": -0.1966426859,
        "totalOtherIncomeExpensesNet": 700000,
        "incomeBeforeTax": -7500000,
        "incomeBeforeTaxRatio": -0.1798561151,
        "incomeTaxExpense": 900000,
        "netIncome": -10200000,
        "netIncomeRatio": -0.2446043165,
        "eps": -0.15,
        "epsdiluted": -0.15,
        "weightedAverageShsOut": 66666667,
        "weightedAverageShsOutDil": 66666667,
        "link": "",
        "finalLink": ""
    },
    {
        "date": "1991-09-30",
        "symbol": "NE",
        "reportedCurrency": "USD",
        "cik": "0001895262",
        "fillingDate": "1991-09-30",
        "acceptedDate": "1991-09-29 20:00:00",
        "calendarYear": "1991",
        "period": "Q3",
        "revenue": 47800000,
        "costOfRevenue": 33100000,
        "grossProfit": 14700000,
        "grossProfitRatio": 0.3075313808,
        "researchAndDevelopmentExpenses": 0,
        "generalAndAdministrativeExpenses": 0,
        "sellingAndMarketingExpenses": 0,
        "sellingGeneralAndAdministrativeExpenses": 6500000,
        "otherExpenses": 6100000,
        "operatingExpenses": 12600000,
        "costAndExpenses": 45700000,
        "interestIncome": 0,
        "interestExpense": 0,
        "depreciationAndAmortization": 6200000,
        "ebitda": 5900000,
        "ebitdaratio": 0.1234309623,
        "operatingIncome": 2100000,
        "operatingIncomeRatio": 0.0439330544,
        "totalOtherIncomeExpensesNet": -2400000,
        "incomeBeforeTax": -300000,
        "incomeBeforeTaxRatio": -0.0062761506,
        "incomeTaxExpense": 700000,
        "netIncome": -1000000,
        "netIncomeRatio": -0.0209205021,
        "eps": -0.015,
        "epsdiluted": -0.015,
        "weightedAverageShsOut": 66666667,
        "weightedAverageShsOutDil": 66666667,
        "link": "",
        "finalLink": ""
    },
    {
        "date": "1991-06-30",
        "symbol": "NE",
        "reportedCurrency": "USD",
        "cik": "0001895262",
        "fillingDate": "1991-06-30",
        "acceptedDate": "1991-06-29 20:00:00",
        "calendarYear": "1991",
        "period": "Q2",
        "revenue": 47700000,
        "costOfRevenue": 33300000,
        "grossProfit": 14400000,
        "grossProfitRatio": 0.3018867925,
        "researchAndDevelopmentExpenses": 0,
        "generalAndAdministrativeExpenses": 0,
        "sellingAndMarketingExpenses": 0,
        "sellingGeneralAndAdministrativeExpenses": 5700000,
        "otherExpenses": 5300000,
        "operatingExpenses": 11000000,
        "costAndExpenses": 44300000,
        "interestIncome": 0,
        "interestExpense": 0,
        "depreciationAndAmortization": 5300000,
        "ebitda": 5400000,
        "ebitdaratio": 0.1132075472,
        "operatingIncome": 3400000,
        "operatingIncomeRatio": 0.071278826,
        "totalOtherIncomeExpensesNet": -3300000,
        "incomeBeforeTax": 100000,
        "incomeBeforeTaxRatio": 0.0020964361,
        "incomeTaxExpense": 300000,
        "netIncome": -200000,
        "netIncomeRatio": -0.0041928721,
        "eps": -0.0032,
        "epsdiluted": -0.0032,
        "weightedAverageShsOut": 63333333,
        "weightedAverageShsOutDil": 63333333,
        "link": "",
        "finalLink": ""
    },
    {
        "date": "1991-03-31",
        "symbol": "NE",
        "reportedCurrency": "USD",
        "cik": "0001895262",
        "fillingDate": "1991-03-31",
        "acceptedDate": "1991-03-30 19:00:00",
        "calendarYear": "1991",
        "period": "Q1",
        "revenue": 40300000,
        "costOfRevenue": 32100000,
        "grossProfit": 8200000,
        "grossProfitRatio": 0.2034739454,
        "researchAndDevelopmentExpenses": 0,
        "generalAndAdministrativeExpenses": 0,
        "sellingAndMarketingExpenses": 0,
        "sellingGeneralAndAdministrativeExpenses": 5200000,
        "otherExpenses": 4300000,
        "operatingExpenses": 9500000,
        "costAndExpenses": 41600000,
        "interestIncome": 0,
        "interestExpense": 0,
        "depreciationAndAmortization": 4300000,
        "ebitda": 700000,
        "ebitdaratio": 0.017369727,
        "operatingIncome": -1300000,
        "operatingIncomeRatio": -0.0322580645,
        "totalOtherIncomeExpensesNet": -2300000,
        "incomeBeforeTax": -3600000,
        "incomeBeforeTaxRatio": -0.0893300248,
        "incomeTaxExpense": 200000,
        "netIncome": -3800000,
        "netIncomeRatio": -0.094292804,
        "eps": -0.06,
        "epsdiluted": -0.06,
        "weightedAverageShsOut": 63333333,
        "weightedAverageShsOutDil": 63333333,
        "link": "",
        "finalLink": ""
    },
    {
        "date": "1990-12-31",
        "symbol": "NE",
        "reportedCurrency": "USD",
        "cik": "0001895262",
        "fillingDate": "1990-12-31",
        "acceptedDate": "1990-12-30 19:00:00",
        "calendarYear": "1990",
        "period": "Q4",
        "revenue": 38500000,
        "costOfRevenue": 33300000,
        "grossProfit": 5200000,
        "grossProfitRatio": 0.1350649351,
        "researchAndDevelopmentExpenses": 0,
        "generalAndAdministrativeExpenses": 0,
        "sellingAndMarketingExpenses": 0,
        "sellingGeneralAndAdministrativeExpenses": 4900000,
        "otherExpenses": 3700000,
        "operatingExpenses": 8600000,
        "costAndExpenses": 41900000,
        "interestIncome": 0,
        "interestExpense": 0,
        "depreciationAndAmortization": 3700000,
        "ebitda": 1000000,
        "ebitdaratio": 0.025974026,
        "operatingIncome": -3400000,
        "operatingIncomeRatio": -0.0883116883,
        "totalOtherIncomeExpensesNet": 700000,
        "incomeBeforeTax": -2700000,
        "incomeBeforeTaxRatio": -0.0701298701,
        "incomeTaxExpense": 400000,
        "netIncome": -3100000,
        "netIncomeRatio": -0.0805194805,
        "eps": -0.0729,
        "epsdiluted": -0.0729,
        "weightedAverageShsOut": 42500000,
        "weightedAverageShsOutDil": 42500000,
        "link": "",
        "finalLink": ""
    },
    {
        "date": "1990-09-30",
        "symbol": "NE",
        "reportedCurrency": "USD",
        "cik": "0001895262",
        "fillingDate": "1990-09-30",
        "acceptedDate": "1990-09-29 20:00:00",
        "calendarYear": "1990",
        "period": "Q3",
        "revenue": 32000000,
        "costOfRevenue": 24500000,
        "grossProfit": 7500000,
        "grossProfitRatio": 0.234375,
        "researchAndDevelopmentExpenses": 0,
        "generalAndAdministrativeExpenses": 0,
        "sellingAndMarketingExpenses": 0,
        "sellingGeneralAndAdministrativeExpenses": 3800000,
        "otherExpenses": 3700000,
        "operatingExpenses": 7500000,
        "costAndExpenses": 32000000,
        "interestIncome": 0,
        "interestExpense": 0,
        "depreciationAndAmortization": 3700000,
        "ebitda": 3700000,
        "ebitdaratio": 0.115625,
        "operatingIncome": 0,
        "operatingIncomeRatio": 0,
        "totalOtherIncomeExpensesNet": 500000,
        "incomeBeforeTax": 0,
        "incomeBeforeTaxRatio": 0,
        "incomeTaxExpense": 600000,
        "netIncome": -600000,
        "netIncomeRatio": -0.01875,
        "eps": -0.0141,
        "epsdiluted": -0.0141,
        "weightedAverageShsOut": 42500000,
        "weightedAverageShsOutDil": 42500000,
        "link": "",
        "finalLink": ""
    },
    {
        "date": "1990-06-30",
        "symbol": "NE",
        "reportedCurrency": "USD",
        "cik": "0001895262",
        "fillingDate": "1990-06-30",
        "acceptedDate": "1990-06-29 20:00:00",
        "calendarYear": "1990",
        "period": "Q2",
        "revenue": 33000000,
        "costOfRevenue": 27200000,
        "grossProfit": 5800000,
        "grossProfitRatio": 0.1757575758,
        "researchAndDevelopmentExpenses": 0,
        "generalAndAdministrativeExpenses": 0,
        "sellingAndMarketingExpenses": 0,
        "sellingGeneralAndAdministrativeExpenses": 4700000,
        "otherExpenses": 3600000,
        "operatingExpenses": 8300000,
        "costAndExpenses": 35500000,
        "interestIncome": 0,
        "interestExpense": 0,
        "depreciationAndAmortization": 3600000,
        "ebitda": 800000,
        "ebitdaratio": 0.0242424242,
        "operatingIncome": -2500000,
        "operatingIncomeRatio": -0.0757575758,
        "totalOtherIncomeExpensesNet": -300000,
        "incomeBeforeTax": -2800000,
        "incomeBeforeTaxRatio": -0.0848484848,
        "incomeTaxExpense": 200000,
        "netIncome": -3000000,
        "netIncomeRatio": -0.0909090909,
        "eps": -0.07,
        "epsdiluted": -0.07,
        "weightedAverageShsOut": 42857143,
        "weightedAverageShsOutDil": 42857143,
        "link": "",
        "finalLink": ""
    },
    {
        "date": "1990-03-31",
        "symbol": "NE",
        "reportedCurrency": "USD",
        "cik": "0001895262",
        "fillingDate": "1990-03-31",
        "acceptedDate": "1990-03-30 19:00:00",
        "calendarYear": "1990",
        "period": "Q1",
        "revenue": 31600000,
        "costOfRevenue": 26100000,
        "grossProfit": 5500000,
        "grossProfitRatio": 0.1740506329,
        "researchAndDevelopmentExpenses": 0,
        "generalAndAdministrativeExpenses": 0,
        "sellingAndMarketingExpenses": 0,
        "sellingGeneralAndAdministrativeExpenses": 3700000,
        "otherExpenses": 3400000,
        "operatingExpenses": 7100000,
        "costAndExpenses": 33200000,
        "interestIncome": 0,
        "interestExpense": 0,
        "depreciationAndAmortization": 3400000,
        "ebitda": 1500000,
        "ebitdaratio": 0.0474683544,
        "operatingIncome": -1600000,
        "operatingIncomeRatio": -0.0506329114,
        "totalOtherIncomeExpensesNet": -300000,
        "incomeBeforeTax": -1900000,
        "incomeBeforeTaxRatio": -0.0601265823,
        "incomeTaxExpense": 200000,
        "netIncome": -2100000,
        "netIncomeRatio": -0.0664556962,
        "eps": -0.05,
        "epsdiluted": -0.05,
        "weightedAverageShsOut": 42000000,
        "weightedAverageShsOutDil": 42000000,
        "link": "",
        "finalLink": ""
    },
    {
        "date": "1989-12-31",
        "symbol": "NE",
        "reportedCurrency": "USD",
        "cik": "0001895262",
        "fillingDate": "1989-12-31",
        "acceptedDate": "1989-12-30 19:00:00",
        "calendarYear": "1989",
        "period": "Q4",
        "revenue": 32100000,
        "costOfRevenue": 24900000,
        "grossProfit": 7200000,
        "grossProfitRatio": 0.2242990654,
        "researchAndDevelopmentExpenses": 0,
        "generalAndAdministrativeExpenses": 0,
        "sellingAndMarketingExpenses": 0,
        "sellingGeneralAndAdministrativeExpenses": 5900000,
        "otherExpenses": 3700000,
        "operatingExpenses": 9600000,
        "costAndExpenses": 34500000,
        "interestIncome": 0,
        "interestExpense": 0,
        "depreciationAndAmortization": 3700000,
        "ebitda": 700000,
        "ebitdaratio": 0.0218068536,
        "operatingIncome": -2400000,
        "operatingIncomeRatio": -0.0747663551,
        "totalOtherIncomeExpensesNet": -600000,
        "incomeBeforeTax": -3000000,
        "incomeBeforeTaxRatio": -0.0934579439,
        "incomeTaxExpense": 500000,
        "netIncome": -3500000,
        "netIncomeRatio": -0.1090342679,
        "eps": -0.0808,
        "epsdiluted": -0.0808,
        "weightedAverageShsOut": 43333333,
        "weightedAverageShsOutDil": 43333333,
        "link": "",
        "finalLink": ""
    },
    {
        "date": "1989-09-30",
        "symbol": "NE",
        "reportedCurrency": "USD",
        "cik": "0001895262",
        "fillingDate": "1989-09-30",
        "acceptedDate": "1989-09-29 20:00:00",
        "calendarYear": "1989",
        "period": "Q3",
        "revenue": 27800000,
        "costOfRevenue": 21900000,
        "grossProfit": 5900000,
        "grossProfitRatio": 0.2122302158,
        "researchAndDevelopmentExpenses": 0,
        "generalAndAdministrativeExpenses": 0,
        "sellingAndMarketingExpenses": 0,
        "sellingGeneralAndAdministrativeExpenses": 3400000,
        "otherExpenses": 4000000,
        "operatingExpenses": 7400000,
        "costAndExpenses": 29300000,
        "interestIncome": 0,
        "interestExpense": 0,
        "depreciationAndAmortization": 3900000,
        "ebitda": 4700000,
        "ebitdaratio": 0.1690647482,
        "operatingIncome": -1500000,
        "operatingIncomeRatio": -0.0539568345,
        "totalOtherIncomeExpensesNet": 2300000,
        "incomeBeforeTax": 800000,
        "incomeBeforeTaxRatio": 0.0287769784,
        "incomeTaxExpense": 100000,
        "netIncome": 700000,
        "netIncomeRatio": 0.0251798561,
        "eps": 0.0162,
        "epsdiluted": 0.0162,
        "weightedAverageShsOut": 43333333,
        "weightedAverageShsOutDil": 43333333,
        "link": "",
        "finalLink": ""
    },
    {
        "date": "1989-06-30",
        "symbol": "NE",
        "reportedCurrency": "USD",
        "cik": "0001895262",
        "fillingDate": "1989-06-30",
        "acceptedDate": "1989-06-29 20:00:00",
        "calendarYear": "1989",
        "period": "Q2",
        "revenue": 23400000,
        "costOfRevenue": 19100000,
        "grossProfit": 4300000,
        "grossProfitRatio": 0.1837606838,
        "researchAndDevelopmentExpenses": 0,
        "generalAndAdministrativeExpenses": 0,
        "sellingAndMarketingExpenses": 0,
        "sellingGeneralAndAdministrativeExpenses": 5200000,
        "otherExpenses": 3300000,
        "operatingExpenses": 8500000,
        "costAndExpenses": 27600000,
        "interestIncome": 0,
        "interestExpense": 0,
        "depreciationAndAmortization": 3300000,
        "ebitda": -1500000,
        "ebitdaratio": -0.0641025641,
        "operatingIncome": -4200000,
        "operatingIncomeRatio": -0.1794871795,
        "totalOtherIncomeExpensesNet": -600000,
        "incomeBeforeTax": -4800000,
        "incomeBeforeTaxRatio": -0.2051282051,
        "incomeTaxExpense": 100000,
        "netIncome": -4900000,
        "netIncomeRatio": -0.2094017094,
        "eps": -0.11,
        "epsdiluted": -0.11,
        "weightedAverageShsOut": 42608696,
        "weightedAverageShsOutDil": 42608696,
        "link": "",
        "finalLink": ""
    },
    {
        "date": "1989-03-31",
        "symbol": "NE",
        "reportedCurrency": "USD",
        "cik": "0001895262",
        "fillingDate": "1989-03-31",
        "acceptedDate": "1989-03-30 19:00:00",
        "calendarYear": "1989",
        "period": "Q1",
        "revenue": 20800000,
        "costOfRevenue": 0,
        "grossProfit": 20800000,
        "grossProfitRatio": 1,
        "researchAndDevelopmentExpenses": 0,
        "generalAndAdministrativeExpenses": 0,
        "sellingAndMarketingExpenses": 0,
        "sellingGeneralAndAdministrativeExpenses": 0,
        "otherExpenses": 0,
        "operatingExpenses": 0,
        "costAndExpenses": 0,
        "interestIncome": 0,
        "interestExpense": 0,
        "depreciationAndAmortization": 0,
        "ebitda": 20800000,
        "ebitdaratio": 1,
        "operatingIncome": 20800000,
        "operatingIncomeRatio": 1,
        "totalOtherIncomeExpensesNet": 0,
        "incomeBeforeTax": 0,
        "incomeBeforeTaxRatio": 0,
        "incomeTaxExpense": 0,
        "netIncome": 0,
        "netIncomeRatio": 0,
        "eps": 0,
        "epsdiluted": 0,
        "weightedAverageShsOut": 43236000,
        "weightedAverageShsOutDil": 43236000,
        "link": "",
        "finalLink": ""
    },
    {
        "date": "1988-12-31",
        "symbol": "NE",
        "reportedCurrency": "USD",
        "cik": "0001895262",
        "fillingDate": "1988-12-31",
        "acceptedDate": "1988-12-30 19:00:00",
        "calendarYear": "1988",
        "period": "Q4",
        "revenue": 12500000,
        "costOfRevenue": 0,
        "grossProfit": 12500000,
        "grossProfitRatio": 1,
        "researchAndDevelopmentExpenses": 0,
        "generalAndAdministrativeExpenses": 0,
        "sellingAndMarketingExpenses": 0,
        "sellingGeneralAndAdministrativeExpenses": 0,
        "otherExpenses": -56900000,
        "operatingExpenses": -56900000,
        "costAndExpenses": -56900000,
        "interestIncome": 0,
        "interestExpense": 0,
        "depreciationAndAmortization": 0,
        "ebitda": -44400000,
        "ebitdaratio": -3.552,
        "operatingIncome": -44400000,
        "operatingIncomeRatio": -3.552,
        "totalOtherIncomeExpensesNet": 0,
        "incomeBeforeTax": 0,
        "incomeBeforeTaxRatio": 0,
        "incomeTaxExpense": 0,
        "netIncome": 0,
        "netIncomeRatio": 0,
        "eps": 0,
        "epsdiluted": 0,
        "weightedAverageShsOut": 40642000,
        "weightedAverageShsOutDil": 40642000,
        "link": "",
        "finalLink": ""
    },
    {
        "date": "1988-09-30",
        "symbol": "NE",
        "reportedCurrency": "USD",
        "cik": "0001895262",
        "fillingDate": "1988-09-30",
        "acceptedDate": "1988-09-29 20:00:00",
        "calendarYear": "1988",
        "period": "Q3",
        "revenue": 11300000,
        "costOfRevenue": 0,
        "grossProfit": 11300000,
        "grossProfitRatio": 1,
        "researchAndDevelopmentExpenses": 0,
        "generalAndAdministrativeExpenses": 0,
        "sellingAndMarketingExpenses": 0,
        "sellingGeneralAndAdministrativeExpenses": 0,
        "otherExpenses": 0,
        "operatingExpenses": 0,
        "costAndExpenses": 0,
        "interestIncome": 0,
        "interestExpense": 0,
        "depreciationAndAmortization": 0,
        "ebitda": 11300000,
        "ebitdaratio": 1,
        "operatingIncome": 11300000,
        "operatingIncomeRatio": 1,
        "totalOtherIncomeExpensesNet": 0,
        "incomeBeforeTax": 0,
        "incomeBeforeTaxRatio": 0,
        "incomeTaxExpense": 0,
        "netIncome": 0,
        "netIncomeRatio": 0,
        "eps": 0,
        "epsdiluted": 0,
        "weightedAverageShsOut": 40642000,
        "weightedAverageShsOutDil": 40642000,
        "link": "",
        "finalLink": ""
    },
    {
        "date": "1988-06-30",
        "symbol": "NE",
        "reportedCurrency": "USD",
        "cik": "0001895262",
        "fillingDate": "1988-06-30",
        "acceptedDate": "1988-06-29 20:00:00",
        "calendarYear": "1988",
        "period": "Q2",
        "revenue": 11300000,
        "costOfRevenue": 0,
        "grossProfit": 11300000,
        "grossProfitRatio": 1,
        "researchAndDevelopmentExpenses": 0,
        "generalAndAdministrativeExpenses": 0,
        "sellingAndMarketingExpenses": 0,
        "sellingGeneralAndAdministrativeExpenses": 0,
        "otherExpenses": 0,
        "operatingExpenses": 0,
        "costAndExpenses": 0,
        "interestIncome": 0,
        "interestExpense": 0,
        "depreciationAndAmortization": 0,
        "ebitda": 11300000,
        "ebitdaratio": 1,
        "operatingIncome": 11300000,
        "operatingIncomeRatio": 1,
        "totalOtherIncomeExpensesNet": 0,
        "incomeBeforeTax": 0,
        "incomeBeforeTaxRatio": 0,
        "incomeTaxExpense": 0,
        "netIncome": 0,
        "netIncomeRatio": 0,
        "eps": 0,
        "epsdiluted": 0,
        "weightedAverageShsOut": 33552000,
        "weightedAverageShsOutDil": 33552000,
        "link": "",
        "finalLink": ""
    },
    {
        "date": "1988-03-31",
        "symbol": "NE",
        "reportedCurrency": "USD",
        "cik": "0001895262",
        "fillingDate": "1988-03-31",
        "acceptedDate": "1988-03-30 19:00:00",
        "calendarYear": "1988",
        "period": "Q1",
        "revenue": 8900000,
        "costOfRevenue": 0,
        "grossProfit": 8900000,
        "grossProfitRatio": 1,
        "researchAndDevelopmentExpenses": 0,
        "generalAndAdministrativeExpenses": 0,
        "sellingAndMarketingExpenses": 0,
        "sellingGeneralAndAdministrativeExpenses": 0,
        "otherExpenses": 0,
        "operatingExpenses": 0,
        "costAndExpenses": 0,
        "interestIncome": 0,
        "interestExpense": 0,
        "depreciationAndAmortization": 0,
        "ebitda": 8900000,
        "ebitdaratio": 1,
        "operatingIncome": 8900000,
        "operatingIncomeRatio": 1,
        "totalOtherIncomeExpensesNet": 0,
        "incomeBeforeTax": 0,
        "incomeBeforeTaxRatio": 0,
        "incomeTaxExpense": 0,
        "netIncome": 0,
        "netIncomeRatio": 0,
        "eps": 0,
        "epsdiluted": 0,
        "weightedAverageShsOut": 33552000,
        "weightedAverageShsOutDil": 33552000,
        "link": "",
        "finalLink": ""
    },
    {
        "date": "1987-12-31",
        "symbol": "NE",
        "reportedCurrency": "USD",
        "cik": "0001895262",
        "fillingDate": "1987-12-31",
        "acceptedDate": "1987-12-30 19:00:00",
        "calendarYear": "1987",
        "period": "Q4",
        "revenue": 10300000,
        "costOfRevenue": 0,
        "grossProfit": 10300000,
        "grossProfitRatio": 1,
        "researchAndDevelopmentExpenses": 0,
        "generalAndAdministrativeExpenses": 0,
        "sellingAndMarketingExpenses": 0,
        "sellingGeneralAndAdministrativeExpenses": 0,
        "otherExpenses": -44400000,
        "operatingExpenses": -44400000,
        "costAndExpenses": -44400000,
        "interestIncome": 0,
        "interestExpense": 0,
        "depreciationAndAmortization": 0,
        "ebitda": -34100000,
        "ebitdaratio": -3.3106796117,
        "operatingIncome": -34100000,
        "operatingIncomeRatio": -3.3106796117,
        "totalOtherIncomeExpensesNet": 0,
        "incomeBeforeTax": 0,
        "incomeBeforeTaxRatio": 0,
        "incomeTaxExpense": 0,
        "netIncome": 0,
        "netIncomeRatio": 0,
        "eps": 0,
        "epsdiluted": 0,
        "weightedAverageShsOut": 22574000,
        "weightedAverageShsOutDil": 22574000,
        "link": "",
        "finalLink": ""
    },
    {
        "date": "1987-09-30",
        "symbol": "NE",
        "reportedCurrency": "USD",
        "cik": "0001895262",
        "fillingDate": "1987-09-30",
        "acceptedDate": "1987-09-29 20:00:00",
        "calendarYear": "1987",
        "period": "Q3",
        "revenue": 7900000,
        "costOfRevenue": 0,
        "grossProfit": 7900000,
        "grossProfitRatio": 1,
        "researchAndDevelopmentExpenses": 0,
        "generalAndAdministrativeExpenses": 0,
        "sellingAndMarketingExpenses": 0,
        "sellingGeneralAndAdministrativeExpenses": 0,
        "otherExpenses": 0,
        "operatingExpenses": 0,
        "costAndExpenses": 0,
        "interestIncome": 0,
        "interestExpense": 0,
        "depreciationAndAmortization": 0,
        "ebitda": 7900000,
        "ebitdaratio": 1,
        "operatingIncome": 7900000,
        "operatingIncomeRatio": 1,
        "totalOtherIncomeExpensesNet": 0,
        "incomeBeforeTax": 0,
        "incomeBeforeTaxRatio": 0,
        "incomeTaxExpense": 0,
        "netIncome": 0,
        "netIncomeRatio": 0,
        "eps": 0,
        "epsdiluted": 0,
        "weightedAverageShsOut": 22574000,
        "weightedAverageShsOutDil": 22574000,
        "link": "",
        "finalLink": ""
    },
    {
        "date": "1987-06-30",
        "symbol": "NE",
        "reportedCurrency": "USD",
        "cik": "0001895262",
        "fillingDate": "1987-06-30",
        "acceptedDate": "1987-06-29 20:00:00",
        "calendarYear": "1987",
        "period": "Q2",
        "revenue": 6400000,
        "costOfRevenue": 0,
        "grossProfit": 6400000,
        "grossProfitRatio": 1,
        "researchAndDevelopmentExpenses": 0,
        "generalAndAdministrativeExpenses": 0,
        "sellingAndMarketingExpenses": 0,
        "sellingGeneralAndAdministrativeExpenses": 0,
        "otherExpenses": 0,
        "operatingExpenses": 0,
        "costAndExpenses": 0,
        "interestIncome": 0,
        "interestExpense": 0,
        "depreciationAndAmortization": 0,
        "ebitda": 6400000,
        "ebitdaratio": 1,
        "operatingIncome": 6400000,
        "operatingIncomeRatio": 1,
        "totalOtherIncomeExpensesNet": 0,
        "incomeBeforeTax": 0,
        "incomeBeforeTaxRatio": 0,
        "incomeTaxExpense": 0,
        "netIncome": 0,
        "netIncomeRatio": 0,
        "eps": 0,
        "epsdiluted": 0,
        "weightedAverageShsOut": 22546000,
        "weightedAverageShsOutDil": 22546000,
        "link": "",
        "finalLink": ""
    },
    {
        "date": "1987-03-31",
        "symbol": "NE",
        "reportedCurrency": "USD",
        "cik": "0001895262",
        "fillingDate": "1987-03-31",
        "acceptedDate": "1987-03-30 19:00:00",
        "calendarYear": "1987",
        "period": "Q1",
        "revenue": 5100000,
        "costOfRevenue": 0,
        "grossProfit": 5100000,
        "grossProfitRatio": 1,
        "researchAndDevelopmentExpenses": 0,
        "generalAndAdministrativeExpenses": 0,
        "sellingAndMarketingExpenses": 0,
        "sellingGeneralAndAdministrativeExpenses": 0,
        "otherExpenses": 0,
        "operatingExpenses": 0,
        "costAndExpenses": 0,
        "interestIncome": 0,
        "interestExpense": 0,
        "depreciationAndAmortization": 0,
        "ebitda": 5100000,
        "ebitdaratio": 1,
        "operatingIncome": 5100000,
        "operatingIncomeRatio": 1,
        "totalOtherIncomeExpensesNet": 0,
        "incomeBeforeTax": 0,
        "incomeBeforeTaxRatio": 0,
        "incomeTaxExpense": 0,
        "netIncome": 0,
        "netIncomeRatio": 0,
        "eps": 0,
        "epsdiluted": 0,
        "weightedAverageShsOut": 22546000,
        "weightedAverageShsOutDil": 22546000,
        "link": "",
        "finalLink": ""
    },
    {
        "date": "1986-12-31",
        "symbol": "NE",
        "reportedCurrency": "USD",
        "cik": "0001895262",
        "fillingDate": "1986-12-31",
        "acceptedDate": "1986-12-30 19:00:00",
        "calendarYear": "1986",
        "period": "Q4",
        "revenue": 6600000,
        "costOfRevenue": 0,
        "grossProfit": 6600000,
        "grossProfitRatio": 1,
        "researchAndDevelopmentExpenses": 0,
        "generalAndAdministrativeExpenses": 0,
        "sellingAndMarketingExpenses": 0,
        "sellingGeneralAndAdministrativeExpenses": 0,
        "otherExpenses": -63800000,
        "operatingExpenses": -63800000,
        "costAndExpenses": -63800000,
        "interestIncome": 0,
        "interestExpense": 0,
        "depreciationAndAmortization": 0,
        "ebitda": -57200000,
        "ebitdaratio": -8.6666666667,
        "operatingIncome": -57200000,
        "operatingIncomeRatio": -8.6666666667,
        "totalOtherIncomeExpensesNet": 0,
        "incomeBeforeTax": 0,
        "incomeBeforeTaxRatio": 0,
        "incomeTaxExpense": 0,
        "netIncome": 0,
        "netIncomeRatio": 0,
        "eps": 0,
        "epsdiluted": 0,
        "weightedAverageShsOut": 22546000,
        "weightedAverageShsOutDil": 22546000,
        "link": "",
        "finalLink": ""
    },
    {
        "date": "1986-09-30",
        "symbol": "NE",
        "reportedCurrency": "USD",
        "cik": "0001895262",
        "fillingDate": "1986-09-30",
        "acceptedDate": "1986-09-29 20:00:00",
        "calendarYear": "1986",
        "period": "Q3",
        "revenue": 7200000,
        "costOfRevenue": 0,
        "grossProfit": 7200000,
        "grossProfitRatio": 1,
        "researchAndDevelopmentExpenses": 0,
        "generalAndAdministrativeExpenses": 0,
        "sellingAndMarketingExpenses": 0,
        "sellingGeneralAndAdministrativeExpenses": 0,
        "otherExpenses": 0,
        "operatingExpenses": 0,
        "costAndExpenses": 0,
        "interestIncome": 0,
        "interestExpense": 0,
        "depreciationAndAmortization": 0,
        "ebitda": 7200000,
        "ebitdaratio": 1,
        "operatingIncome": 7200000,
        "operatingIncomeRatio": 1,
        "totalOtherIncomeExpensesNet": 0,
        "incomeBeforeTax": 0,
        "incomeBeforeTaxRatio": 0,
        "incomeTaxExpense": 0,
        "netIncome": 0,
        "netIncomeRatio": 0,
        "eps": 0,
        "epsdiluted": 0,
        "weightedAverageShsOut": 22546000,
        "weightedAverageShsOutDil": 22546000,
        "link": "",
        "finalLink": ""
    },
    {
        "date": "1986-06-30",
        "symbol": "NE",
        "reportedCurrency": "USD",
        "cik": "0001895262",
        "fillingDate": "1986-06-30",
        "acceptedDate": "1986-06-29 20:00:00",
        "calendarYear": "1986",
        "period": "Q2",
        "revenue": 8100000,
        "costOfRevenue": 0,
        "grossProfit": 8100000,
        "grossProfitRatio": 1,
        "researchAndDevelopmentExpenses": 0,
        "generalAndAdministrativeExpenses": 0,
        "sellingAndMarketingExpenses": 0,
        "sellingGeneralAndAdministrativeExpenses": 0,
        "otherExpenses": 0,
        "operatingExpenses": 0,
        "costAndExpenses": 0,
        "interestIncome": 0,
        "interestExpense": 0,
        "depreciationAndAmortization": 0,
        "ebitda": 8100000,
        "ebitdaratio": 1,
        "operatingIncome": 8100000,
        "operatingIncomeRatio": 1,
        "totalOtherIncomeExpensesNet": 0,
        "incomeBeforeTax": 0,
        "incomeBeforeTaxRatio": 0,
        "incomeTaxExpense": 0,
        "netIncome": 0,
        "netIncomeRatio": 0,
        "eps": 0,
        "epsdiluted": 0,
        "weightedAverageShsOut": 22546000,
        "weightedAverageShsOutDil": 22546000,
        "link": "",
        "finalLink": ""
    },
    {
        "date": "1986-03-31",
        "symbol": "NE",
        "reportedCurrency": "USD",
        "cik": "0001895262",
        "fillingDate": "1986-03-31",
        "acceptedDate": "1986-03-30 19:00:00",
        "calendarYear": "1986",
        "period": "Q1",
        "revenue": 12800000,
        "costOfRevenue": 0,
        "grossProfit": 12800000,
        "grossProfitRatio": 1,
        "researchAndDevelopmentExpenses": 0,
        "generalAndAdministrativeExpenses": 0,
        "sellingAndMarketingExpenses": 0,
        "sellingGeneralAndAdministrativeExpenses": 0,
        "otherExpenses": 0,
        "operatingExpenses": 0,
        "costAndExpenses": 0,
        "interestIncome": 0,
        "interestExpense": 0,
        "depreciationAndAmortization": 0,
        "ebitda": 12800000,
        "ebitdaratio": 1,
        "operatingIncome": 12800000,
        "operatingIncomeRatio": 1,
        "totalOtherIncomeExpensesNet": 0,
        "incomeBeforeTax": 0,
        "incomeBeforeTaxRatio": 0,
        "incomeTaxExpense": 0,
        "netIncome": 0,
        "netIncomeRatio": 0,
        "eps": 0,
        "epsdiluted": 0,
        "weightedAverageShsOut": 22546000,
        "weightedAverageShsOutDil": 22546000,
        "link": "",
        "finalLink": ""
    },
    {
        "date": "1985-12-31",
        "symbol": "NE",
        "reportedCurrency": "USD",
        "cik": "0001895262",
        "fillingDate": "1985-12-31",
        "acceptedDate": "1985-12-30 19:00:00",
        "calendarYear": "1985",
        "period": "Q4",
        "revenue": 14800000,
        "costOfRevenue": 0,
        "grossProfit": 14800000,
        "grossProfitRatio": 1,
        "researchAndDevelopmentExpenses": 0,
        "generalAndAdministrativeExpenses": 0,
        "sellingAndMarketingExpenses": 0,
        "sellingGeneralAndAdministrativeExpenses": 0,
        "otherExpenses": -98200000,
        "operatingExpenses": -98200000,
        "costAndExpenses": -98200000,
        "interestIncome": 0,
        "interestExpense": 0,
        "depreciationAndAmortization": 0,
        "ebitda": -83400000,
        "ebitdaratio": -5.6351351351,
        "operatingIncome": -83400000,
        "operatingIncomeRatio": -5.6351351351,
        "totalOtherIncomeExpensesNet": 0,
        "incomeBeforeTax": 0,
        "incomeBeforeTaxRatio": 0,
        "incomeTaxExpense": 0,
        "netIncome": 0,
        "netIncomeRatio": 0,
        "eps": 0,
        "epsdiluted": 0,
        "weightedAverageShsOut": 22546000,
        "weightedAverageShsOutDil": 22546000,
        "link": "",
        "finalLink": ""
    },
    {
        "date": "1985-09-30",
        "symbol": "NE",
        "reportedCurrency": "USD",
        "cik": "0001895262",
        "fillingDate": "1985-09-30",
        "acceptedDate": "1985-09-29 20:00:00",
        "calendarYear": "1985",
        "period": "Q3",
        "revenue": 17200000,
        "costOfRevenue": 0,
        "grossProfit": 17200000,
        "grossProfitRatio": 1,
        "researchAndDevelopmentExpenses": 0,
        "generalAndAdministrativeExpenses": 0,
        "sellingAndMarketingExpenses": 0,
        "sellingGeneralAndAdministrativeExpenses": 0,
        "otherExpenses": 0,
        "operatingExpenses": 0,
        "costAndExpenses": 0,
        "interestIncome": 0,
        "interestExpense": 0,
        "depreciationAndAmortization": 0,
        "ebitda": 17200000,
        "ebitdaratio": 1,
        "operatingIncome": 17200000,
        "operatingIncomeRatio": 1,
        "totalOtherIncomeExpensesNet": 0,
        "incomeBeforeTax": 0,
        "incomeBeforeTaxRatio": 0,
        "incomeTaxExpense": 0,
        "netIncome": 0,
        "netIncomeRatio": 0,
        "eps": 0,
        "epsdiluted": 0,
        "weightedAverageShsOut": 22546000,
        "weightedAverageShsOutDil": 22546000,
        "link": "",
        "finalLink": ""
    }
]