[
    {
        "date": "2025-09-30",
        "symbol": "NEU",
        "reportedCurrency": "USD",
        "cik": "0001282637",
        "fillingDate": "2025-10-31",
        "acceptedDate": "2025-10-31 09:23:30",
        "calendarYear": "2025",
        "period": "Q3",
        "revenue": 690311000,
        "costOfRevenue": 480667000,
        "grossProfit": 209644000,
        "grossProfitRatio": 0.3036950012,
        "researchAndDevelopmentExpenses": 35024000,
        "generalAndAdministrativeExpenses": 0,
        "sellingAndMarketingExpenses": 0,
        "sellingGeneralAndAdministrativeExpenses": 43944000,
        "otherExpenses": 0,
        "operatingExpenses": 78968000,
        "costAndExpenses": 559635000,
        "interestIncome": 0,
        "interestExpense": 8374000,
        "depreciationAndAmortization": 32716000,
        "ebitda": 176699000,
        "ebitdaratio": 0.2559701352,
        "operatingIncome": 130676000,
        "operatingIncomeRatio": 0.189300185,
        "totalOtherIncomeExpensesNet": 4933000,
        "incomeBeforeTax": 135609000,
        "incomeBeforeTaxRatio": 0.1964462394,
        "incomeTaxExpense": 35340000,
        "netIncome": 100269000,
        "netIncomeRatio": 0.1452519227,
        "eps": -25.15,
        "epsdiluted": -25.15,
        "weightedAverageShsOut": 9395608,
        "weightedAverageShsOutDil": 9395608,
        "link": "https://www.sec.gov/Archives/edgar/data/1282637/000128263725000024/0001282637-25-000024-index.htm",
        "finalLink": "https://www.sec.gov/Archives/edgar/data/1282637/000128263725000024/neu-20250930.htm"
    },
    {
        "date": "2025-06-30",
        "symbol": "NEU",
        "reportedCurrency": "USD",
        "cik": "0001282637",
        "fillingDate": "2025-07-31",
        "acceptedDate": "2025-07-31 08:42:36",
        "calendarYear": "2025",
        "period": "Q2",
        "revenue": 698509000,
        "costOfRevenue": 477555000,
        "grossProfit": 220954000,
        "grossProfitRatio": 0.316322338,
        "researchAndDevelopmentExpenses": 32374000,
        "generalAndAdministrativeExpenses": 0,
        "sellingAndMarketingExpenses": 0,
        "sellingGeneralAndAdministrativeExpenses": 45428000,
        "otherExpenses": 0,
        "operatingExpenses": 77802000,
        "costAndExpenses": 555357000,
        "interestIncome": 0,
        "interestExpense": 10735000,
        "depreciationAndAmortization": 28492000,
        "ebitda": 186915000,
        "ebitdaratio": 0.2675913982,
        "operatingIncome": 143152000,
        "operatingIncomeRatio": 0.204939378,
        "totalOtherIncomeExpensesNet": 4536000,
        "incomeBeforeTax": 147688000,
        "incomeBeforeTaxRatio": 0.2114332099,
        "incomeTaxExpense": 36444000,
        "netIncome": 111244000,
        "netIncomeRatio": 0.1592592221,
        "eps": 11.84,
        "epsdiluted": 11.84,
        "weightedAverageShsOut": 9395608,
        "weightedAverageShsOutDil": 9395608,
        "link": "https://www.sec.gov/Archives/edgar/data/1282637/000128263725000016/0001282637-25-000016-index.htm",
        "finalLink": "https://www.sec.gov/Archives/edgar/data/1282637/000128263725000016/neu-20250630.htm"
    },
    {
        "date": "2025-03-31",
        "symbol": "NEU",
        "reportedCurrency": "USD",
        "cik": "0001282637",
        "fillingDate": "2025-04-24",
        "acceptedDate": "2025-04-24 09:15:51",
        "calendarYear": "2025",
        "period": "Q1",
        "revenue": 700946000,
        "costOfRevenue": 464923000,
        "grossProfit": 236023000,
        "grossProfitRatio": 0.3367206604,
        "researchAndDevelopmentExpenses": 33176000,
        "generalAndAdministrativeExpenses": 0,
        "sellingAndMarketingExpenses": 0,
        "sellingGeneralAndAdministrativeExpenses": 42978000,
        "otherExpenses": 0,
        "operatingExpenses": 76154000,
        "costAndExpenses": 541077000,
        "interestIncome": 0,
        "interestExpense": 10700000,
        "depreciationAndAmortization": 28778000,
        "ebitda": 203591000,
        "ebitdaratio": 0.2904517609,
        "operatingIncome": 159869000,
        "operatingIncomeRatio": 0.2280760572,
        "totalOtherIncomeExpensesNet": 4244000,
        "incomeBeforeTax": 164113000,
        "incomeBeforeTaxRatio": 0.2341307319,
        "incomeTaxExpense": 38164000,
        "netIncome": 125949000,
        "netIncomeRatio": 0.1796843123,
        "eps": 13.26,
        "epsdiluted": 13.26,
        "weightedAverageShsOut": 9460000,
        "weightedAverageShsOutDil": 9460000,
        "link": "https://www.sec.gov/Archives/edgar/data/1282637/000128263725000010/0001282637-25-000010-index.htm",
        "finalLink": "https://www.sec.gov/Archives/edgar/data/1282637/000128263725000010/neu-20250331.htm"
    },
    {
        "date": "2024-12-31",
        "symbol": "NEU",
        "reportedCurrency": "USD",
        "cik": "0001282637",
        "fillingDate": "2025-02-14",
        "acceptedDate": "2025-02-14 08:53:32",
        "calendarYear": "2024",
        "period": "Q4",
        "revenue": 654647000,
        "costOfRevenue": 446961000,
        "grossProfit": 207686000,
        "grossProfitRatio": 0.3172488379,
        "researchAndDevelopmentExpenses": 32842000,
        "generalAndAdministrativeExpenses": 0,
        "sellingAndMarketingExpenses": 0,
        "sellingGeneralAndAdministrativeExpenses": 42083000,
        "otherExpenses": 0,
        "operatingExpenses": 74925000,
        "costAndExpenses": 521886000,
        "interestIncome": 0,
        "interestExpense": 11645000,
        "depreciationAndAmortization": 32063000,
        "ebitda": 177957000,
        "ebitdaratio": 0.2718365776,
        "operatingIncome": 132761000,
        "operatingIncomeRatio": 0.2027978437,
        "totalOtherIncomeExpensesNet": 1488000,
        "incomeBeforeTax": 134249000,
        "incomeBeforeTaxRatio": 0.2050708244,
        "incomeTaxExpense": 23510000,
        "netIncome": 110739000,
        "netIncomeRatio": 0.1691583403,
        "eps": 11.56,
        "epsdiluted": 11.56,
        "weightedAverageShsOut": 9579498,
        "weightedAverageShsOutDil": 9579498,
        "link": "https://www.sec.gov/Archives/edgar/data/1282637/000128263725000004/0001282637-25-000004-index.htm",
        "finalLink": "https://www.sec.gov/Archives/edgar/data/1282637/000128263725000004/neu-20241231.htm"
    },
    {
        "date": "2024-09-30",
        "symbol": "NEU",
        "reportedCurrency": "USD",
        "cik": "0001282637",
        "fillingDate": "2024-10-24",
        "acceptedDate": "2024-10-24 08:47:12",
        "calendarYear": "2024",
        "period": "Q3",
        "revenue": 724947000,
        "costOfRevenue": 481107000,
        "grossProfit": 243840000,
        "grossProfitRatio": 0.3363556232,
        "researchAndDevelopmentExpenses": 32193000,
        "generalAndAdministrativeExpenses": 0,
        "sellingAndMarketingExpenses": 0,
        "sellingGeneralAndAdministrativeExpenses": 42124000,
        "otherExpenses": 0,
        "operatingExpenses": 74317000,
        "costAndExpenses": 555424000,
        "interestIncome": 0,
        "interestExpense": 14157000,
        "depreciationAndAmortization": 29764000,
        "ebitda": 213092000,
        "ebitdaratio": 0.2939414881,
        "operatingIncome": 169523000,
        "operatingIncomeRatio": 0.2338419222,
        "totalOtherIncomeExpensesNet": -352000,
        "incomeBeforeTax": 169171000,
        "incomeBeforeTaxRatio": 0.2333563695,
        "incomeTaxExpense": 36849000,
        "netIncome": 132322000,
        "netIncomeRatio": 0.1825264468,
        "eps": 13.79,
        "epsdiluted": 13.79,
        "weightedAverageShsOut": 9561000,
        "weightedAverageShsOutDil": 9595504,
        "link": "https://www.sec.gov/Archives/edgar/data/1282637/000128263724000021/0001282637-24-000021-index.htm",
        "finalLink": "https://www.sec.gov/Archives/edgar/data/1282637/000128263724000021/neu-20240930.htm"
    },
    {
        "date": "2024-06-30",
        "symbol": "NEU",
        "reportedCurrency": "USD",
        "cik": "0001282637",
        "fillingDate": "2024-07-30",
        "acceptedDate": "2024-07-30 08:49:25",
        "calendarYear": "2024",
        "period": "Q2",
        "revenue": 710228000,
        "costOfRevenue": 491773000,
        "grossProfit": 218455000,
        "grossProfitRatio": 0.307584325,
        "researchAndDevelopmentExpenses": 28663000,
        "generalAndAdministrativeExpenses": 0,
        "sellingAndMarketingExpenses": 0,
        "sellingGeneralAndAdministrativeExpenses": 42840000,
        "otherExpenses": 0,
        "operatingExpenses": 71503000,
        "costAndExpenses": 563276000,
        "interestIncome": 0,
        "interestExpense": 15910000,
        "depreciationAndAmortization": 29323000,
        "ebitda": 188227000,
        "ebitdaratio": 0.2650233446,
        "operatingIncome": 146952000,
        "operatingIncomeRatio": 0.2069082041,
        "totalOtherIncomeExpensesNet": -3958000,
        "incomeBeforeTax": 142994000,
        "incomeBeforeTaxRatio": 0.2013353458,
        "incomeTaxExpense": 31374000,
        "netIncome": 111620000,
        "netIncomeRatio": 0.1571607991,
        "eps": 11.63,
        "epsdiluted": 11.63,
        "weightedAverageShsOut": 9597592,
        "weightedAverageShsOutDil": 9560000,
        "link": "https://www.sec.gov/Archives/edgar/data/1282637/000128263724000017/0001282637-24-000017-index.htm",
        "finalLink": "https://www.sec.gov/Archives/edgar/data/1282637/000128263724000017/neu-20240630.htm"
    },
    {
        "date": "2024-03-31",
        "symbol": "NEU",
        "reportedCurrency": "USD",
        "cik": "0001282637",
        "fillingDate": "2024-04-25",
        "acceptedDate": "2024-04-25 09:03:27",
        "calendarYear": "2024",
        "period": "Q1",
        "revenue": 696736000,
        "costOfRevenue": 480371000,
        "grossProfit": 216365000,
        "grossProfitRatio": 0.3105408648,
        "researchAndDevelopmentExpenses": 31200000,
        "generalAndAdministrativeExpenses": 0,
        "sellingAndMarketingExpenses": 0,
        "sellingGeneralAndAdministrativeExpenses": 44365000,
        "otherExpenses": 0,
        "operatingExpenses": 75565000,
        "costAndExpenses": 555936000,
        "interestIncome": 0,
        "interestExpense": 15654000,
        "depreciationAndAmortization": 25807000,
        "ebitda": 179154000,
        "ebitdaratio": 0.2571332614,
        "operatingIncome": 140800000,
        "operatingIncomeRatio": 0.2020851513,
        "totalOtherIncomeExpensesNet": -3107000,
        "incomeBeforeTax": 137693000,
        "incomeBeforeTaxRatio": 0.1976257865,
        "incomeTaxExpense": 29961000,
        "netIncome": 107732000,
        "netIncomeRatio": 0.154623846,
        "eps": 11.23,
        "epsdiluted": 11.23,
        "weightedAverageShsOut": 9593232,
        "weightedAverageShsOutDil": 9557000,
        "link": "https://www.sec.gov/Archives/edgar/data/1282637/000128263724000011/0001282637-24-000011-index.htm",
        "finalLink": "https://www.sec.gov/Archives/edgar/data/1282637/000128263724000011/neu-20240331.htm"
    },
    {
        "date": "2023-12-31",
        "symbol": "NEU",
        "reportedCurrency": "USD",
        "cik": "0001282637",
        "fillingDate": "2024-02-15",
        "acceptedDate": "2024-02-15 10:14:14",
        "calendarYear": "2023",
        "period": "Q4",
        "revenue": 643350000,
        "costOfRevenue": 466224000,
        "grossProfit": 177126000,
        "grossProfitRatio": 0.275318256,
        "researchAndDevelopmentExpenses": 38990000,
        "generalAndAdministrativeExpenses": 0,
        "sellingAndMarketingExpenses": 0,
        "sellingGeneralAndAdministrativeExpenses": 36799000,
        "otherExpenses": 0,
        "operatingExpenses": 75789000,
        "costAndExpenses": 542013000,
        "interestIncome": 0,
        "interestExpense": 7110000,
        "depreciationAndAmortization": 20345000,
        "ebitda": 132077000,
        "ebitdaratio": 0.2052957177,
        "operatingIncome": 101337000,
        "operatingIncomeRatio": 0.1575145722,
        "totalOtherIncomeExpensesNet": 3285000,
        "incomeBeforeTax": 104622000,
        "incomeBeforeTaxRatio": 0.1626206575,
        "incomeTaxExpense": 24212000,
        "netIncome": 80410000,
        "netIncomeRatio": 0.1249863993,
        "eps": 8.38,
        "epsdiluted": 8.38,
        "weightedAverageShsOut": 9595465,
        "weightedAverageShsOutDil": 9595465,
        "link": "https://www.sec.gov/Archives/edgar/data/1282637/000128263724000005/0001282637-24-000005-index.htm",
        "finalLink": "https://www.sec.gov/Archives/edgar/data/1282637/000128263724000005/neu-20231231.htm"
    },
    {
        "date": "2023-09-30",
        "symbol": "NEU",
        "reportedCurrency": "USD",
        "cik": "0001282637",
        "fillingDate": "2023-10-26",
        "acceptedDate": "2023-10-26 09:09:43",
        "calendarYear": "2023",
        "period": "Q3",
        "revenue": 667150000,
        "costOfRevenue": 465445000,
        "grossProfit": 201705000,
        "grossProfitRatio": 0.3023383047,
        "researchAndDevelopmentExpenses": 31894000,
        "generalAndAdministrativeExpenses": 0,
        "sellingAndMarketingExpenses": 0,
        "sellingGeneralAndAdministrativeExpenses": 37386000,
        "otherExpenses": 0,
        "operatingExpenses": 69280000,
        "costAndExpenses": 534725000,
        "interestIncome": 0,
        "interestExpense": 9221000,
        "depreciationAndAmortization": 17107000,
        "ebitda": 160810000,
        "ebitdaratio": 0.2410402458,
        "operatingIncome": 132425000,
        "operatingIncomeRatio": 0.1984935921,
        "totalOtherIncomeExpensesNet": 2057000,
        "incomeBeforeTax": 134482000,
        "incomeBeforeTaxRatio": 0.2015768568,
        "incomeTaxExpense": 23235000,
        "netIncome": 111247000,
        "netIncomeRatio": 0.1667496065,
        "eps": 11.6,
        "epsdiluted": 11.6,
        "weightedAverageShsOut": 9590259,
        "weightedAverageShsOutDil": 9590259,
        "link": "https://www.sec.gov/Archives/edgar/data/1282637/000128263723000019/0001282637-23-000019-index.htm",
        "finalLink": "https://www.sec.gov/Archives/edgar/data/1282637/000128263723000019/neu-20230930.htm"
    },
    {
        "date": "2023-06-30",
        "symbol": "NEU",
        "reportedCurrency": "USD",
        "cik": "0001282637",
        "fillingDate": "2023-07-27",
        "acceptedDate": "2023-07-27 09:05:38",
        "calendarYear": "2023",
        "period": "Q2",
        "revenue": 685130000,
        "costOfRevenue": 489492000,
        "grossProfit": 195638000,
        "grossProfitRatio": 0.285548728,
        "researchAndDevelopmentExpenses": 33958000,
        "generalAndAdministrativeExpenses": 0,
        "sellingAndMarketingExpenses": 0,
        "sellingGeneralAndAdministrativeExpenses": 37438000,
        "otherExpenses": 0,
        "operatingExpenses": 71396000,
        "costAndExpenses": 560888000,
        "interestIncome": 0,
        "interestExpense": 10255000,
        "depreciationAndAmortization": 20245000,
        "ebitda": 155210000,
        "ebitdaratio": 0.2265409484,
        "operatingIncome": 124242000,
        "operatingIncomeRatio": 0.1813407674,
        "totalOtherIncomeExpensesNet": 468000,
        "incomeBeforeTax": 124710000,
        "incomeBeforeTaxRatio": 0.1820238495,
        "incomeTaxExpense": 25086000,
        "netIncome": 99624000,
        "netIncomeRatio": 0.1454089005,
        "eps": 10.37,
        "epsdiluted": 10.37,
        "weightedAverageShsOut": 9577000,
        "weightedAverageShsOutDil": 9577000,
        "link": "https://www.sec.gov/Archives/edgar/data/1282637/000128263723000015/0001282637-23-000015-index.htm",
        "finalLink": "https://www.sec.gov/Archives/edgar/data/1282637/000128263723000015/neu-20230630.htm"
    },
    {
        "date": "2023-03-31",
        "symbol": "NEU",
        "reportedCurrency": "USD",
        "cik": "0001282637",
        "fillingDate": "2023-04-27",
        "acceptedDate": "2023-04-27 09:08:45",
        "calendarYear": "2023",
        "period": "Q1",
        "revenue": 702789000,
        "costOfRevenue": 504745000,
        "grossProfit": 198044000,
        "grossProfitRatio": 0.2817972393,
        "researchAndDevelopmentExpenses": 33156000,
        "generalAndAdministrativeExpenses": 0,
        "sellingAndMarketingExpenses": 0,
        "sellingGeneralAndAdministrativeExpenses": 39847000,
        "otherExpenses": 0,
        "operatingExpenses": 73003000,
        "costAndExpenses": 577748000,
        "interestIncome": 0,
        "interestExpense": 10773000,
        "depreciationAndAmortization": 20313000,
        "ebitda": 156234000,
        "ebitdaratio": 0.2223056992,
        "operatingIncome": 125041000,
        "operatingIncomeRatio": 0.1779211115,
        "totalOtherIncomeExpensesNet": 107000,
        "incomeBeforeTax": 125148000,
        "incomeBeforeTaxRatio": 0.178073362,
        "incomeTaxExpense": 27565000,
        "netIncome": 97583000,
        "netIncomeRatio": 0.1388510634,
        "eps": 10.09,
        "epsdiluted": 10.09,
        "weightedAverageShsOut": 9643000,
        "weightedAverageShsOutDil": 9643000,
        "link": "https://www.sec.gov/Archives/edgar/data/1282637/000128263723000009/0001282637-23-000009-index.htm",
        "finalLink": "https://www.sec.gov/Archives/edgar/data/1282637/000128263723000009/neu-20230331.htm"
    },
    {
        "date": "2022-12-31",
        "symbol": "NEU",
        "reportedCurrency": "USD",
        "cik": "0001282637",
        "fillingDate": "2023-02-15",
        "acceptedDate": "2023-02-15 09:03:39",
        "calendarYear": "2022",
        "period": "Q4",
        "revenue": 682559000,
        "costOfRevenue": 503008000,
        "grossProfit": 179551000,
        "grossProfitRatio": 0.2630556479,
        "researchAndDevelopmentExpenses": 34217000,
        "generalAndAdministrativeExpenses": 0,
        "sellingAndMarketingExpenses": 0,
        "sellingGeneralAndAdministrativeExpenses": 35803000,
        "otherExpenses": 0,
        "operatingExpenses": 70020000,
        "costAndExpenses": 573028000,
        "interestIncome": 0,
        "interestExpense": 10343000,
        "depreciationAndAmortization": 20125000,
        "ebitda": 138758000,
        "ebitdaratio": 0.203290851,
        "operatingIncome": 109531000,
        "operatingIncomeRatio": 0.1604711095,
        "totalOtherIncomeExpensesNet": -1241000,
        "incomeBeforeTax": 108290000,
        "incomeBeforeTaxRatio": 0.1586529516,
        "incomeTaxExpense": 17768000,
        "netIncome": 90522000,
        "netIncomeRatio": 0.1326215023,
        "eps": 9.23,
        "epsdiluted": 9.23,
        "weightedAverageShsOut": 9775593,
        "weightedAverageShsOutDil": 9775593,
        "link": "https://www.sec.gov/Archives/edgar/data/1282637/000128263723000004/0001282637-23-000004-index.htm",
        "finalLink": "https://www.sec.gov/Archives/edgar/data/1282637/000128263723000004/neu-20221231.htm"
    },
    {
        "date": "2022-09-30",
        "symbol": "NEU",
        "reportedCurrency": "USD",
        "cik": "0001282637",
        "fillingDate": "2022-10-25",
        "acceptedDate": "2022-10-25 08:39:44",
        "calendarYear": "2022",
        "period": "Q3",
        "revenue": 696049000,
        "costOfRevenue": 547742000,
        "grossProfit": 148307000,
        "grossProfitRatio": 0.2130697695,
        "researchAndDevelopmentExpenses": 34388000,
        "generalAndAdministrativeExpenses": 0,
        "sellingAndMarketingExpenses": 0,
        "sellingGeneralAndAdministrativeExpenses": 35192000,
        "otherExpenses": 0,
        "operatingExpenses": 69580000,
        "costAndExpenses": 617322000,
        "interestIncome": 0,
        "interestExpense": 8369000,
        "depreciationAndAmortization": 20490000,
        "ebitda": 109188000,
        "ebitdaratio": 0.1568682665,
        "operatingIncome": 78727000,
        "operatingIncomeRatio": 0.1131055429,
        "totalOtherIncomeExpensesNet": 1602000,
        "incomeBeforeTax": 80329000,
        "incomeBeforeTaxRatio": 0.115407105,
        "incomeTaxExpense": 17103000,
        "netIncome": 63226000,
        "netIncomeRatio": 0.090835559,
        "eps": 6.34,
        "epsdiluted": 6.34,
        "weightedAverageShsOut": 9965000,
        "weightedAverageShsOutDil": 9965000,
        "link": "https://www.sec.gov/Archives/edgar/data/1282637/000128263722000021/0001282637-22-000021-index.htm",
        "finalLink": "https://www.sec.gov/Archives/edgar/data/1282637/000128263722000021/neu-20220930.htm"
    },
    {
        "date": "2022-06-30",
        "symbol": "NEU",
        "reportedCurrency": "USD",
        "cik": "0001282637",
        "fillingDate": "2022-08-03",
        "acceptedDate": "2022-08-03 09:27:57",
        "calendarYear": "2022",
        "period": "Q2",
        "revenue": 723639000,
        "costOfRevenue": 566163000,
        "grossProfit": 157476000,
        "grossProfitRatio": 0.2176167951,
        "researchAndDevelopmentExpenses": 35396000,
        "generalAndAdministrativeExpenses": 0,
        "sellingAndMarketingExpenses": 0,
        "sellingGeneralAndAdministrativeExpenses": 38489000,
        "otherExpenses": 0,
        "operatingExpenses": 73885000,
        "costAndExpenses": 640048000,
        "interestIncome": 0,
        "interestExpense": 7084000,
        "depreciationAndAmortization": 20598000,
        "ebitda": 113290000,
        "ebitdaratio": 0.1565559623,
        "operatingIncome": 83591000,
        "operatingIncomeRatio": 0.1155147802,
        "totalOtherIncomeExpensesNet": 2017000,
        "incomeBeforeTax": 85608000,
        "incomeBeforeTaxRatio": 0.1183020816,
        "incomeTaxExpense": 19136000,
        "netIncome": 66472000,
        "netIncomeRatio": 0.0918579568,
        "eps": 6.56,
        "epsdiluted": 6.56,
        "weightedAverageShsOut": 10136000,
        "weightedAverageShsOutDil": 10136000,
        "link": "https://www.sec.gov/Archives/edgar/data/1282637/000128263722000017/0001282637-22-000017-index.htm",
        "finalLink": "https://www.sec.gov/Archives/edgar/data/1282637/000128263722000017/neu-20220630.htm"
    },
    {
        "date": "2022-03-31",
        "symbol": "NEU",
        "reportedCurrency": "USD",
        "cik": "0001282637",
        "fillingDate": "2022-04-28",
        "acceptedDate": "2022-04-28 09:12:38",
        "calendarYear": "2022",
        "period": "Q1",
        "revenue": 662552000,
        "costOfRevenue": 507389000,
        "grossProfit": 155163000,
        "grossProfitRatio": 0.2341899202,
        "researchAndDevelopmentExpenses": 36251000,
        "generalAndAdministrativeExpenses": 0,
        "sellingAndMarketingExpenses": 0,
        "sellingGeneralAndAdministrativeExpenses": 35622000,
        "otherExpenses": 0,
        "operatingExpenses": 71873000,
        "costAndExpenses": 579262000,
        "interestIncome": 0,
        "interestExpense": 9406000,
        "depreciationAndAmortization": 21072000,
        "ebitda": 103985000,
        "ebitdaratio": 0.1569461718,
        "operatingIncome": 83290000,
        "operatingIncomeRatio": 0.1257108876,
        "totalOtherIncomeExpensesNet": -9783000,
        "incomeBeforeTax": 73507000,
        "incomeBeforeTaxRatio": 0.1109452541,
        "incomeTaxExpense": 14189000,
        "netIncome": 59318000,
        "netIncomeRatio": 0.0895295765,
        "eps": 5.76,
        "epsdiluted": 5.76,
        "weightedAverageShsOut": 10290000,
        "weightedAverageShsOutDil": 10290000,
        "link": "https://www.sec.gov/Archives/edgar/data/1282637/000128263722000010/0001282637-22-000010-index.htm",
        "finalLink": "https://www.sec.gov/Archives/edgar/data/1282637/000128263722000010/neu-20220331.htm"
    },
    {
        "date": "2021-12-31",
        "symbol": "NEU",
        "reportedCurrency": "USD",
        "cik": "0001282637",
        "fillingDate": "2022-02-15",
        "acceptedDate": "2022-02-15 10:52:09",
        "calendarYear": "2021",
        "period": "Q4",
        "revenue": 576567000,
        "costOfRevenue": 469833000,
        "grossProfit": 106734000,
        "grossProfitRatio": 0.185119856,
        "researchAndDevelopmentExpenses": 36711000,
        "generalAndAdministrativeExpenses": 0,
        "sellingAndMarketingExpenses": 0,
        "sellingGeneralAndAdministrativeExpenses": 34594000,
        "otherExpenses": 0,
        "operatingExpenses": 71305000,
        "costAndExpenses": 541138000,
        "interestIncome": 0,
        "interestExpense": 9661000,
        "depreciationAndAmortization": 21245000,
        "ebitda": 60876000,
        "ebitdaratio": 0.1055835662,
        "operatingIncome": 35429000,
        "operatingIncomeRatio": 0.0614481925,
        "totalOtherIncomeExpensesNet": -5459000,
        "incomeBeforeTax": 29970000,
        "incomeBeforeTaxRatio": 0.0519800821,
        "incomeTaxExpense": 12764000,
        "netIncome": 17206000,
        "netIncomeRatio": 0.0298421519,
        "eps": 1.65,
        "epsdiluted": 1.65,
        "weightedAverageShsOut": 10397575,
        "weightedAverageShsOutDil": 10427879,
        "link": "https://www.sec.gov/Archives/edgar/data/1282637/000128263722000006/0001282637-22-000006-index.htm",
        "finalLink": "https://www.sec.gov/Archives/edgar/data/1282637/000128263722000006/neu-20211231.htm"
    },
    {
        "date": "2021-09-30",
        "symbol": "NEU",
        "reportedCurrency": "USD",
        "cik": "0001282637",
        "fillingDate": "2021-10-26",
        "acceptedDate": "2021-10-26 09:38:53",
        "calendarYear": "2021",
        "period": "Q3",
        "revenue": 622207000,
        "costOfRevenue": 483986000,
        "grossProfit": 138221000,
        "grossProfitRatio": 0.2221463275,
        "researchAndDevelopmentExpenses": 35387000,
        "generalAndAdministrativeExpenses": 0,
        "sellingAndMarketingExpenses": 0,
        "sellingGeneralAndAdministrativeExpenses": 39729000,
        "otherExpenses": 0,
        "operatingExpenses": 75116000,
        "costAndExpenses": 559102000,
        "interestIncome": 0,
        "interestExpense": 9345000,
        "depreciationAndAmortization": 21356000,
        "ebitda": 91854000,
        "ebitdaratio": 0.1476261116,
        "operatingIncome": 63105000,
        "operatingIncomeRatio": 0.1014212312,
        "totalOtherIncomeExpensesNet": -1952000,
        "incomeBeforeTax": 61153000,
        "incomeBeforeTaxRatio": 0.0982840116,
        "incomeTaxExpense": 9115000,
        "netIncome": 52038000,
        "netIncomeRatio": 0.0836345461,
        "eps": 4.8,
        "epsdiluted": 4.8,
        "weightedAverageShsOut": 10821000,
        "weightedAverageShsOutDil": 10821000,
        "link": "https://www.sec.gov/Archives/edgar/data/1282637/000128263721000019/0001282637-21-000019-index.htm",
        "finalLink": "https://www.sec.gov/Archives/edgar/data/1282637/000128263721000019/neu-20210930.htm"
    },
    {
        "date": "2021-06-30",
        "symbol": "NEU",
        "reportedCurrency": "USD",
        "cik": "0001282637",
        "fillingDate": "2021-07-29",
        "acceptedDate": "2021-07-29 08:02:12",
        "calendarYear": "2021",
        "period": "Q2",
        "revenue": 590721000,
        "costOfRevenue": 449722000,
        "grossProfit": 140999000,
        "grossProfitRatio": 0.2386896691,
        "researchAndDevelopmentExpenses": 35517000,
        "generalAndAdministrativeExpenses": 0,
        "sellingAndMarketingExpenses": 0,
        "sellingGeneralAndAdministrativeExpenses": 34735000,
        "otherExpenses": 0,
        "operatingExpenses": 70252000,
        "costAndExpenses": 519974000,
        "interestIncome": 0,
        "interestExpense": 8869000,
        "depreciationAndAmortization": 21088000,
        "ebitda": 97015000,
        "ebitdaratio": 0.1642315069,
        "operatingIncome": 70747000,
        "operatingIncomeRatio": 0.1197638141,
        "totalOtherIncomeExpensesNet": -3689000,
        "incomeBeforeTax": 67058000,
        "incomeBeforeTaxRatio": 0.1135189032,
        "incomeTaxExpense": 15106000,
        "netIncome": 51952000,
        "netIncomeRatio": 0.0879467634,
        "eps": 4.75,
        "epsdiluted": 4.75,
        "weightedAverageShsOut": 10901000,
        "weightedAverageShsOutDil": 10901000,
        "link": "https://www.sec.gov/Archives/edgar/data/1282637/000128263721000014/0001282637-21-000014-index.htm",
        "finalLink": "https://www.sec.gov/Archives/edgar/data/1282637/000128263721000014/neu-20210630.htm"
    },
    {
        "date": "2021-03-31",
        "symbol": "NEU",
        "reportedCurrency": "USD",
        "cik": "0001282637",
        "fillingDate": "2021-04-22",
        "acceptedDate": "2021-04-22 09:04:26",
        "calendarYear": "2021",
        "period": "Q1",
        "revenue": 566615000,
        "costOfRevenue": 404862000,
        "grossProfit": 161753000,
        "grossProfitRatio": 0.285472499,
        "researchAndDevelopmentExpenses": 36337000,
        "generalAndAdministrativeExpenses": 0,
        "sellingAndMarketingExpenses": 0,
        "sellingGeneralAndAdministrativeExpenses": 36915000,
        "otherExpenses": 0,
        "operatingExpenses": 73252000,
        "costAndExpenses": 478114000,
        "interestIncome": 0,
        "interestExpense": 6343000,
        "depreciationAndAmortization": 20631000,
        "ebitda": 116344000,
        "ebitdaratio": 0.2053316626,
        "operatingIncome": 88501000,
        "operatingIncomeRatio": 0.1561924764,
        "totalOtherIncomeExpensesNet": 869000,
        "incomeBeforeTax": 89370000,
        "incomeBeforeTaxRatio": 0.1577261456,
        "incomeTaxExpense": 19658000,
        "netIncome": 69712000,
        "netIncomeRatio": 0.1230323941,
        "eps": 6.38,
        "epsdiluted": 6.38,
        "weightedAverageShsOut": 10901000,
        "weightedAverageShsOutDil": 10901000,
        "link": "https://www.sec.gov/Archives/edgar/data/1282637/000128263721000008/0001282637-21-000008-index.htm",
        "finalLink": "https://www.sec.gov/Archives/edgar/data/1282637/000128263721000008/neu-20210331.htm"
    },
    {
        "date": "2020-12-31",
        "symbol": "NEU",
        "reportedCurrency": "USD",
        "cik": "0001282637",
        "fillingDate": "2021-02-16",
        "acceptedDate": "2021-02-16 09:05:02",
        "calendarYear": "2020",
        "period": "Q4",
        "revenue": 527781000,
        "costOfRevenue": 377001000,
        "grossProfit": 150780000,
        "grossProfitRatio": 0.2856866769,
        "researchAndDevelopmentExpenses": 38199000,
        "generalAndAdministrativeExpenses": 35715000,
        "sellingAndMarketingExpenses": 1311000,
        "sellingGeneralAndAdministrativeExpenses": 37026000,
        "otherExpenses": 0,
        "operatingExpenses": 75225000,
        "costAndExpenses": 452226000,
        "interestIncome": 0,
        "interestExpense": 5753000,
        "depreciationAndAmortization": 20957000,
        "ebitda": 103033000,
        "ebitdaratio": 0.1952192292,
        "operatingIncome": 75555000,
        "operatingIncomeRatio": 0.1431559681,
        "totalOtherIncomeExpensesNet": 768000,
        "incomeBeforeTax": 76323000,
        "incomeBeforeTaxRatio": 0.1446111171,
        "incomeTaxExpense": 9439000,
        "netIncome": 66884000,
        "netIncomeRatio": 0.1267268052,
        "eps": 6.12,
        "epsdiluted": 6.12,
        "weightedAverageShsOut": 10928758,
        "weightedAverageShsOutDil": 10928758,
        "link": "https://www.sec.gov/Archives/edgar/data/1282637/000128263721000004/0001282637-21-000004-index.htm",
        "finalLink": "https://www.sec.gov/Archives/edgar/data/1282637/000128263721000004/neu-20201231.htm"
    },
    {
        "date": "2020-09-30",
        "symbol": "NEU",
        "reportedCurrency": "USD",
        "cik": "0001282637",
        "fillingDate": "2020-10-29",
        "acceptedDate": "2020-10-29 09:04:54",
        "calendarYear": "2020",
        "period": "Q3",
        "revenue": 512869000,
        "costOfRevenue": 346262000,
        "grossProfit": 166607000,
        "grossProfitRatio": 0.3248529352,
        "researchAndDevelopmentExpenses": 33113000,
        "generalAndAdministrativeExpenses": 0,
        "sellingAndMarketingExpenses": 0,
        "sellingGeneralAndAdministrativeExpenses": 34690000,
        "otherExpenses": 0,
        "operatingExpenses": 67803000,
        "costAndExpenses": 414065000,
        "interestIncome": 0,
        "interestExpense": 6466000,
        "depreciationAndAmortization": 20689000,
        "ebitda": 144773000,
        "ebitdaratio": 0.2822806604,
        "operatingIncome": 98804000,
        "operatingIncomeRatio": 0.192649585,
        "totalOtherIncomeExpensesNet": 18814000,
        "incomeBeforeTax": 117618000,
        "incomeBeforeTaxRatio": 0.2293334165,
        "incomeTaxExpense": 21824000,
        "netIncome": 95794000,
        "netIncomeRatio": 0.1867806399,
        "eps": 8.77,
        "epsdiluted": 8.77,
        "weightedAverageShsOut": 10903000,
        "weightedAverageShsOutDil": 10903000,
        "link": "https://www.sec.gov/Archives/edgar/data/1282637/000128263720000022/0001282637-20-000022-index.htm",
        "finalLink": "https://www.sec.gov/Archives/edgar/data/1282637/000128263720000022/neu-20200930.htm"
    },
    {
        "date": "2020-06-30",
        "symbol": "NEU",
        "reportedCurrency": "USD",
        "cik": "0001282637",
        "fillingDate": "2020-07-30",
        "acceptedDate": "2020-07-30 10:26:05",
        "calendarYear": "2020",
        "period": "Q2",
        "revenue": 410864000,
        "costOfRevenue": 314126000,
        "grossProfit": 96738000,
        "grossProfitRatio": 0.2354501733,
        "researchAndDevelopmentExpenses": 33549000,
        "generalAndAdministrativeExpenses": 0,
        "sellingAndMarketingExpenses": 0,
        "sellingGeneralAndAdministrativeExpenses": 35432000,
        "otherExpenses": 0,
        "operatingExpenses": 68981000,
        "costAndExpenses": 383107000,
        "interestIncome": 0,
        "interestExpense": 7005000,
        "depreciationAndAmortization": 20987000,
        "ebitda": 55260000,
        "ebitdaratio": 0.1344970599,
        "operatingIncome": 27757000,
        "operatingIncomeRatio": 0.0675576346,
        "totalOtherIncomeExpensesNet": -489000,
        "incomeBeforeTax": 27268000,
        "incomeBeforeTaxRatio": 0.0663674598,
        "incomeTaxExpense": 4919000,
        "netIncome": 22349000,
        "netIncomeRatio": 0.0543951283,
        "eps": 2.05,
        "epsdiluted": 2.05,
        "weightedAverageShsOut": 10904000,
        "weightedAverageShsOutDil": 10904000,
        "link": "https://www.sec.gov/Archives/edgar/data/1282637/000128263720000018/0001282637-20-000018-index.htm",
        "finalLink": "https://www.sec.gov/Archives/edgar/data/1282637/000128263720000018/neu-20200630.htm"
    },
    {
        "date": "2020-03-31",
        "symbol": "NEU",
        "reportedCurrency": "USD",
        "cik": "0001282637",
        "fillingDate": "2020-04-23",
        "acceptedDate": "2020-04-23 10:53:51",
        "calendarYear": "2020",
        "period": "Q1",
        "revenue": 559417000,
        "costOfRevenue": 378510000,
        "grossProfit": 180907000,
        "grossProfitRatio": 0.323384881,
        "researchAndDevelopmentExpenses": 35506000,
        "generalAndAdministrativeExpenses": 35715000,
        "sellingAndMarketingExpenses": 0,
        "sellingGeneralAndAdministrativeExpenses": 35715000,
        "otherExpenses": 0,
        "operatingExpenses": 71221000,
        "costAndExpenses": 449731000,
        "interestIncome": 0,
        "interestExpense": 7104000,
        "depreciationAndAmortization": 21369000,
        "ebitda": 138551000,
        "ebitdaratio": 0.2476703425,
        "operatingIncome": 109686000,
        "operatingIncomeRatio": 0.1960719821,
        "totalOtherIncomeExpensesNet": 392000,
        "incomeBeforeTax": 110078000,
        "incomeBeforeTaxRatio": 0.1967727116,
        "incomeTaxExpense": 24537000,
        "netIncome": 85541000,
        "netIncomeRatio": 0.152910977,
        "eps": 7.67,
        "epsdiluted": 7.67,
        "weightedAverageShsOut": 11136000,
        "weightedAverageShsOutDil": 11136000,
        "link": "https://www.sec.gov/Archives/edgar/data/1282637/000128263720000011/0001282637-20-000011-index.htm",
        "finalLink": "https://www.sec.gov/Archives/edgar/data/1282637/000128263720000011/neu-202033110xq.htm"
    },
    {
        "date": "2019-12-31",
        "symbol": "NEU",
        "reportedCurrency": "USD",
        "cik": "0001282637",
        "fillingDate": "2020-02-18",
        "acceptedDate": "2020-02-18 10:35:55",
        "calendarYear": "2019",
        "period": "Q4",
        "revenue": 534445000,
        "costOfRevenue": 391005000,
        "grossProfit": 143440000,
        "grossProfitRatio": 0.2683905734,
        "researchAndDevelopmentExpenses": 37717000,
        "generalAndAdministrativeExpenses": 38167000,
        "sellingAndMarketingExpenses": 0,
        "sellingGeneralAndAdministrativeExpenses": 38167000,
        "otherExpenses": 0,
        "operatingExpenses": 75884000,
        "costAndExpenses": 466889000,
        "interestIncome": 0,
        "interestExpense": 6501000,
        "depreciationAndAmortization": 22060000,
        "ebitda": 95194000,
        "ebitdaratio": 0.1781174864,
        "operatingIncome": 67556000,
        "operatingIncomeRatio": 0.1264040266,
        "totalOtherIncomeExpensesNet": -923000,
        "incomeBeforeTax": 66633000,
        "incomeBeforeTaxRatio": 0.1246770014,
        "incomeTaxExpense": 16531000,
        "netIncome": 50102000,
        "netIncomeRatio": 0.0937458485,
        "eps": 4.48,
        "epsdiluted": 4.48,
        "weightedAverageShsOut": 11183482,
        "weightedAverageShsOutDil": 11183482,
        "link": "https://www.sec.gov/Archives/edgar/data/1282637/000128263720000005/0001282637-20-000005-index.htm",
        "finalLink": "https://www.sec.gov/Archives/edgar/data/1282637/000128263720000005/neu-2019123110k.htm"
    },
    {
        "date": "2019-09-30",
        "symbol": "NEU",
        "reportedCurrency": "USD",
        "cik": "0001282637",
        "fillingDate": "2019-10-24",
        "acceptedDate": "2019-10-24 10:25:46",
        "calendarYear": "2019",
        "period": "Q3",
        "revenue": 555817000,
        "costOfRevenue": 393090000,
        "grossProfit": 162727000,
        "grossProfitRatio": 0.2927708221,
        "researchAndDevelopmentExpenses": 36387000,
        "generalAndAdministrativeExpenses": 38122000,
        "sellingAndMarketingExpenses": 0,
        "sellingGeneralAndAdministrativeExpenses": 38122000,
        "otherExpenses": 0,
        "operatingExpenses": 74509000,
        "costAndExpenses": 467599000,
        "interestIncome": 0,
        "interestExpense": 6987000,
        "depreciationAndAmortization": 21784000,
        "ebitda": 116229000,
        "ebitdaratio": 0.209113791,
        "operatingIncome": 88218000,
        "operatingIncomeRatio": 0.1587177074,
        "totalOtherIncomeExpensesNet": -760000,
        "incomeBeforeTax": 87458000,
        "incomeBeforeTaxRatio": 0.1573503509,
        "incomeTaxExpense": 19653000,
        "netIncome": 67805000,
        "netIncomeRatio": 0.1219915908,
        "eps": 6.06,
        "epsdiluted": 6.06,
        "weightedAverageShsOut": 11167000,
        "weightedAverageShsOutDil": 11188944,
        "link": "https://www.sec.gov/Archives/edgar/data/1282637/000128263719000023/0001282637-19-000023-index.htm",
        "finalLink": "https://www.sec.gov/Archives/edgar/data/1282637/000128263719000023/neu-201993010xq.htm"
    },
    {
        "date": "2019-06-30",
        "symbol": "NEU",
        "reportedCurrency": "USD",
        "cik": "0001282637",
        "fillingDate": "2019-08-01",
        "acceptedDate": "2019-08-01 09:35:31",
        "calendarYear": "2019",
        "period": "Q2",
        "revenue": 563417000,
        "costOfRevenue": 392584000,
        "grossProfit": 170833000,
        "grossProfitRatio": 0.3032088134,
        "researchAndDevelopmentExpenses": 37137000,
        "generalAndAdministrativeExpenses": 35021000,
        "sellingAndMarketingExpenses": 0,
        "sellingGeneralAndAdministrativeExpenses": 35021000,
        "otherExpenses": 0,
        "operatingExpenses": 72158000,
        "costAndExpenses": 464742000,
        "interestIncome": 0,
        "interestExpense": 7741000,
        "depreciationAndAmortization": 21777000,
        "ebitda": 126209000,
        "ebitdaratio": 0.2240063754,
        "operatingIncome": 98675000,
        "operatingIncomeRatio": 0.1751367105,
        "totalOtherIncomeExpensesNet": -1984000,
        "incomeBeforeTax": 96691000,
        "incomeBeforeTaxRatio": 0.17161534,
        "incomeTaxExpense": 22517000,
        "netIncome": 74174000,
        "netIncomeRatio": 0.1316502697,
        "eps": 6.63,
        "epsdiluted": 6.63,
        "weightedAverageShsOut": 11166000,
        "weightedAverageShsOutDil": 11187632,
        "link": "https://www.sec.gov/Archives/edgar/data/1282637/000128263719000018/0001282637-19-000018-index.htm",
        "finalLink": "https://www.sec.gov/Archives/edgar/data/1282637/000128263719000018/neu-201963010xq.htm"
    },
    {
        "date": "2019-03-31",
        "symbol": "NEU",
        "reportedCurrency": "USD",
        "cik": "0001282637",
        "fillingDate": "2019-04-25",
        "acceptedDate": "2019-04-25 09:44:01",
        "calendarYear": "2019",
        "period": "Q1",
        "revenue": 536616000,
        "costOfRevenue": 383747000,
        "grossProfit": 152869000,
        "grossProfitRatio": 0.2848759634,
        "researchAndDevelopmentExpenses": 33224000,
        "generalAndAdministrativeExpenses": 36773000,
        "sellingAndMarketingExpenses": 0,
        "sellingGeneralAndAdministrativeExpenses": 36773000,
        "otherExpenses": 0,
        "operatingExpenses": 69997000,
        "costAndExpenses": 453744000,
        "interestIncome": 0,
        "interestExpense": 8012000,
        "depreciationAndAmortization": 21939000,
        "ebitda": 110759000,
        "ebitdaratio": 0.2064027163,
        "operatingIncome": 82872000,
        "operatingIncomeRatio": 0.1544344559,
        "totalOtherIncomeExpensesNet": -2064000,
        "incomeBeforeTax": 80808000,
        "incomeBeforeTaxRatio": 0.1505881301,
        "incomeTaxExpense": 18603000,
        "netIncome": 62205000,
        "netIncomeRatio": 0.115920882,
        "eps": 5.57,
        "epsdiluted": 5.57,
        "weightedAverageShsOut": 11166001,
        "weightedAverageShsOutDil": 11167864,
        "link": "https://www.sec.gov/Archives/edgar/data/1282637/000128263719000011/0001282637-19-000011-index.htm",
        "finalLink": "https://www.sec.gov/Archives/edgar/data/1282637/000128263719000011/neu-201933110xq.htm"
    },
    {
        "date": "2018-12-31",
        "symbol": "NEU",
        "reportedCurrency": "USD",
        "cik": "0001282637",
        "fillingDate": "2019-02-19",
        "acceptedDate": "2019-02-19 09:42:51",
        "calendarYear": "2018",
        "period": "Q4",
        "revenue": 538312000,
        "costOfRevenue": 396474000,
        "grossProfit": 141838000,
        "grossProfitRatio": 0.2634866026,
        "researchAndDevelopmentExpenses": 34271000,
        "generalAndAdministrativeExpenses": 31747000,
        "sellingAndMarketingExpenses": 0,
        "sellingGeneralAndAdministrativeExpenses": 31747000,
        "otherExpenses": 0,
        "operatingExpenses": 66018000,
        "costAndExpenses": 462492000,
        "interestIncome": 0,
        "interestExpense": 8187000,
        "depreciationAndAmortization": 18296000,
        "ebitda": 97578000,
        "ebitdaratio": 0.181266626,
        "operatingIncome": 75820000,
        "operatingIncomeRatio": 0.1408476868,
        "totalOtherIncomeExpensesNet": -4725000,
        "incomeBeforeTax": 71095000,
        "incomeBeforeTaxRatio": 0.1320702492,
        "incomeTaxExpense": 8292000,
        "netIncome": 62803000,
        "netIncomeRatio": 0.1166665428,
        "eps": 5.58,
        "epsdiluted": 5.58,
        "weightedAverageShsOut": 11255018,
        "weightedAverageShsOutDil": 11255018,
        "link": "https://www.sec.gov/Archives/edgar/data/1282637/000128263719000006/0001282637-19-000006-index.htm",
        "finalLink": "https://www.sec.gov/Archives/edgar/data/1282637/000128263719000006/neu-2018123110k.htm"
    },
    {
        "date": "2018-09-30",
        "symbol": "NEU",
        "reportedCurrency": "USD",
        "cik": "0001282637",
        "fillingDate": "2018-10-25",
        "acceptedDate": "2018-10-25 09:14:12",
        "calendarYear": "2018",
        "period": "Q3",
        "revenue": 563166000,
        "costOfRevenue": 422283000,
        "grossProfit": 140883000,
        "grossProfitRatio": 0.2501624743,
        "researchAndDevelopmentExpenses": 34994000,
        "generalAndAdministrativeExpenses": 37741000,
        "sellingAndMarketingExpenses": 0,
        "sellingGeneralAndAdministrativeExpenses": 37741000,
        "otherExpenses": 0,
        "operatingExpenses": 72735000,
        "costAndExpenses": 495018000,
        "interestIncome": 0,
        "interestExpense": 7807000,
        "depreciationAndAmortization": 18243000,
        "ebitda": 94364000,
        "ebitdaratio": 0.1675598314,
        "operatingIncome": 68148000,
        "operatingIncomeRatio": 0.1210087257,
        "totalOtherIncomeExpensesNet": 166000,
        "incomeBeforeTax": 68314000,
        "incomeBeforeTaxRatio": 0.1213034878,
        "incomeTaxExpense": 9833000,
        "netIncome": 58481000,
        "netIncomeRatio": 0.1038432718,
        "eps": 5.12,
        "epsdiluted": 5.12,
        "weightedAverageShsOut": 11409001,
        "weightedAverageShsOutDil": 11422070,
        "link": "https://www.sec.gov/Archives/edgar/data/1282637/000128263718000019/0001282637-18-000019-index.htm",
        "finalLink": "https://www.sec.gov/Archives/edgar/data/1282637/000128263718000019/neu-201893010xq.htm"
    },
    {
        "date": "2018-06-30",
        "symbol": "NEU",
        "reportedCurrency": "USD",
        "cik": "0001282637",
        "fillingDate": "2018-08-09",
        "acceptedDate": "2018-08-09 08:15:41",
        "calendarYear": "2018",
        "period": "Q2",
        "revenue": 598952000,
        "costOfRevenue": 453093000,
        "grossProfit": 145859000,
        "grossProfitRatio": 0.243523688,
        "researchAndDevelopmentExpenses": 36729000,
        "generalAndAdministrativeExpenses": 41999000,
        "sellingAndMarketingExpenses": 0,
        "sellingGeneralAndAdministrativeExpenses": 41999000,
        "otherExpenses": 0,
        "operatingExpenses": 78728000,
        "costAndExpenses": 531821000,
        "interestIncome": 0,
        "interestExpense": 5565000,
        "depreciationAndAmortization": 17555000,
        "ebitda": 92685000,
        "ebitdaratio": 0.1547452884,
        "operatingIncome": 67131000,
        "operatingIncomeRatio": 0.1120807677,
        "totalOtherIncomeExpensesNet": 2434000,
        "incomeBeforeTax": 69565000,
        "incomeBeforeTaxRatio": 0.1161445325,
        "incomeTaxExpense": 16680000,
        "netIncome": 52885000,
        "netIncomeRatio": 0.0882958902,
        "eps": 4.53,
        "epsdiluted": 4.53,
        "weightedAverageShsOut": 11647001,
        "weightedAverageShsOutDil": 11674393,
        "link": "https://www.sec.gov/Archives/edgar/data/1282637/000128263718000014/0001282637-18-000014-index.htm",
        "finalLink": "https://www.sec.gov/Archives/edgar/data/1282637/000128263718000014/neu-201863010xq.htm"
    },
    {
        "date": "2018-03-31",
        "symbol": "NEU",
        "reportedCurrency": "USD",
        "cik": "0001282637",
        "fillingDate": "2018-04-26",
        "acceptedDate": "2018-04-26 10:37:40",
        "calendarYear": "2018",
        "period": "Q1",
        "revenue": 589245000,
        "costOfRevenue": 432462000,
        "grossProfit": 156783000,
        "grossProfitRatio": 0.2660743833,
        "researchAndDevelopmentExpenses": 34295000,
        "generalAndAdministrativeExpenses": 40913000,
        "sellingAndMarketingExpenses": 0,
        "sellingGeneralAndAdministrativeExpenses": 40913000,
        "otherExpenses": 0,
        "operatingExpenses": 75208000,
        "costAndExpenses": 507670000,
        "interestIncome": 0,
        "interestExpense": 5164000,
        "depreciationAndAmortization": 17665000,
        "ebitda": 104140000,
        "ebitdaratio": 0.176734635,
        "operatingIncome": 81575000,
        "operatingIncomeRatio": 0.138439868,
        "totalOtherIncomeExpensesNet": -264000,
        "incomeBeforeTax": 81311000,
        "incomeBeforeTaxRatio": 0.137991837,
        "incomeTaxExpense": 20746000,
        "netIncome": 60565000,
        "netIncomeRatio": 0.1027840711,
        "eps": 5.14,
        "epsdiluted": 5.14,
        "weightedAverageShsOut": 11762000,
        "weightedAverageShsOutDil": 11783074,
        "link": "https://www.sec.gov/Archives/edgar/data/1282637/000128263718000008/0001282637-18-000008-index.htm",
        "finalLink": "https://www.sec.gov/Archives/edgar/data/1282637/000128263718000008/neu-201833110xq.htm"
    },
    {
        "date": "2017-12-31",
        "symbol": "NEU",
        "reportedCurrency": "USD",
        "cik": "0001282637",
        "fillingDate": "2018-02-15",
        "acceptedDate": "2018-02-15 10:12:37",
        "calendarYear": "2017",
        "period": "Q4",
        "revenue": 559982000,
        "costOfRevenue": 413390000,
        "grossProfit": 146592000,
        "grossProfitRatio": 0.2617798429,
        "researchAndDevelopmentExpenses": 32837000,
        "generalAndAdministrativeExpenses": 43505000,
        "sellingAndMarketingExpenses": 0,
        "sellingGeneralAndAdministrativeExpenses": 43505000,
        "otherExpenses": 52000,
        "operatingExpenses": 76342000,
        "costAndExpenses": 489732000,
        "interestIncome": 0,
        "interestExpense": 5360000,
        "depreciationAndAmortization": 16144000,
        "ebitda": 86446000,
        "ebitdaratio": 0.1543728191,
        "operatingIncome": 70250000,
        "operatingIncomeRatio": 0.1254504609,
        "totalOtherIncomeExpensesNet": -5308000,
        "incomeBeforeTax": 64942000,
        "incomeBeforeTaxRatio": 0.1159715848,
        "incomeTaxExpense": 60870000,
        "netIncome": 4072000,
        "netIncomeRatio": 0.0072716623,
        "eps": 0.35,
        "epsdiluted": 0.35,
        "weightedAverageShsOut": 11634286,
        "weightedAverageShsOutDil": 11634286,
        "link": "https://www.sec.gov/Archives/edgar/data/1282637/000128263718000004/0001282637-18-000004-index.htm",
        "finalLink": "https://www.sec.gov/Archives/edgar/data/1282637/000128263718000004/neu-2017123110k.htm"
    },
    {
        "date": "2017-09-30",
        "symbol": "NEU",
        "reportedCurrency": "USD",
        "cik": "0001282637",
        "fillingDate": "2017-10-26",
        "acceptedDate": "2017-10-26 12:46:04",
        "calendarYear": "2017",
        "period": "Q3",
        "revenue": 548416000,
        "costOfRevenue": 388111000,
        "grossProfit": 160305000,
        "grossProfitRatio": 0.2923054761,
        "researchAndDevelopmentExpenses": 35070000,
        "generalAndAdministrativeExpenses": 42806000,
        "sellingAndMarketingExpenses": 0,
        "sellingGeneralAndAdministrativeExpenses": 42806000,
        "otherExpenses": 112000,
        "operatingExpenses": 77876000,
        "costAndExpenses": 465987000,
        "interestIncome": 0,
        "interestExpense": 5564000,
        "depreciationAndAmortization": 14573000,
        "ebitda": 97114000,
        "ebitdaratio": 0.1770809021,
        "operatingIncome": 82429000,
        "operatingIncomeRatio": 0.150303784,
        "totalOtherIncomeExpensesNet": -5452000,
        "incomeBeforeTax": 76977000,
        "incomeBeforeTaxRatio": 0.1403624256,
        "incomeTaxExpense": 17205000,
        "netIncome": 59772000,
        "netIncomeRatio": 0.1089902556,
        "eps": 5.04,
        "epsdiluted": 5.04,
        "weightedAverageShsOut": 11829001,
        "weightedAverageShsOutDil": 11859524,
        "link": "https://www.sec.gov/Archives/edgar/data/1282637/000128263717000020/0001282637-17-000020-index.htm",
        "finalLink": "https://www.sec.gov/Archives/edgar/data/1282637/000128263717000020/neu-2017093010xq.htm"
    },
    {
        "date": "2017-06-30",
        "symbol": "NEU",
        "reportedCurrency": "USD",
        "cik": "0001282637",
        "fillingDate": "2017-08-03",
        "acceptedDate": "2017-08-03 08:59:37",
        "calendarYear": "2017",
        "period": "Q2",
        "revenue": 547188000,
        "costOfRevenue": 382312000,
        "grossProfit": 164876000,
        "grossProfitRatio": 0.3013150873,
        "researchAndDevelopmentExpenses": 35581000,
        "generalAndAdministrativeExpenses": 38816000,
        "sellingAndMarketingExpenses": 0,
        "sellingGeneralAndAdministrativeExpenses": 38816000,
        "otherExpenses": 171000,
        "operatingExpenses": 74397000,
        "costAndExpenses": 456709000,
        "interestIncome": 0,
        "interestExpense": 5360000,
        "depreciationAndAmortization": 12317000,
        "ebitda": 102967000,
        "ebitdaratio": 0.1881748138,
        "operatingIncome": 90479000,
        "operatingIncomeRatio": 0.1653526759,
        "totalOtherIncomeExpensesNet": -5189000,
        "incomeBeforeTax": 85290000,
        "incomeBeforeTaxRatio": 0.1558696463,
        "incomeTaxExpense": 22562000,
        "netIncome": 62728000,
        "netIncomeRatio": 0.1146370169,
        "eps": 5.29,
        "epsdiluted": 5.29,
        "weightedAverageShsOut": 11829000,
        "weightedAverageShsOutDil": 11829000,
        "link": "https://www.sec.gov/Archives/edgar/data/1282637/000128263717000016/0001282637-17-000016-index.htm",
        "finalLink": "https://www.sec.gov/Archives/edgar/data/1282637/000128263717000016/neu-2017063010xq.htm"
    },
    {
        "date": "2017-03-31",
        "symbol": "NEU",
        "reportedCurrency": "USD",
        "cik": "0001282637",
        "fillingDate": "2017-04-27",
        "acceptedDate": "2017-04-27 08:48:22",
        "calendarYear": "2017",
        "period": "Q1",
        "revenue": 542818000,
        "costOfRevenue": 372573000,
        "grossProfit": 170245000,
        "grossProfitRatio": 0.313631825,
        "researchAndDevelopmentExpenses": 36705000,
        "generalAndAdministrativeExpenses": 39929000,
        "sellingAndMarketingExpenses": 0,
        "sellingGeneralAndAdministrativeExpenses": 39929000,
        "otherExpenses": 194000,
        "operatingExpenses": 76634000,
        "costAndExpenses": 449207000,
        "interestIncome": 0,
        "interestExpense": 5572000,
        "depreciationAndAmortization": 12306000,
        "ebitda": 106111000,
        "ebitdaratio": 0.1954817268,
        "operatingIncome": 93611000,
        "operatingIncomeRatio": 0.1724537506,
        "totalOtherIncomeExpensesNet": -5378000,
        "incomeBeforeTax": 88233000,
        "incomeBeforeTaxRatio": 0.1625461941,
        "incomeTaxExpense": 24296000,
        "netIncome": 63937000,
        "netIncomeRatio": 0.1177871773,
        "eps": 5.39,
        "epsdiluted": 5.39,
        "weightedAverageShsOut": 11829001,
        "weightedAverageShsOutDil": 11862152,
        "link": "https://www.sec.gov/Archives/edgar/data/1282637/000128263717000009/0001282637-17-000009-index.htm",
        "finalLink": "https://www.sec.gov/Archives/edgar/data/1282637/000128263717000009/neu-2017033110xq.htm"
    },
    {
        "date": "2016-12-31",
        "symbol": "NEU",
        "reportedCurrency": "USD",
        "cik": "0001282637",
        "fillingDate": "2017-02-15",
        "acceptedDate": "2017-02-15 09:59:50",
        "calendarYear": "2016",
        "period": "Q4",
        "revenue": 501627000,
        "costOfRevenue": 352217000,
        "grossProfit": 149410000,
        "grossProfitRatio": 0.2978507935,
        "researchAndDevelopmentExpenses": 40308000,
        "generalAndAdministrativeExpenses": 40936000,
        "sellingAndMarketingExpenses": 0,
        "sellingGeneralAndAdministrativeExpenses": 40936000,
        "otherExpenses": 131000,
        "operatingExpenses": 81244000,
        "costAndExpenses": 433461000,
        "interestIncome": 0,
        "interestExpense": 4323000,
        "depreciationAndAmortization": 12154000,
        "ebitda": 80451000,
        "ebitdaratio": 0.1603801231,
        "operatingIncome": 68166000,
        "operatingIncomeRatio": 0.1358898145,
        "totalOtherIncomeExpensesNet": -4192000,
        "incomeBeforeTax": 63974000,
        "incomeBeforeTaxRatio": 0.1275330076,
        "incomeTaxExpense": 18302000,
        "netIncome": 45672000,
        "netIncomeRatio": 0.0910477307,
        "eps": 3.86,
        "epsdiluted": 3.86,
        "weightedAverageShsOut": 11832124,
        "weightedAverageShsOutDil": 11832124,
        "link": "https://www.sec.gov/Archives/edgar/data/1282637/000128263717000005/0001282637-17-000005-index.htm",
        "finalLink": "https://www.sec.gov/Archives/edgar/data/1282637/000128263717000005/neu-2016123110k.htm"
    },
    {
        "date": "2016-09-30",
        "symbol": "NEU",
        "reportedCurrency": "USD",
        "cik": "0001282637",
        "fillingDate": "2016-10-27",
        "acceptedDate": "2016-10-27 10:15:48",
        "calendarYear": "2016",
        "period": "Q3",
        "revenue": 516090000,
        "costOfRevenue": 338689000,
        "grossProfit": 177401000,
        "grossProfitRatio": 0.3437404329,
        "researchAndDevelopmentExpenses": 36715000,
        "generalAndAdministrativeExpenses": 38848000,
        "sellingAndMarketingExpenses": 0,
        "sellingGeneralAndAdministrativeExpenses": 38848000,
        "otherExpenses": 698000,
        "operatingExpenses": 75563000,
        "costAndExpenses": 414252000,
        "interestIncome": 0,
        "interestExpense": 4320000,
        "depreciationAndAmortization": 11657000,
        "ebitda": 114193000,
        "ebitdaratio": 0.2212656707,
        "operatingIncome": 101838000,
        "operatingIncomeRatio": 0.1973260478,
        "totalOtherIncomeExpensesNet": -3622000,
        "incomeBeforeTax": 98216000,
        "incomeBeforeTaxRatio": 0.190307892,
        "incomeTaxExpense": 26767000,
        "netIncome": 71449000,
        "netIncomeRatio": 0.1384429072,
        "eps": 6.03,
        "epsdiluted": 6.03,
        "weightedAverageShsOut": 11823000,
        "weightedAverageShsOutDil": 11823000,
        "link": "https://www.sec.gov/Archives/edgar/data/1282637/000128263716000046/0001282637-16-000046-index.htm",
        "finalLink": "https://www.sec.gov/Archives/edgar/data/1282637/000128263716000046/neu-201693010xq.htm"
    },
    {
        "date": "2016-06-30",
        "symbol": "NEU",
        "reportedCurrency": "USD",
        "cik": "0001282637",
        "fillingDate": "2016-07-28",
        "acceptedDate": "2016-07-28 09:19:23",
        "calendarYear": "2016",
        "period": "Q2",
        "revenue": 521807000,
        "costOfRevenue": 343407000,
        "grossProfit": 178400000,
        "grossProfitRatio": 0.3418888593,
        "researchAndDevelopmentExpenses": 40720000,
        "generalAndAdministrativeExpenses": 40388000,
        "sellingAndMarketingExpenses": 0,
        "sellingGeneralAndAdministrativeExpenses": 40388000,
        "otherExpenses": 0,
        "operatingExpenses": 81108000,
        "costAndExpenses": 424515000,
        "interestIncome": 0,
        "interestExpense": 3954000,
        "depreciationAndAmortization": 10402000,
        "ebitda": 106428000,
        "ebitdaratio": 0.2039604681,
        "operatingIncome": 97292000,
        "operatingIncomeRatio": 0.186452079,
        "totalOtherIncomeExpensesNet": -5220000,
        "incomeBeforeTax": 92072000,
        "incomeBeforeTaxRatio": 0.1764483803,
        "incomeTaxExpense": 27683000,
        "netIncome": 64389000,
        "netIncomeRatio": 0.1233961982,
        "eps": 5.43,
        "epsdiluted": 5.43,
        "weightedAverageShsOut": 11823001,
        "weightedAverageShsOutDil": 11858011,
        "link": "https://www.sec.gov/Archives/edgar/data/1282637/000128263716000043/0001282637-16-000043-index.htm",
        "finalLink": "https://www.sec.gov/Archives/edgar/data/1282637/000128263716000043/neu-201663010xq.htm"
    },
    {
        "date": "2016-03-31",
        "symbol": "NEU",
        "reportedCurrency": "USD",
        "cik": "0001282637",
        "fillingDate": "2016-04-28",
        "acceptedDate": "2016-04-28 15:37:22",
        "calendarYear": "2016",
        "period": "Q1",
        "revenue": 509927000,
        "costOfRevenue": 334377000,
        "grossProfit": 175550000,
        "grossProfitRatio": 0.3442649634,
        "researchAndDevelopmentExpenses": 39216000,
        "generalAndAdministrativeExpenses": 40940000,
        "sellingAndMarketingExpenses": 0,
        "sellingGeneralAndAdministrativeExpenses": 40940000,
        "otherExpenses": 0,
        "operatingExpenses": 80156000,
        "costAndExpenses": 414533000,
        "interestIncome": 0,
        "interestExpense": 4188000,
        "depreciationAndAmortization": 10680000,
        "ebitda": 103814000,
        "ebitdaratio": 0.2035860035,
        "operatingIncome": 95394000,
        "operatingIncomeRatio": 0.1870738361,
        "totalOtherIncomeExpensesNet": -6448000,
        "incomeBeforeTax": 88946000,
        "incomeBeforeTaxRatio": 0.1744288888,
        "incomeTaxExpense": 27015000,
        "netIncome": 61931000,
        "netIncomeRatio": 0.1214507175,
        "eps": 5.22,
        "epsdiluted": 5.22,
        "weightedAverageShsOut": 11839001,
        "weightedAverageShsOutDil": 11864176,
        "link": "https://www.sec.gov/Archives/edgar/data/1282637/000128263716000034/0001282637-16-000034-index.htm",
        "finalLink": "https://www.sec.gov/Archives/edgar/data/1282637/000128263716000034/neu-201633110xq.htm"
    },
    {
        "date": "2015-12-31",
        "symbol": "NEU",
        "reportedCurrency": "USD",
        "cik": "0001282637",
        "fillingDate": "2016-02-12",
        "acceptedDate": "2016-02-12 11:26:17",
        "calendarYear": "2015",
        "period": "Q4",
        "revenue": 479622000,
        "costOfRevenue": 326317000,
        "grossProfit": 153305000,
        "grossProfitRatio": 0.3196371309,
        "researchAndDevelopmentExpenses": 39602000,
        "generalAndAdministrativeExpenses": 43320000,
        "sellingAndMarketingExpenses": 0,
        "sellingGeneralAndAdministrativeExpenses": 43320000,
        "otherExpenses": 0,
        "operatingExpenses": 82922000,
        "costAndExpenses": 409239000,
        "interestIncome": 0,
        "interestExpense": 3716000,
        "depreciationAndAmortization": 10887000,
        "ebitda": 82215000,
        "ebitdaratio": 0.1714162403,
        "operatingIncome": 70383000,
        "operatingIncomeRatio": 0.1467468131,
        "totalOtherIncomeExpensesNet": -2771000,
        "incomeBeforeTax": 67612000,
        "incomeBeforeTaxRatio": 0.1409693467,
        "incomeTaxExpense": 13698000,
        "netIncome": 53914000,
        "netIncomeRatio": 0.1124093557,
        "eps": 4.5,
        "epsdiluted": 4.5,
        "weightedAverageShsOut": 11980889,
        "weightedAverageShsOutDil": 11980889,
        "link": "https://www.sec.gov/Archives/edgar/data/1282637/000128263716000028/0001282637-16-000028-index.htm",
        "finalLink": "https://www.sec.gov/Archives/edgar/data/1282637/000128263716000028/neu-2015123110k.htm"
    },
    {
        "date": "2015-09-30",
        "symbol": "NEU",
        "reportedCurrency": "USD",
        "cik": "0001282637",
        "fillingDate": "2015-10-28",
        "acceptedDate": "2015-10-28 09:57:08",
        "calendarYear": "2015",
        "period": "Q3",
        "revenue": 540933000,
        "costOfRevenue": 366162000,
        "grossProfit": 174771000,
        "grossProfitRatio": 0.3230917692,
        "researchAndDevelopmentExpenses": 38849000,
        "generalAndAdministrativeExpenses": 38298000,
        "sellingAndMarketingExpenses": 0,
        "sellingGeneralAndAdministrativeExpenses": 38298000,
        "otherExpenses": 0,
        "operatingExpenses": 77147000,
        "costAndExpenses": 443309000,
        "interestIncome": 0,
        "interestExpense": 3538000,
        "depreciationAndAmortization": 10812000,
        "ebitda": 105036000,
        "ebitdaratio": 0.1941756188,
        "operatingIncome": 97624000,
        "operatingIncomeRatio": 0.1804733673,
        "totalOtherIncomeExpensesNet": -6938000,
        "incomeBeforeTax": 90686000,
        "incomeBeforeTaxRatio": 0.1676473796,
        "incomeTaxExpense": 28677000,
        "netIncome": 62009000,
        "netIncomeRatio": 0.1146334204,
        "eps": 5.08,
        "epsdiluted": 5.08,
        "weightedAverageShsOut": 12187000,
        "weightedAverageShsOutDil": 12187000,
        "link": "https://www.sec.gov/Archives/edgar/data/1282637/000128263715000022/0001282637-15-000022-index.htm",
        "finalLink": "https://www.sec.gov/Archives/edgar/data/1282637/000128263715000022/neu-201593010xq.htm"
    },
    {
        "date": "2015-06-30",
        "symbol": "NEU",
        "reportedCurrency": "USD",
        "cik": "0001282637",
        "fillingDate": "2015-07-29",
        "acceptedDate": "2015-07-29 16:02:44",
        "calendarYear": "2015",
        "period": "Q2",
        "revenue": 560709000,
        "costOfRevenue": 391001000,
        "grossProfit": 169708000,
        "grossProfitRatio": 0.3026668022,
        "researchAndDevelopmentExpenses": 40118000,
        "generalAndAdministrativeExpenses": 40655000,
        "sellingAndMarketingExpenses": 0,
        "sellingGeneralAndAdministrativeExpenses": 40655000,
        "otherExpenses": 0,
        "operatingExpenses": 80773000,
        "costAndExpenses": 471774000,
        "interestIncome": 0,
        "interestExpense": 3582000,
        "depreciationAndAmortization": 10380000,
        "ebitda": 100998000,
        "ebitdaratio": 0.1801255197,
        "operatingIncome": 88935000,
        "operatingIncomeRatio": 0.1586116863,
        "totalOtherIncomeExpensesNet": -1899000,
        "incomeBeforeTax": 87036000,
        "incomeBeforeTaxRatio": 0.1552249028,
        "incomeTaxExpense": 28303000,
        "netIncome": 58733000,
        "netIncomeRatio": 0.104747739,
        "eps": 4.72,
        "epsdiluted": 4.72,
        "weightedAverageShsOut": 12407000,
        "weightedAverageShsOutDil": 12407000,
        "link": "https://www.sec.gov/Archives/edgar/data/1282637/000128263715000016/0001282637-15-000016-index.htm",
        "finalLink": "https://www.sec.gov/Archives/edgar/data/1282637/000128263715000016/neu-201563010xq.htm"
    },
    {
        "date": "2015-03-31",
        "symbol": "NEU",
        "reportedCurrency": "USD",
        "cik": "0001282637",
        "fillingDate": "2015-04-29",
        "acceptedDate": "2015-04-29 09:16:03",
        "calendarYear": "2015",
        "period": "Q1",
        "revenue": 559566000,
        "costOfRevenue": 378294000,
        "grossProfit": 181272000,
        "grossProfitRatio": 0.3239510621,
        "researchAndDevelopmentExpenses": 39685000,
        "generalAndAdministrativeExpenses": 41809000,
        "sellingAndMarketingExpenses": 0,
        "sellingGeneralAndAdministrativeExpenses": 41809000,
        "otherExpenses": 0,
        "operatingExpenses": 81494000,
        "costAndExpenses": 459788000,
        "interestIncome": 0,
        "interestExpense": 3816000,
        "depreciationAndAmortization": 10186000,
        "ebitda": 107639000,
        "ebitdaratio": 0.1923615802,
        "operatingIncome": 99778000,
        "operatingIncomeRatio": 0.1783131927,
        "totalOtherIncomeExpensesNet": -6141000,
        "incomeBeforeTax": 93637000,
        "incomeBeforeTaxRatio": 0.167338616,
        "incomeTaxExpense": 29690000,
        "netIncome": 63947000,
        "netIncomeRatio": 0.1142796381,
        "eps": 5.14,
        "epsdiluted": 5.14,
        "weightedAverageShsOut": 12413000,
        "weightedAverageShsOutDil": 12413000,
        "link": "https://www.sec.gov/Archives/edgar/data/1282637/000128263715000007/0001282637-15-000007-index.htm",
        "finalLink": "https://www.sec.gov/Archives/edgar/data/1282637/000128263715000007/neu-201533110xq.htm"
    },
    {
        "date": "2014-12-31",
        "symbol": "NEU",
        "reportedCurrency": "USD",
        "cik": "0001282637",
        "fillingDate": "2015-02-17",
        "acceptedDate": "2015-02-17 08:43:46",
        "calendarYear": "2014",
        "period": "Q4",
        "revenue": 548878000,
        "costOfRevenue": 391350000,
        "grossProfit": 157528000,
        "grossProfitRatio": 0.2870000255,
        "researchAndDevelopmentExpenses": 35810000,
        "generalAndAdministrativeExpenses": 41683000,
        "sellingAndMarketingExpenses": 0,
        "sellingGeneralAndAdministrativeExpenses": 41683000,
        "otherExpenses": 0,
        "operatingExpenses": 77493000,
        "costAndExpenses": 468843000,
        "interestIncome": 0,
        "interestExpense": 3889000,
        "depreciationAndAmortization": 10294000,
        "ebitda": 87309000,
        "ebitdaratio": 0.1590681354,
        "operatingIncome": 80035000,
        "operatingIncomeRatio": 0.1458156457,
        "totalOtherIncomeExpensesNet": -6909000,
        "incomeBeforeTax": 73126000,
        "incomeBeforeTaxRatio": 0.1332281491,
        "incomeTaxExpense": 21071000,
        "netIncome": 52055000,
        "netIncomeRatio": 0.094838926,
        "eps": 4.17,
        "epsdiluted": 4.17,
        "weightedAverageShsOut": 12483213,
        "weightedAverageShsOutDil": 12483213,
        "link": "https://www.sec.gov/Archives/edgar/data/1282637/000128263715000004/0001282637-15-000004-index.htm",
        "finalLink": "https://www.sec.gov/Archives/edgar/data/1282637/000128263715000004/neu-20141231x10k.htm"
    },
    {
        "date": "2014-09-30",
        "symbol": "NEU",
        "reportedCurrency": "USD",
        "cik": "0001282637",
        "fillingDate": "2014-10-30",
        "acceptedDate": "2014-10-30 09:10:33",
        "calendarYear": "2014",
        "period": "Q3",
        "revenue": 589667000,
        "costOfRevenue": 424448000,
        "grossProfit": 165219000,
        "grossProfitRatio": 0.2801903447,
        "researchAndDevelopmentExpenses": 35799000,
        "generalAndAdministrativeExpenses": 41376000,
        "sellingAndMarketingExpenses": 0,
        "sellingGeneralAndAdministrativeExpenses": 41376000,
        "otherExpenses": 385000,
        "operatingExpenses": 77175000,
        "costAndExpenses": 501623000,
        "interestIncome": 0,
        "interestExpense": 4168000,
        "depreciationAndAmortization": 10525000,
        "ebitda": 98954000,
        "ebitdaratio": 0.1678133591,
        "operatingIncome": 88044000,
        "operatingIncomeRatio": 0.149311391,
        "totalOtherIncomeExpensesNet": -3783000,
        "incomeBeforeTax": 84261000,
        "incomeBeforeTaxRatio": 0.1428959057,
        "incomeTaxExpense": 27348000,
        "netIncome": 56913000,
        "netIncomeRatio": 0.0965171868,
        "eps": 4.53,
        "epsdiluted": 4.53,
        "weightedAverageShsOut": 12549000,
        "weightedAverageShsOutDil": 12563576,
        "link": "https://www.sec.gov/Archives/edgar/data/1282637/000128263714000015/0001282637-14-000015-index.htm",
        "finalLink": "https://www.sec.gov/Archives/edgar/data/1282637/000128263714000015/neu-201493010xq.htm"
    },
    {
        "date": "2014-06-30",
        "symbol": "NEU",
        "reportedCurrency": "USD",
        "cik": "0001282637",
        "fillingDate": "2014-07-30",
        "acceptedDate": "2014-07-30 08:39:48",
        "calendarYear": "2014",
        "period": "Q2",
        "revenue": 620438000,
        "costOfRevenue": 439692000,
        "grossProfit": 180746000,
        "grossProfitRatio": 0.291320003,
        "researchAndDevelopmentExpenses": 35367000,
        "generalAndAdministrativeExpenses": 40913000,
        "sellingAndMarketingExpenses": 0,
        "sellingGeneralAndAdministrativeExpenses": 40913000,
        "otherExpenses": 0,
        "operatingExpenses": 76280000,
        "costAndExpenses": 515972000,
        "interestIncome": 0,
        "interestExpense": 4346000,
        "depreciationAndAmortization": 10461000,
        "ebitda": 112724000,
        "ebitdaratio": 0.1816845519,
        "operatingIncome": 104466000,
        "operatingIncomeRatio": 0.1683745999,
        "totalOtherIncomeExpensesNet": -6549000,
        "incomeBeforeTax": 97917000,
        "incomeBeforeTaxRatio": 0.1578191536,
        "incomeTaxExpense": 31153000,
        "netIncome": 66764000,
        "netIncomeRatio": 0.1076078512,
        "eps": 5.24,
        "epsdiluted": 5.24,
        "weightedAverageShsOut": 12732000,
        "weightedAverageShsOutDil": 12732000,
        "link": "https://www.sec.gov/Archives/edgar/data/1282637/000128263714000012/0001282637-14-000012-index.htm",
        "finalLink": "https://www.sec.gov/Archives/edgar/data/1282637/000128263714000012/neu-201463010xq.htm"
    },
    {
        "date": "2014-03-31",
        "symbol": "NEU",
        "reportedCurrency": "USD",
        "cik": "0001282637",
        "fillingDate": "2014-04-30",
        "acceptedDate": "2014-04-30 09:29:55",
        "calendarYear": "2014",
        "period": "Q1",
        "revenue": 576422000,
        "costOfRevenue": 414492000,
        "grossProfit": 161930000,
        "grossProfitRatio": 0.2809226574,
        "researchAndDevelopmentExpenses": 32207000,
        "generalAndAdministrativeExpenses": 39548000,
        "sellingAndMarketingExpenses": 0,
        "sellingGeneralAndAdministrativeExpenses": 39548000,
        "otherExpenses": 0,
        "operatingExpenses": 71755000,
        "costAndExpenses": 486247000,
        "interestIncome": 0,
        "interestExpense": 4164000,
        "depreciationAndAmortization": 10258000,
        "ebitda": 98217000,
        "ebitdaratio": 0.1703907901,
        "operatingIncome": 90175000,
        "operatingIncomeRatio": 0.156439206,
        "totalOtherIncomeExpensesNet": -6380000,
        "incomeBeforeTax": 83795000,
        "incomeBeforeTaxRatio": 0.1453709262,
        "incomeTaxExpense": 26272000,
        "netIncome": 57523000,
        "netIncomeRatio": 0.0997932071,
        "eps": 4.43,
        "epsdiluted": 4.43,
        "weightedAverageShsOut": 12953001,
        "weightedAverageShsOutDil": 12984876,
        "link": "https://www.sec.gov/Archives/edgar/data/1282637/000128263714000006/0001282637-14-000006-index.htm",
        "finalLink": "https://www.sec.gov/Archives/edgar/data/1282637/000128263714000006/neu-201433110xq.htm"
    },
    {
        "date": "2013-12-31",
        "symbol": "NEU",
        "reportedCurrency": "USD",
        "cik": "0001282637",
        "fillingDate": "2014-02-19",
        "acceptedDate": "2014-02-19 10:03:25",
        "calendarYear": "2013",
        "period": "Q4",
        "revenue": 556371000,
        "costOfRevenue": 404733000,
        "grossProfit": 151638000,
        "grossProfitRatio": 0.2725483535,
        "researchAndDevelopmentExpenses": 33258000,
        "generalAndAdministrativeExpenses": 43130000,
        "sellingAndMarketingExpenses": 0,
        "sellingGeneralAndAdministrativeExpenses": 43130000,
        "otherExpenses": 0,
        "operatingExpenses": 76388000,
        "costAndExpenses": 481121000,
        "interestIncome": 0,
        "interestExpense": 4182000,
        "depreciationAndAmortization": 10218000,
        "ebitda": 87222000,
        "ebitdaratio": 0.1567694937,
        "operatingIncome": 75250000,
        "operatingIncomeRatio": 0.1352514779,
        "totalOtherIncomeExpensesNet": -2428000,
        "incomeBeforeTax": 72822000,
        "incomeBeforeTaxRatio": 0.1308874834,
        "incomeTaxExpense": 18821000,
        "netIncome": 54001000,
        "netIncomeRatio": 0.0970593363,
        "eps": 4.08,
        "epsdiluted": 4.08,
        "weightedAverageShsOut": 13235539,
        "weightedAverageShsOutDil": 13235539,
        "link": "https://www.sec.gov/Archives/edgar/data/1282637/000128263714000003/0001282637-14-000003-index.htm",
        "finalLink": "https://www.sec.gov/Archives/edgar/data/1282637/000128263714000003/neu-20131231x10k.htm"
    },
    {
        "date": "2013-09-30",
        "symbol": "NEU",
        "reportedCurrency": "USD",
        "cik": "0001282637",
        "fillingDate": "2013-10-31",
        "acceptedDate": "2013-10-31 09:22:35",
        "calendarYear": "2013",
        "period": "Q3",
        "revenue": 580455000,
        "costOfRevenue": 416632000,
        "grossProfit": 163823000,
        "grossProfitRatio": 0.2822320421,
        "researchAndDevelopmentExpenses": 35865000,
        "generalAndAdministrativeExpenses": 40886000,
        "sellingAndMarketingExpenses": 0,
        "sellingGeneralAndAdministrativeExpenses": 40886000,
        "otherExpenses": -613000,
        "operatingExpenses": 76751000,
        "costAndExpenses": 493383000,
        "interestIncome": 0,
        "interestExpense": 4259000,
        "depreciationAndAmortization": 10042000,
        "ebitda": 96501000,
        "ebitdaratio": 0.1662506137,
        "operatingIncome": 87072000,
        "operatingIncomeRatio": 0.1500064604,
        "totalOtherIncomeExpensesNet": -4872000,
        "incomeBeforeTax": 82200000,
        "incomeBeforeTaxRatio": 0.1416130449,
        "incomeTaxExpense": 25179000,
        "netIncome": 78896000,
        "netIncomeRatio": 0.1359209586,
        "eps": 5.94,
        "epsdiluted": 5.94,
        "weightedAverageShsOut": 13279002,
        "weightedAverageShsOutDil": 13282155,
        "link": "https://www.sec.gov/Archives/edgar/data/1282637/000128263713000018/0001282637-13-000018-index.htm",
        "finalLink": "https://www.sec.gov/Archives/edgar/data/1282637/000128263713000018/neu-2013930x10q.htm"
    },
    {
        "date": "2013-06-30",
        "symbol": "NEU",
        "reportedCurrency": "USD",
        "cik": "0001282637",
        "fillingDate": "2013-07-31",
        "acceptedDate": "2013-07-31 09:05:02",
        "calendarYear": "2013",
        "period": "Q2",
        "revenue": 583779000,
        "costOfRevenue": 414351000,
        "grossProfit": 169428000,
        "grossProfitRatio": 0.2902262671,
        "researchAndDevelopmentExpenses": 36429000,
        "generalAndAdministrativeExpenses": 39921000,
        "sellingAndMarketingExpenses": 0,
        "sellingGeneralAndAdministrativeExpenses": 39921000,
        "otherExpenses": 0,
        "operatingExpenses": 76350000,
        "costAndExpenses": 490701000,
        "interestIncome": 0,
        "interestExpense": 4573000,
        "depreciationAndAmortization": 14088000,
        "ebitda": 112540000,
        "ebitdaratio": 0.1927784316,
        "operatingIncome": 93078000,
        "operatingIncomeRatio": 0.1594404732,
        "totalOtherIncomeExpensesNet": 801000,
        "incomeBeforeTax": 93879000,
        "incomeBeforeTaxRatio": 0.1608125678,
        "incomeTaxExpense": 29495000,
        "netIncome": 64010000,
        "netIncomeRatio": 0.1096476578,
        "eps": 4.81,
        "epsdiluted": 4.81,
        "weightedAverageShsOut": 13303000,
        "weightedAverageShsOutDil": 13307692,
        "link": "https://www.sec.gov/Archives/edgar/data/1282637/000128263713000015/0001282637-13-000015-index.htm",
        "finalLink": "https://www.sec.gov/Archives/edgar/data/1282637/000128263713000015/neu-2013630x10q.htm"
    },
    {
        "date": "2013-03-31",
        "symbol": "NEU",
        "reportedCurrency": "USD",
        "cik": "0001282637",
        "fillingDate": "2013-04-29",
        "acceptedDate": "2013-04-29 10:36:16",
        "calendarYear": "2013",
        "period": "Q1",
        "revenue": 562608000,
        "costOfRevenue": 392411000,
        "grossProfit": 170197000,
        "grossProfitRatio": 0.3025143617,
        "researchAndDevelopmentExpenses": 31021000,
        "generalAndAdministrativeExpenses": 40941000,
        "sellingAndMarketingExpenses": 0,
        "sellingGeneralAndAdministrativeExpenses": 40941000,
        "otherExpenses": 0,
        "operatingExpenses": 71962000,
        "costAndExpenses": 464373000,
        "interestIncome": 0,
        "interestExpense": 5109000,
        "depreciationAndAmortization": 11796000,
        "ebitda": 110778000,
        "ebitdaratio": 0.1969008617,
        "operatingIncome": 98235000,
        "operatingIncomeRatio": 0.1746064756,
        "totalOtherIncomeExpensesNet": -5825000,
        "incomeBeforeTax": 93873000,
        "incomeBeforeTaxRatio": 0.1668532975,
        "incomeTaxExpense": 26038000,
        "netIncome": 67835000,
        "netIncomeRatio": 0.1205724057,
        "eps": 5.07,
        "epsdiluted": 5.07,
        "weightedAverageShsOut": 13375999,
        "weightedAverageShsOutDil": 13379684,
        "link": "https://www.sec.gov/Archives/edgar/data/1282637/000128263713000009/0001282637-13-000009-index.htm",
        "finalLink": "https://www.sec.gov/Archives/edgar/data/1282637/000128263713000009/neu-2013331x10q.htm"
    },
    {
        "date": "2012-12-31",
        "symbol": "NEU",
        "reportedCurrency": "USD",
        "cik": "0001282637",
        "fillingDate": "2013-02-15",
        "acceptedDate": "2013-02-15 11:27:39",
        "calendarYear": "2012",
        "period": "Q4",
        "revenue": 516180000,
        "costOfRevenue": 375644000,
        "grossProfit": 140536000,
        "grossProfitRatio": 0.2722616142,
        "researchAndDevelopmentExpenses": 31276000,
        "generalAndAdministrativeExpenses": 39506000,
        "sellingAndMarketingExpenses": 0,
        "sellingGeneralAndAdministrativeExpenses": 39506000,
        "otherExpenses": 402000,
        "operatingExpenses": 70782000,
        "costAndExpenses": 446426000,
        "interestIncome": 0,
        "interestExpense": 2317000,
        "depreciationAndAmortization": 10940000,
        "ebitda": 37707000,
        "ebitdaratio": 0.0730500988,
        "operatingIncome": 69754000,
        "operatingIncomeRatio": 0.1351350304,
        "totalOtherIncomeExpensesNet": -1915000,
        "incomeBeforeTax": 67839000,
        "incomeBeforeTaxRatio": 0.1314250843,
        "incomeTaxExpense": 14776000,
        "netIncome": 53063000,
        "netIncomeRatio": 0.1027994111,
        "eps": 3.94,
        "epsdiluted": 3.94,
        "weightedAverageShsOut": 13467766,
        "weightedAverageShsOutDil": 13467766,
        "link": "https://www.sec.gov/Archives/edgar/data/1282637/000128263713000003/0001282637-13-000003-index.htm",
        "finalLink": "https://www.sec.gov/Archives/edgar/data/1282637/000128263713000003/neu-20121231x10k.htm"
    },
    {
        "date": "2012-09-30",
        "symbol": "NEU",
        "reportedCurrency": "USD",
        "cik": "0001282637",
        "fillingDate": "2012-10-26",
        "acceptedDate": "2012-10-26 15:29:27",
        "calendarYear": "2012",
        "period": "Q3",
        "revenue": 554044000,
        "costOfRevenue": 391985000,
        "grossProfit": 162059000,
        "grossProfitRatio": 0.2925020395,
        "researchAndDevelopmentExpenses": 30208000,
        "generalAndAdministrativeExpenses": 37096000,
        "sellingAndMarketingExpenses": 0,
        "sellingGeneralAndAdministrativeExpenses": 37096000,
        "otherExpenses": 81000,
        "operatingExpenses": 67304000,
        "costAndExpenses": 459289000,
        "interestIncome": 0,
        "interestExpense": 1632000,
        "depreciationAndAmortization": 11772000,
        "ebitda": 103876000,
        "ebitdaratio": 0.1874869144,
        "operatingIncome": 94755000,
        "operatingIncomeRatio": 0.171024323,
        "totalOtherIncomeExpensesNet": -1551000,
        "incomeBeforeTax": 93204000,
        "incomeBeforeTaxRatio": 0.1682249063,
        "incomeTaxExpense": 28489000,
        "netIncome": 64715000,
        "netIncomeRatio": 0.1168048025,
        "eps": 4.83,
        "epsdiluted": 4.83,
        "weightedAverageShsOut": 13406000,
        "weightedAverageShsOutDil": 13406000,
        "link": "https://www.sec.gov/Archives/edgar/data/1282637/000128263712000006/0001282637-12-000006-index.htm",
        "finalLink": "https://www.sec.gov/Archives/edgar/data/1282637/000128263712000006/neu-2012930x10q.htm"
    },
    {
        "date": "2012-06-30",
        "symbol": "NEU",
        "reportedCurrency": "USD",
        "cik": "0001282637",
        "fillingDate": "2012-07-31",
        "acceptedDate": "2012-07-31 10:12:40",
        "calendarYear": "2012",
        "period": "Q2",
        "revenue": 590406000,
        "costOfRevenue": 425007000,
        "grossProfit": 165399000,
        "grossProfitRatio": 0.2801445107,
        "researchAndDevelopmentExpenses": 28466000,
        "generalAndAdministrativeExpenses": 40699000,
        "sellingAndMarketingExpenses": 0,
        "sellingGeneralAndAdministrativeExpenses": 40699000,
        "otherExpenses": 0,
        "operatingExpenses": 69165000,
        "costAndExpenses": 494172000,
        "interestIncome": 0,
        "interestExpense": 2384000,
        "depreciationAndAmortization": 10612000,
        "ebitda": 94117000,
        "ebitdaratio": 0.1594106428,
        "operatingIncome": 96234000,
        "operatingIncomeRatio": 0.162996311,
        "totalOtherIncomeExpensesNet": -15049000,
        "incomeBeforeTax": 81545000,
        "incomeBeforeTaxRatio": 0.1381168213,
        "incomeTaxExpense": 26277000,
        "netIncome": 55268000,
        "netIncomeRatio": 0.0936101598,
        "eps": 4.12,
        "epsdiluted": 4.12,
        "weightedAverageShsOut": 13405000,
        "weightedAverageShsOutDil": 13405000,
        "link": "https://www.sec.gov/Archives/edgar/data/1282637/000144530512002354/0001445305-12-002354-index.htm",
        "finalLink": "https://www.sec.gov/Archives/edgar/data/1282637/000144530512002354/neu-2012630x10q.htm"
    },
    {
        "date": "2012-03-31",
        "symbol": "NEU",
        "reportedCurrency": "USD",
        "cik": "0001282637",
        "fillingDate": "2012-05-02",
        "acceptedDate": "2012-05-02 08:54:05",
        "calendarYear": "2012",
        "period": "Q1",
        "revenue": 562679000,
        "costOfRevenue": 393143000,
        "grossProfit": 169536000,
        "grossProfitRatio": 0.3013014525,
        "researchAndDevelopmentExpenses": 27895000,
        "generalAndAdministrativeExpenses": 36908000,
        "sellingAndMarketingExpenses": 0,
        "sellingGeneralAndAdministrativeExpenses": 36908000,
        "otherExpenses": 0,
        "operatingExpenses": 64803000,
        "costAndExpenses": 457946000,
        "interestIncome": 0,
        "interestExpense": 4482000,
        "depreciationAndAmortization": 10065000,
        "ebitda": 113767000,
        "ebitdaratio": 0.2021881037,
        "operatingIncome": 104733000,
        "operatingIncomeRatio": 0.1861327684,
        "totalOtherIncomeExpensesNet": -5930000,
        "incomeBeforeTax": 98803000,
        "incomeBeforeTaxRatio": 0.1755938999,
        "incomeTaxExpense": 32256000,
        "netIncome": 66547000,
        "netIncomeRatio": 0.1182681422,
        "eps": 4.96,
        "epsdiluted": 4.96,
        "weightedAverageShsOut": 13405000,
        "weightedAverageShsOutDil": 13405000,
        "link": "https://www.sec.gov/Archives/edgar/data/1282637/000119312512202918/0001193125-12-202918-index.htm",
        "finalLink": "https://www.sec.gov/Archives/edgar/data/1282637/000119312512202918/d312958d10q.htm"
    },
    {
        "date": "2011-12-31",
        "symbol": "NEU",
        "reportedCurrency": "USD",
        "cik": "0001282637",
        "fillingDate": "2012-02-22",
        "acceptedDate": "2012-02-22 09:14:24",
        "calendarYear": "2011",
        "period": "Q4",
        "revenue": 505556000,
        "costOfRevenue": 380485000,
        "grossProfit": 125071000,
        "grossProfitRatio": 0.2473929693,
        "researchAndDevelopmentExpenses": 28768000,
        "generalAndAdministrativeExpenses": 39784000,
        "sellingAndMarketingExpenses": 0,
        "sellingGeneralAndAdministrativeExpenses": 39784000,
        "otherExpenses": 38656000,
        "operatingExpenses": 107208000,
        "costAndExpenses": 487693000,
        "interestIncome": 0,
        "interestExpense": 4685000,
        "depreciationAndAmortization": 10600000,
        "ebitda": 67553000,
        "ebitdaratio": 0.1336212012,
        "operatingIncome": 56519000,
        "operatingIncomeRatio": 0.1117957259,
        "totalOtherIncomeExpensesNet": -5854000,
        "incomeBeforeTax": 50665000,
        "incomeBeforeTaxRatio": 0.1002163954,
        "incomeTaxExpense": 16967000,
        "netIncome": 33698000,
        "netIncomeRatio": 0.066655326,
        "eps": 2.51,
        "epsdiluted": 2.51,
        "weightedAverageShsOut": 13405000,
        "weightedAverageShsOutDil": 13405000,
        "link": "https://www.sec.gov/Archives/edgar/data/1282637/000119312512071628/0001193125-12-071628-index.htm",
        "finalLink": "https://www.sec.gov/Archives/edgar/data/1282637/000119312512071628/d260150d10k.htm"
    },
    {
        "date": "2011-09-30",
        "symbol": "NEU",
        "reportedCurrency": "USD",
        "cik": "0001282637",
        "fillingDate": "2011-11-02",
        "acceptedDate": "2011-11-02 09:32:53",
        "calendarYear": "2011",
        "period": "Q3",
        "revenue": 557396000,
        "costOfRevenue": 412200000,
        "grossProfit": 145196000,
        "grossProfitRatio": 0.2604898492,
        "researchAndDevelopmentExpenses": 26888000,
        "generalAndAdministrativeExpenses": 36075000,
        "sellingAndMarketingExpenses": 0,
        "sellingGeneralAndAdministrativeExpenses": 36075000,
        "otherExpenses": -38656000,
        "operatingExpenses": 24307000,
        "costAndExpenses": 436507000,
        "interestIncome": 0,
        "interestExpense": 4797000,
        "depreciationAndAmortization": 10378000,
        "ebitda": 119637000,
        "ebitdaratio": 0.2146355553,
        "operatingIncome": 120889000,
        "operatingIncomeRatio": 0.2168817143,
        "totalOtherIncomeExpensesNet": -17622000,
        "incomeBeforeTax": 103267000,
        "incomeBeforeTaxRatio": 0.185266848,
        "incomeTaxExpense": 31906000,
        "netIncome": 71361000,
        "netIncomeRatio": 0.1280256765,
        "eps": 5.22,
        "epsdiluted": 5.22,
        "weightedAverageShsOut": 13680000,
        "weightedAverageShsOutDil": 13680000,
        "link": "https://www.sec.gov/Archives/edgar/data/1282637/000119312511292030/0001193125-11-292030-index.htm",
        "finalLink": "https://www.sec.gov/Archives/edgar/data/1282637/000119312511292030/d234030d10q.htm"
    },
    {
        "date": "2011-06-30",
        "symbol": "NEU",
        "reportedCurrency": "USD",
        "cik": "0001282637",
        "fillingDate": "2011-08-04",
        "acceptedDate": "2011-08-04 09:26:52",
        "calendarYear": "2011",
        "period": "Q2",
        "revenue": 578523000,
        "costOfRevenue": 430727000,
        "grossProfit": 147796000,
        "grossProfitRatio": 0.2554712604,
        "researchAndDevelopmentExpenses": 25379000,
        "generalAndAdministrativeExpenses": 37319000,
        "sellingAndMarketingExpenses": 0,
        "sellingGeneralAndAdministrativeExpenses": 37319000,
        "otherExpenses": 0,
        "operatingExpenses": 62698000,
        "costAndExpenses": 493425000,
        "interestIncome": 0,
        "interestExpense": 4693000,
        "depreciationAndAmortization": 10604000,
        "ebitda": 91715000,
        "ebitdaratio": 0.1585330229,
        "operatingIncome": 85098000,
        "operatingIncomeRatio": 0.1470952754,
        "totalOtherIncomeExpensesNet": -8680000,
        "incomeBeforeTax": 76418000,
        "incomeBeforeTaxRatio": 0.1320915504,
        "incomeTaxExpense": 24159000,
        "netIncome": 52259000,
        "netIncomeRatio": 0.0903317586,
        "eps": 3.77,
        "epsdiluted": 3.77,
        "weightedAverageShsOut": 13852000,
        "weightedAverageShsOutDil": 13856000,
        "link": "https://www.sec.gov/Archives/edgar/data/1282637/000119312511209447/0001193125-11-209447-index.htm",
        "finalLink": "https://www.sec.gov/Archives/edgar/data/1282637/000119312511209447/d10q.htm"
    },
    {
        "date": "2011-03-31",
        "symbol": "NEU",
        "reportedCurrency": "USD",
        "cik": "0001282637",
        "fillingDate": "2011-04-29",
        "acceptedDate": "2011-04-29 09:18:58",
        "calendarYear": "2011",
        "period": "Q1",
        "revenue": 508083000,
        "costOfRevenue": 367119000,
        "grossProfit": 140964000,
        "grossProfitRatio": 0.2774428587,
        "researchAndDevelopmentExpenses": 24461000,
        "generalAndAdministrativeExpenses": 38424000,
        "sellingAndMarketingExpenses": 0,
        "sellingGeneralAndAdministrativeExpenses": 38424000,
        "otherExpenses": 0,
        "operatingExpenses": 62885000,
        "costAndExpenses": 430004000,
        "interestIncome": 0,
        "interestExpense": 4645000,
        "depreciationAndAmortization": 10167000,
        "ebitda": 88179000,
        "ebitdaratio": 0.1735523527,
        "operatingIncome": 78079000,
        "operatingIncomeRatio": 0.1536737108,
        "totalOtherIncomeExpensesNet": -4712000,
        "incomeBeforeTax": 73367000,
        "incomeBeforeTaxRatio": 0.1443996355,
        "incomeTaxExpense": 23778000,
        "netIncome": 49589000,
        "netIncomeRatio": 0.0976001952,
        "eps": 3.57,
        "epsdiluted": 3.57,
        "weightedAverageShsOut": 13890000,
        "weightedAverageShsOutDil": 13906000,
        "link": "https://www.sec.gov/Archives/edgar/data/1282637/000119312511117129/0001193125-11-117129-index.htm",
        "finalLink": "https://www.sec.gov/Archives/edgar/data/1282637/000119312511117129/d10q.htm"
    },
    {
        "date": "2010-12-31",
        "symbol": "NEU",
        "reportedCurrency": "USD",
        "cik": "0001282637",
        "fillingDate": "2011-02-22",
        "acceptedDate": "2011-02-22 10:16:38",
        "calendarYear": "2010",
        "period": "Q4",
        "revenue": 460648000,
        "costOfRevenue": 333720000,
        "grossProfit": 126928000,
        "grossProfitRatio": 0.2755422796,
        "researchAndDevelopmentExpenses": 25322000,
        "generalAndAdministrativeExpenses": 34489000,
        "sellingAndMarketingExpenses": 0,
        "sellingGeneralAndAdministrativeExpenses": 34489000,
        "otherExpenses": 0,
        "operatingExpenses": 59811000,
        "costAndExpenses": 393531000,
        "interestIncome": 0,
        "interestExpense": 4533000,
        "depreciationAndAmortization": 9836000,
        "ebitda": 85347000,
        "ebitdaratio": 0.1852759591,
        "operatingIncome": 67117000,
        "operatingIncomeRatio": 0.145701273,
        "totalOtherIncomeExpensesNet": 2394000,
        "incomeBeforeTax": 69511000,
        "incomeBeforeTaxRatio": 0.1508982998,
        "incomeTaxExpense": 20099000,
        "netIncome": 49412000,
        "netIncomeRatio": 0.1072662858,
        "eps": 3.56,
        "epsdiluted": 3.56,
        "weightedAverageShsOut": 13890000,
        "weightedAverageShsOutDil": 13890000,
        "link": "https://www.sec.gov/Archives/edgar/data/1282637/000119312511041569/0001193125-11-041569-index.htm",
        "finalLink": "https://www.sec.gov/Archives/edgar/data/1282637/000119312511041569/d10k.htm"
    },
    {
        "date": "2010-09-30",
        "symbol": "NEU",
        "reportedCurrency": "USD",
        "cik": "0001282637",
        "fillingDate": "2010-10-29",
        "acceptedDate": "2010-10-29 09:30:54",
        "calendarYear": "2010",
        "period": "Q3",
        "revenue": 471777000,
        "costOfRevenue": 335855000,
        "grossProfit": 135922000,
        "grossProfitRatio": 0.2881064571,
        "researchAndDevelopmentExpenses": 22719000,
        "generalAndAdministrativeExpenses": 35711000,
        "sellingAndMarketingExpenses": 0,
        "sellingGeneralAndAdministrativeExpenses": 35711000,
        "otherExpenses": 0,
        "operatingExpenses": 58430000,
        "costAndExpenses": 394285000,
        "interestIncome": 0,
        "interestExpense": 4465000,
        "depreciationAndAmortization": 10113000,
        "ebitda": 82152000,
        "ebitdaratio": 0.174133118,
        "operatingIncome": 77492000,
        "operatingIncomeRatio": 0.1642555699,
        "totalOtherIncomeExpensesNet": -9918000,
        "incomeBeforeTax": 67574000,
        "incomeBeforeTaxRatio": 0.1432329257,
        "incomeTaxExpense": 21855000,
        "netIncome": 45719000,
        "netIncomeRatio": 0.0969080731,
        "eps": 3.19,
        "epsdiluted": 3.18,
        "weightedAverageShsOut": 14353000,
        "weightedAverageShsOutDil": 14383000,
        "link": "https://www.sec.gov/Archives/edgar/data/1282637/000119312510240665/0001193125-10-240665-index.htm",
        "finalLink": "https://www.sec.gov/Archives/edgar/data/1282637/000119312510240665/d10q.htm"
    },
    {
        "date": "2010-06-30",
        "symbol": "NEU",
        "reportedCurrency": "USD",
        "cik": "0001282637",
        "fillingDate": "2010-08-04",
        "acceptedDate": "2010-08-04 08:28:00",
        "calendarYear": "2010",
        "period": "Q2",
        "revenue": 469841000,
        "costOfRevenue": 337640000,
        "grossProfit": 132201000,
        "grossProfitRatio": 0.2813739116,
        "researchAndDevelopmentExpenses": 22064000,
        "generalAndAdministrativeExpenses": 36193000,
        "sellingAndMarketingExpenses": 0,
        "sellingGeneralAndAdministrativeExpenses": 36193000,
        "otherExpenses": 0,
        "operatingExpenses": 58257000,
        "costAndExpenses": 395897000,
        "interestIncome": 0,
        "interestExpense": 4314000,
        "depreciationAndAmortization": 8939000,
        "ebitda": 73673000,
        "ebitdaratio": 0.1568041103,
        "operatingIncome": 73944000,
        "operatingIncomeRatio": 0.1573809012,
        "totalOtherIncomeExpensesNet": -13524000,
        "incomeBeforeTax": 60420000,
        "incomeBeforeTaxRatio": 0.1285966955,
        "incomeTaxExpense": 20564000,
        "netIncome": 39856000,
        "netIncomeRatio": 0.0848286974,
        "eps": 2.69,
        "epsdiluted": 2.69,
        "weightedAverageShsOut": 14796000,
        "weightedAverageShsOutDil": 14828000,
        "link": "https://www.sec.gov/Archives/edgar/data/1282637/000119312510176281/0001193125-10-176281-index.htm",
        "finalLink": "https://www.sec.gov/Archives/edgar/data/1282637/000119312510176281/d10q.htm"
    },
    {
        "date": "2010-03-31",
        "symbol": "NEU",
        "reportedCurrency": "USD",
        "cik": "0001282637",
        "fillingDate": "2010-04-28",
        "acceptedDate": "2010-04-28 09:11:42",
        "calendarYear": "2010",
        "period": "Q1",
        "revenue": 395126000,
        "costOfRevenue": 274718000,
        "grossProfit": 120408000,
        "grossProfitRatio": 0.3047331737,
        "researchAndDevelopmentExpenses": 21083000,
        "generalAndAdministrativeExpenses": 30574000,
        "sellingAndMarketingExpenses": 0,
        "sellingGeneralAndAdministrativeExpenses": 30574000,
        "otherExpenses": 0,
        "operatingExpenses": 51657000,
        "costAndExpenses": 326375000,
        "interestIncome": 0,
        "interestExpense": 3949000,
        "depreciationAndAmortization": 8779000,
        "ebitda": 75219000,
        "ebitdaratio": 0.1903671234,
        "operatingIncome": 68751000,
        "operatingIncomeRatio": 0.1739976615,
        "totalOtherIncomeExpensesNet": -6260000,
        "incomeBeforeTax": 62491000,
        "incomeBeforeTaxRatio": 0.158154614,
        "incomeTaxExpense": 20353000,
        "netIncome": 42138000,
        "netIncomeRatio": 0.1066444628,
        "eps": 2.79,
        "epsdiluted": 2.78,
        "weightedAverageShsOut": 15118000,
        "weightedAverageShsOutDil": 15154000,
        "link": "https://www.sec.gov/Archives/edgar/data/1282637/000119312510095878/0001193125-10-095878-index.htm",
        "finalLink": "https://www.sec.gov/Archives/edgar/data/1282637/000119312510095878/d10q.htm"
    },
    {
        "date": "2009-12-31",
        "symbol": "NEU",
        "reportedCurrency": "USD",
        "cik": "0001282637",
        "fillingDate": "2010-02-19",
        "acceptedDate": "2010-02-19 10:25:55",
        "calendarYear": "2009",
        "period": "Q4",
        "revenue": 404241000,
        "costOfRevenue": 286435000,
        "grossProfit": 117806000,
        "grossProfitRatio": 0.2914251647,
        "researchAndDevelopmentExpenses": 24624000,
        "generalAndAdministrativeExpenses": 31759000,
        "sellingAndMarketingExpenses": 0,
        "sellingGeneralAndAdministrativeExpenses": 31759000,
        "otherExpenses": 0,
        "operatingExpenses": 56383000,
        "costAndExpenses": 342818000,
        "interestIncome": 0,
        "interestExpense": 3012000,
        "depreciationAndAmortization": 8088000,
        "ebitda": 75296000,
        "ebitdaratio": 0.186265124,
        "operatingIncome": 61423000,
        "operatingIncomeRatio": 0.1519464874,
        "totalOtherIncomeExpensesNet": 1526000,
        "incomeBeforeTax": 62949000,
        "incomeBeforeTaxRatio": 0.1557214632,
        "incomeTaxExpense": 16699000,
        "netIncome": 46250000,
        "netIncomeRatio": 0.1144119473,
        "eps": 3.06,
        "epsdiluted": 3.06,
        "weightedAverageShsOut": 15118000,
        "weightedAverageShsOutDil": 15118000,
        "link": "https://www.sec.gov/Archives/edgar/data/1282637/000119312510034830/0001193125-10-034830-index.htm",
        "finalLink": "https://www.sec.gov/Archives/edgar/data/1282637/000119312510034830/d10k.htm"
    },
    {
        "date": "2009-09-30",
        "symbol": "NEU",
        "reportedCurrency": "USD",
        "cik": "0001282637",
        "fillingDate": "2009-10-27",
        "acceptedDate": "2009-10-27 10:08:15",
        "calendarYear": "2009",
        "period": "Q3",
        "revenue": 417832000,
        "costOfRevenue": 274865000,
        "grossProfit": 142967000,
        "grossProfitRatio": 0.3421638362,
        "researchAndDevelopmentExpenses": 21602000,
        "generalAndAdministrativeExpenses": 27618000,
        "sellingAndMarketingExpenses": 0,
        "sellingGeneralAndAdministrativeExpenses": 27618000,
        "otherExpenses": 0,
        "operatingExpenses": 49220000,
        "costAndExpenses": 324085000,
        "interestIncome": 0,
        "interestExpense": 2909000,
        "depreciationAndAmortization": 7917000,
        "ebitda": 97860000,
        "ebitdaratio": 0.2342089644,
        "operatingIncome": 93747000,
        "operatingIncomeRatio": 0.2243652951,
        "totalOtherIncomeExpensesNet": -6713000,
        "incomeBeforeTax": 87034000,
        "incomeBeforeTaxRatio": 0.2082990293,
        "incomeTaxExpense": 30347000,
        "netIncome": 56687000,
        "netIncomeRatio": 0.1356693599,
        "eps": 3.73,
        "epsdiluted": 3.72,
        "weightedAverageShsOut": 15208000,
        "weightedAverageShsOutDil": 15245000,
        "link": "https://www.sec.gov/Archives/edgar/data/1282637/000119312509214448/0001193125-09-214448-index.htm",
        "finalLink": "https://www.sec.gov/Archives/edgar/data/1282637/000119312509214448/d10q.htm"
    },
    {
        "date": "2009-06-30",
        "symbol": "NEU",
        "reportedCurrency": "USD",
        "cik": "0001282637",
        "fillingDate": "2009-07-29",
        "acceptedDate": "2009-07-29 09:01:31",
        "calendarYear": "2009",
        "period": "Q2",
        "revenue": 370921000,
        "costOfRevenue": 259508000,
        "grossProfit": 111413000,
        "grossProfitRatio": 0.3003685421,
        "researchAndDevelopmentExpenses": 21092000,
        "generalAndAdministrativeExpenses": 29256000,
        "sellingAndMarketingExpenses": 0,
        "sellingGeneralAndAdministrativeExpenses": 29256000,
        "otherExpenses": 0,
        "operatingExpenses": 50348000,
        "costAndExpenses": 309856000,
        "interestIncome": 0,
        "interestExpense": 2859000,
        "depreciationAndAmortization": 7805000,
        "ebitda": 57020000,
        "ebitdaratio": 0.1537254564,
        "operatingIncome": 61065000,
        "operatingIncomeRatio": 0.1646307435,
        "totalOtherIncomeExpensesNet": -14709000,
        "incomeBeforeTax": 46356000,
        "incomeBeforeTaxRatio": 0.1249753991,
        "incomeTaxExpense": 15698000,
        "netIncome": 30658000,
        "netIncomeRatio": 0.0826537187,
        "eps": 2.02,
        "epsdiluted": 2.01,
        "weightedAverageShsOut": 15204000,
        "weightedAverageShsOutDil": 15242000,
        "link": "https://www.sec.gov/Archives/edgar/data/1282637/000119312509157668/0001193125-09-157668-index.htm",
        "finalLink": "https://www.sec.gov/Archives/edgar/data/1282637/000119312509157668/d10q.htm"
    },
    {
        "date": "2009-03-31",
        "symbol": "NEU",
        "reportedCurrency": "USD",
        "cik": "0001282637",
        "fillingDate": "2009-04-29",
        "acceptedDate": "2009-04-29 08:52:23",
        "calendarYear": "2009",
        "period": "Q1",
        "revenue": 337128000,
        "costOfRevenue": 246054000,
        "grossProfit": 91074000,
        "grossProfitRatio": 0.2701466505,
        "researchAndDevelopmentExpenses": 18754000,
        "generalAndAdministrativeExpenses": 26267000,
        "sellingAndMarketingExpenses": 0,
        "sellingGeneralAndAdministrativeExpenses": 26267000,
        "otherExpenses": 0,
        "operatingExpenses": 45021000,
        "costAndExpenses": 291075000,
        "interestIncome": 0,
        "interestExpense": 2936000,
        "depreciationAndAmortization": 7763000,
        "ebitda": 53736000,
        "ebitdaratio": 0.1593934648,
        "operatingIncome": 46053000,
        "operatingIncomeRatio": 0.1366039012,
        "totalOtherIncomeExpensesNet": -3016000,
        "incomeBeforeTax": 43037000,
        "incomeBeforeTaxRatio": 0.1276577442,
        "incomeTaxExpense": 14349000,
        "netIncome": 28688000,
        "netIncomeRatio": 0.0850952754,
        "eps": 1.89,
        "epsdiluted": 1.88,
        "weightedAverageShsOut": 15203000,
        "weightedAverageShsOutDil": 15241000,
        "link": "https://www.sec.gov/Archives/edgar/data/1282637/000119312509091106/0001193125-09-091106-index.htm",
        "finalLink": "https://www.sec.gov/Archives/edgar/data/1282637/000119312509091106/d10q.htm"
    },
    {
        "date": "2008-12-31",
        "symbol": "NEU",
        "reportedCurrency": "USD",
        "cik": "0001282637",
        "fillingDate": "2009-02-20",
        "acceptedDate": "2009-02-20 10:34:04",
        "calendarYear": "2008",
        "period": "Q4",
        "revenue": 368595000,
        "costOfRevenue": 291475000,
        "grossProfit": 77120000,
        "grossProfitRatio": 0.2092269293,
        "researchAndDevelopmentExpenses": 20173000,
        "generalAndAdministrativeExpenses": 28634000,
        "sellingAndMarketingExpenses": 0,
        "sellingGeneralAndAdministrativeExpenses": 28634000,
        "otherExpenses": 0,
        "operatingExpenses": 48807000,
        "costAndExpenses": 340282000,
        "interestIncome": 0,
        "interestExpense": 12046000,
        "depreciationAndAmortization": 6769000,
        "ebitda": 36094000,
        "ebitdaratio": 0.0979231948,
        "operatingIncome": 28313000,
        "operatingIncomeRatio": 0.0768133046,
        "totalOtherIncomeExpensesNet": -3081000,
        "incomeBeforeTax": 25232000,
        "incomeBeforeTaxRatio": 0.0684545368,
        "incomeTaxExpense": 5873000,
        "netIncome": 19359000,
        "netIncomeRatio": 0.0525210597,
        "eps": 1.27,
        "epsdiluted": 1.27,
        "weightedAverageShsOut": 15194000,
        "weightedAverageShsOutDil": 15203000,
        "link": "https://www.sec.gov/Archives/edgar/data/1282637/000119312509033752/0001193125-09-033752-index.htm",
        "finalLink": "https://www.sec.gov/Archives/edgar/data/1282637/000119312509033752/d10k.htm"
    },
    {
        "date": "2008-09-30",
        "symbol": "NEU",
        "reportedCurrency": "USD",
        "cik": "0001282637",
        "fillingDate": "2008-10-30",
        "acceptedDate": "2008-10-30 16:59:16",
        "calendarYear": "2008",
        "period": "Q3",
        "revenue": 440604000,
        "costOfRevenue": 367026000,
        "grossProfit": 73578000,
        "grossProfitRatio": 0.1669934908,
        "researchAndDevelopmentExpenses": 19471000,
        "generalAndAdministrativeExpenses": 28476000,
        "sellingAndMarketingExpenses": 0,
        "sellingGeneralAndAdministrativeExpenses": 28476000,
        "otherExpenses": 0,
        "operatingExpenses": 47947000,
        "costAndExpenses": 414973000,
        "interestIncome": 0,
        "interestExpense": 2966000,
        "depreciationAndAmortization": 7081000,
        "ebitda": 32490000,
        "ebitdaratio": 0.0737396846,
        "operatingIncome": 25631000,
        "operatingIncomeRatio": 0.0581724179,
        "totalOtherIncomeExpensesNet": -2744000,
        "incomeBeforeTax": 22887000,
        "incomeBeforeTaxRatio": 0.0519446033,
        "incomeTaxExpense": 6415000,
        "netIncome": 16472000,
        "netIncomeRatio": 0.0373850442,
        "eps": 1.08,
        "epsdiluted": 1.07,
        "weightedAverageShsOut": 15306000,
        "weightedAverageShsOutDil": 15365000,
        "link": "https://www.sec.gov/Archives/edgar/data/1282637/000119312508220390/0001193125-08-220390-index.htm",
        "finalLink": "https://www.sec.gov/Archives/edgar/data/1282637/000119312508220390/d10q.htm"
    },
    {
        "date": "2008-06-30",
        "symbol": "NEU",
        "reportedCurrency": "USD",
        "cik": "0001282637",
        "fillingDate": "2008-07-31",
        "acceptedDate": "2008-07-31 16:32:31",
        "calendarYear": "2008",
        "period": "Q2",
        "revenue": 425882000,
        "costOfRevenue": 343689000,
        "grossProfit": 82193000,
        "grossProfitRatio": 0.1929947732,
        "researchAndDevelopmentExpenses": 21879000,
        "generalAndAdministrativeExpenses": 30499000,
        "sellingAndMarketingExpenses": 0,
        "sellingGeneralAndAdministrativeExpenses": 30499000,
        "otherExpenses": 0,
        "operatingExpenses": 52378000,
        "costAndExpenses": 396067000,
        "interestIncome": 0,
        "interestExpense": 2873000,
        "depreciationAndAmortization": 7118000,
        "ebitda": 29815000,
        "ebitdaratio": 0.0700076547,
        "operatingIncome": 29815000,
        "operatingIncomeRatio": 0.0700076547,
        "totalOtherIncomeExpensesNet": -2573000,
        "incomeBeforeTax": 27242000,
        "incomeBeforeTaxRatio": 0.0639660751,
        "incomeTaxExpense": 9618000,
        "netIncome": 17624000,
        "netIncomeRatio": 0.0413823547,
        "eps": 1.14,
        "epsdiluted": 1.13,
        "weightedAverageShsOut": 15488000,
        "weightedAverageShsOutDil": 15556000,
        "link": "https://www.sec.gov/Archives/edgar/data/1282637/000119312508162654/0001193125-08-162654-index.htm",
        "finalLink": "https://www.sec.gov/Archives/edgar/data/1282637/000119312508162654/d10q.htm"
    },
    {
        "date": "2008-03-31",
        "symbol": "NEU",
        "reportedCurrency": "USD",
        "cik": "0001282637",
        "fillingDate": "2008-04-29",
        "acceptedDate": "2008-04-29 08:42:44",
        "calendarYear": "2008",
        "period": "Q1",
        "revenue": 382350000,
        "costOfRevenue": 300747000,
        "grossProfit": 81603000,
        "grossProfitRatio": 0.2134248725,
        "researchAndDevelopmentExpenses": 20229000,
        "generalAndAdministrativeExpenses": 28773000,
        "sellingAndMarketingExpenses": 0,
        "sellingGeneralAndAdministrativeExpenses": 28773000,
        "otherExpenses": 0,
        "operatingExpenses": 49002000,
        "costAndExpenses": 349749000,
        "interestIncome": 0,
        "interestExpense": 3015000,
        "depreciationAndAmortization": 6999000,
        "ebitda": 32601000,
        "ebitdaratio": 0.0852648097,
        "operatingIncome": 32601000,
        "operatingIncomeRatio": 0.0852648097,
        "totalOtherIncomeExpensesNet": -2636000,
        "incomeBeforeTax": 29965000,
        "incomeBeforeTaxRatio": 0.0783706029,
        "incomeTaxExpense": 10193000,
        "netIncome": 19772000,
        "netIncomeRatio": 0.0517117824,
        "eps": 1.28,
        "epsdiluted": 1.27,
        "weightedAverageShsOut": 15459000,
        "weightedAverageShsOutDil": 15558000,
        "link": "https://www.sec.gov/Archives/edgar/data/1282637/000119312508093989/0001193125-08-093989-index.htm",
        "finalLink": "https://www.sec.gov/Archives/edgar/data/1282637/000119312508093989/d10q.htm"
    },
    {
        "date": "2007-12-31",
        "symbol": "NEU",
        "reportedCurrency": "USD",
        "cik": "0001282637",
        "fillingDate": "2008-02-22",
        "acceptedDate": "2008-02-22 08:52:53",
        "calendarYear": "2007",
        "period": "Q4",
        "revenue": 364119000,
        "costOfRevenue": 291563000,
        "grossProfit": 72556000,
        "grossProfitRatio": 0.1992645262,
        "researchAndDevelopmentExpenses": 20447000,
        "generalAndAdministrativeExpenses": 29655000,
        "sellingAndMarketingExpenses": 0,
        "sellingGeneralAndAdministrativeExpenses": 29655000,
        "otherExpenses": 0,
        "operatingExpenses": 50102000,
        "costAndExpenses": 341665000,
        "interestIncome": 0,
        "interestExpense": 11557000,
        "depreciationAndAmortization": 7262000,
        "ebitda": 29716000,
        "ebitdaratio": 0.0816106822,
        "operatingIncome": 22454000,
        "operatingIncomeRatio": 0.0616666529,
        "totalOtherIncomeExpensesNet": -1838000,
        "incomeBeforeTax": 20616000,
        "incomeBeforeTaxRatio": 0.0566188526,
        "incomeTaxExpense": -6380000,
        "netIncome": 12442000,
        "netIncomeRatio": 0.0341701477,
        "eps": 0.8,
        "epsdiluted": 0.8,
        "weightedAverageShsOut": 15459000,
        "weightedAverageShsOutDil": 15459000,
        "link": "https://www.sec.gov/Archives/edgar/data/1282637/000119312508035848/0001193125-08-035848-index.htm",
        "finalLink": "https://www.sec.gov/Archives/edgar/data/1282637/000119312508035848/d10k.htm"
    },
    {
        "date": "2007-09-30",
        "symbol": "NEU",
        "reportedCurrency": "USD",
        "cik": "0001282637",
        "fillingDate": "2007-10-31",
        "acceptedDate": "2007-10-31 10:10:32",
        "calendarYear": "2007",
        "period": "Q3",
        "revenue": 356946000,
        "costOfRevenue": 277877000,
        "grossProfit": 79069000,
        "grossProfitRatio": 0.2215152992,
        "researchAndDevelopmentExpenses": 18476000,
        "generalAndAdministrativeExpenses": 27659000,
        "sellingAndMarketingExpenses": 0,
        "sellingGeneralAndAdministrativeExpenses": 27659000,
        "otherExpenses": 0,
        "operatingExpenses": 46135000,
        "costAndExpenses": 324012000,
        "interestIncome": 0,
        "interestExpense": 2954000,
        "depreciationAndAmortization": 7079000,
        "ebitda": 32934000,
        "ebitdaratio": 0.0922660571,
        "operatingIncome": 32934000,
        "operatingIncomeRatio": 0.0922660571,
        "totalOtherIncomeExpensesNet": -1719000,
        "incomeBeforeTax": 31215000,
        "incomeBeforeTaxRatio": 0.0874502026,
        "incomeTaxExpense": 11125000,
        "netIncome": 21157000,
        "netIncomeRatio": 0.0592722709,
        "eps": 1.26,
        "epsdiluted": 1.25,
        "weightedAverageShsOut": 16772000,
        "weightedAverageShsOutDil": 16887000,
        "link": "https://www.sec.gov/Archives/edgar/data/1282637/000119312507230594/0001193125-07-230594-index.htm",
        "finalLink": "https://www.sec.gov/Archives/edgar/data/1282637/000119312507230594/d10q.htm"
    },
    {
        "date": "2007-06-30",
        "symbol": "NEU",
        "reportedCurrency": "USD",
        "cik": "0001282637",
        "fillingDate": "2007-07-30",
        "acceptedDate": "2007-07-30 11:53:22",
        "calendarYear": "2007",
        "period": "Q2",
        "revenue": 344013000,
        "costOfRevenue": 268495000,
        "grossProfit": 75518000,
        "grossProfitRatio": 0.2195207739,
        "researchAndDevelopmentExpenses": 19100000,
        "generalAndAdministrativeExpenses": 27046000,
        "sellingAndMarketingExpenses": 0,
        "sellingGeneralAndAdministrativeExpenses": 27046000,
        "otherExpenses": 0,
        "operatingExpenses": 46146000,
        "costAndExpenses": 314641000,
        "interestIncome": 0,
        "interestExpense": 2827000,
        "depreciationAndAmortization": 6961000,
        "ebitda": 29372000,
        "ebitdaratio": 0.0853804943,
        "operatingIncome": 29372000,
        "operatingIncomeRatio": 0.0853804943,
        "totalOtherIncomeExpensesNet": -2070000,
        "incomeBeforeTax": 27302000,
        "incomeBeforeTaxRatio": 0.0793632799,
        "incomeTaxExpense": 9863000,
        "netIncome": 30926000,
        "netIncomeRatio": 0.0898977655,
        "eps": 1.79,
        "epsdiluted": 1.78,
        "weightedAverageShsOut": 17296000,
        "weightedAverageShsOutDil": 17411000,
        "link": "https://www.sec.gov/Archives/edgar/data/1282637/000119312507165040/0001193125-07-165040-index.htm",
        "finalLink": "https://www.sec.gov/Archives/edgar/data/1282637/000119312507165040/d10q.htm"
    },
    {
        "date": "2007-03-31",
        "symbol": "NEU",
        "reportedCurrency": "USD",
        "cik": "0001282637",
        "fillingDate": "2007-04-30",
        "acceptedDate": "2007-04-30 14:25:00",
        "calendarYear": "2007",
        "period": "Q1",
        "revenue": 309796000,
        "costOfRevenue": 240367000,
        "grossProfit": 69429000,
        "grossProfitRatio": 0.2241119963,
        "researchAndDevelopmentExpenses": 18811000,
        "generalAndAdministrativeExpenses": 26755000,
        "sellingAndMarketingExpenses": 0,
        "sellingGeneralAndAdministrativeExpenses": 26755000,
        "otherExpenses": -3543000,
        "operatingExpenses": 42023000,
        "costAndExpenses": 282390000,
        "interestIncome": 0,
        "interestExpense": 0,
        "depreciationAndAmortization": 7824000,
        "ebitda": 35230000,
        "ebitdaratio": 0.1137199964,
        "operatingIncome": 27344000,
        "operatingIncomeRatio": 0.0882645354,
        "totalOtherIncomeExpensesNet": -2572000,
        "incomeBeforeTax": 24772000,
        "incomeBeforeTaxRatio": 0.0799622978,
        "incomeTaxExpense": 8530000,
        "netIncome": 16242000,
        "netIncomeRatio": 0.0524280494,
        "eps": 0.94,
        "epsdiluted": 0.93,
        "weightedAverageShsOut": 17294000,
        "weightedAverageShsOutDil": 17412000,
        "link": "https://www.sec.gov/Archives/edgar/data/1282637/000119312507095564/0001193125-07-095564-index.htm",
        "finalLink": "https://www.sec.gov/Archives/edgar/data/1282637/000119312507095564/d10q.htm"
    },
    {
        "date": "2006-12-31",
        "symbol": "NEU",
        "reportedCurrency": "USD",
        "cik": "0001282637",
        "fillingDate": "2007-02-26",
        "acceptedDate": "2007-02-26 15:45:44",
        "calendarYear": "2006",
        "period": "Q4",
        "revenue": 306162000,
        "costOfRevenue": 241945000,
        "grossProfit": 64217000,
        "grossProfitRatio": 0.2097484338,
        "researchAndDevelopmentExpenses": 19999000,
        "generalAndAdministrativeExpenses": 29931000,
        "sellingAndMarketingExpenses": 0,
        "sellingGeneralAndAdministrativeExpenses": 29931000,
        "otherExpenses": -5487000,
        "operatingExpenses": 44443000,
        "costAndExpenses": 286388000,
        "interestIncome": 0,
        "interestExpense": 15403000,
        "depreciationAndAmortization": 8019000,
        "ebitda": 27793000,
        "ebitdaratio": 0.0907787381,
        "operatingIncome": 19774000,
        "operatingIncomeRatio": 0.0645867221,
        "totalOtherIncomeExpensesNet": -14308000,
        "incomeBeforeTax": 5466000,
        "incomeBeforeTaxRatio": 0.0178532934,
        "incomeTaxExpense": 1006000,
        "netIncome": 4460000,
        "netIncomeRatio": 0.0145674512,
        "eps": 0.26,
        "epsdiluted": 0.26,
        "weightedAverageShsOut": 17280000,
        "weightedAverageShsOutDil": 17294000,
        "link": "https://www.sec.gov/Archives/edgar/data/1282637/000119312507039689/0001193125-07-039689-index.htm",
        "finalLink": "https://www.sec.gov/Archives/edgar/data/1282637/000119312507039689/d10k.htm"
    },
    {
        "date": "2006-09-30",
        "symbol": "NEU",
        "reportedCurrency": "USD",
        "cik": "0001282637",
        "fillingDate": "2006-10-31",
        "acceptedDate": "2006-10-31 12:50:29",
        "calendarYear": "2006",
        "period": "Q3",
        "revenue": 325119000,
        "costOfRevenue": 258955000,
        "grossProfit": 66164000,
        "grossProfitRatio": 0.2035070236,
        "researchAndDevelopmentExpenses": 16582000,
        "generalAndAdministrativeExpenses": 27794000,
        "sellingAndMarketingExpenses": 0,
        "sellingGeneralAndAdministrativeExpenses": 27794000,
        "otherExpenses": -11081000,
        "operatingExpenses": 33295000,
        "costAndExpenses": 292250000,
        "interestIncome": 0,
        "interestExpense": 3917000,
        "depreciationAndAmortization": 7750000,
        "ebitda": 37381000,
        "ebitdaratio": 0.1149763625,
        "operatingIncome": 32869000,
        "operatingIncomeRatio": 0.1010983671,
        "totalOtherIncomeExpensesNet": 180000,
        "incomeBeforeTax": 29811000,
        "incomeBeforeTaxRatio": 0.0916925803,
        "incomeTaxExpense": 10890000,
        "netIncome": 18921000,
        "netIncomeRatio": 0.0581971524,
        "eps": 1.1,
        "epsdiluted": 1.09,
        "weightedAverageShsOut": 17257000,
        "weightedAverageShsOutDil": 17409000,
        "link": "https://www.sec.gov/Archives/edgar/data/1282637/000119312506218989/0001193125-06-218989-index.htm",
        "finalLink": "https://www.sec.gov/Archives/edgar/data/1282637/000119312506218989/d10q.htm"
    },
    {
        "date": "2006-06-30",
        "symbol": "NEU",
        "reportedCurrency": "USD",
        "cik": "0001282637",
        "fillingDate": "2006-08-01",
        "acceptedDate": "2006-08-01 11:39:23",
        "calendarYear": "2006",
        "period": "Q2",
        "revenue": 330066000,
        "costOfRevenue": 260365000,
        "grossProfit": 69701000,
        "grossProfitRatio": 0.2111729169,
        "researchAndDevelopmentExpenses": 17116000,
        "generalAndAdministrativeExpenses": 26668000,
        "sellingAndMarketingExpenses": 0,
        "sellingGeneralAndAdministrativeExpenses": 26668000,
        "otherExpenses": -5100000,
        "operatingExpenses": 38684000,
        "costAndExpenses": 299049000,
        "interestIncome": 0,
        "interestExpense": 3866000,
        "depreciationAndAmortization": 7860000,
        "ebitda": 37027000,
        "ebitdaratio": 0.1121805942,
        "operatingIncome": 31017000,
        "operatingIncomeRatio": 0.0939721147,
        "totalOtherIncomeExpensesNet": 1180000,
        "incomeBeforeTax": 32197000,
        "incomeBeforeTaxRatio": 0.0975471572,
        "incomeTaxExpense": 11828000,
        "netIncome": 20369000,
        "netIncomeRatio": 0.0617119,
        "eps": 1.18,
        "epsdiluted": 1.17,
        "weightedAverageShsOut": 17232000,
        "weightedAverageShsOutDil": 17411000,
        "link": "https://www.sec.gov/Archives/edgar/data/1282637/000119312506157761/0001193125-06-157761-index.htm",
        "finalLink": "https://www.sec.gov/Archives/edgar/data/1282637/000119312506157761/d10q.htm"
    },
    {
        "date": "2006-03-31",
        "symbol": "NEU",
        "reportedCurrency": "USD",
        "cik": "0001282637",
        "fillingDate": "2006-05-01",
        "acceptedDate": "2006-05-01 15:12:46",
        "calendarYear": "2006",
        "period": "Q1",
        "revenue": 301950000,
        "costOfRevenue": 237946000,
        "grossProfit": 64004000,
        "grossProfitRatio": 0.211968869,
        "researchAndDevelopmentExpenses": 16566000,
        "generalAndAdministrativeExpenses": 24798000,
        "sellingAndMarketingExpenses": 0,
        "sellingGeneralAndAdministrativeExpenses": 24798000,
        "otherExpenses": -1338000,
        "operatingExpenses": 40026000,
        "costAndExpenses": 277972000,
        "interestIncome": 0,
        "interestExpense": 3906000,
        "depreciationAndAmortization": 7963000,
        "ebitda": 23978000,
        "ebitdaratio": 0.0794104984,
        "operatingIncome": 23978000,
        "operatingIncomeRatio": 0.0794104984,
        "totalOtherIncomeExpensesNet": -3309000,
        "incomeBeforeTax": 20669000,
        "incomeBeforeTaxRatio": 0.0684517304,
        "incomeTaxExpense": 6897000,
        "netIncome": 13772000,
        "netIncomeRatio": 0.0456102004,
        "eps": 0.8,
        "epsdiluted": 0.79,
        "weightedAverageShsOut": 17122000,
        "weightedAverageShsOutDil": 17394000,
        "link": "https://www.sec.gov/Archives/edgar/data/1282637/000119312506094975/0001193125-06-094975-index.htm",
        "finalLink": "https://www.sec.gov/Archives/edgar/data/1282637/000119312506094975/d10q.htm"
    },
    {
        "date": "2005-12-31",
        "symbol": "NEU",
        "reportedCurrency": "USD",
        "cik": "0001282637",
        "fillingDate": "2006-02-28",
        "acceptedDate": "2006-02-28 13:18:58",
        "calendarYear": "2005",
        "period": "Q4",
        "revenue": 293656000,
        "costOfRevenue": 241843000,
        "grossProfit": 51813000,
        "grossProfitRatio": 0.176441142,
        "researchAndDevelopmentExpenses": 17398000,
        "generalAndAdministrativeExpenses": 25581000,
        "sellingAndMarketingExpenses": 0,
        "sellingGeneralAndAdministrativeExpenses": 25581000,
        "otherExpenses": -8447000,
        "operatingExpenses": 34532000,
        "costAndExpenses": 276375000,
        "interestIncome": 0,
        "interestExpense": 16849000,
        "depreciationAndAmortization": 9224000,
        "ebitda": 26505000,
        "ebitdaratio": 0.09025867,
        "operatingIncome": 17281000,
        "operatingIncomeRatio": 0.0588477675,
        "totalOtherIncomeExpensesNet": -3747000,
        "incomeBeforeTax": 13534000,
        "incomeBeforeTaxRatio": 0.0460879396,
        "incomeTaxExpense": 2383000,
        "netIncome": 11151000,
        "netIncomeRatio": 0.0379730024,
        "eps": 0.65,
        "epsdiluted": 0.65,
        "weightedAverageShsOut": 17073000,
        "weightedAverageShsOutDil": 17122000,
        "link": "https://www.sec.gov/Archives/edgar/data/1282637/000119312506040980/0001193125-06-040980-index.htm",
        "finalLink": "https://www.sec.gov/Archives/edgar/data/1282637/000119312506040980/d10k.htm"
    },
    {
        "date": "2005-09-30",
        "symbol": "NEU",
        "reportedCurrency": "USD",
        "cik": "0001282637",
        "fillingDate": "2005-11-02",
        "acceptedDate": "2005-11-02 15:08:56",
        "calendarYear": "2005",
        "period": "Q3",
        "revenue": 270932000,
        "costOfRevenue": 217761000,
        "grossProfit": 53171000,
        "grossProfitRatio": 0.1962521961,
        "researchAndDevelopmentExpenses": 15919000,
        "generalAndAdministrativeExpenses": 24967000,
        "sellingAndMarketingExpenses": 0,
        "sellingGeneralAndAdministrativeExpenses": 24967000,
        "otherExpenses": -9230000,
        "operatingExpenses": 31656000,
        "costAndExpenses": 249417000,
        "interestIncome": 0,
        "interestExpense": 4138000,
        "depreciationAndAmortization": 8662000,
        "ebitda": 21515000,
        "ebitdaratio": 0.0794110699,
        "operatingIncome": 21515000,
        "operatingIncomeRatio": 0.0794110699,
        "totalOtherIncomeExpensesNet": -3766000,
        "incomeBeforeTax": 17749000,
        "incomeBeforeTaxRatio": 0.0655109031,
        "incomeTaxExpense": 4348000,
        "netIncome": 13401000,
        "netIncomeRatio": 0.0494625958,
        "eps": 0.79,
        "epsdiluted": 0.77,
        "weightedAverageShsOut": 17042000,
        "weightedAverageShsOutDil": 17317000,
        "link": "https://www.sec.gov/Archives/edgar/data/1282637/000119312505214249/0001193125-05-214249-index.htm",
        "finalLink": "https://www.sec.gov/Archives/edgar/data/1282637/000119312505214249/d10q.htm"
    },
    {
        "date": "2005-06-30",
        "symbol": "NEU",
        "reportedCurrency": "USD",
        "cik": "0001282637",
        "fillingDate": "2005-08-01",
        "acceptedDate": "2005-08-01 17:00:46",
        "calendarYear": "2005",
        "period": "Q2",
        "revenue": 271842000,
        "costOfRevenue": 219681000,
        "grossProfit": 52161000,
        "grossProfitRatio": 0.191879842,
        "researchAndDevelopmentExpenses": 15797000,
        "generalAndAdministrativeExpenses": 23969000,
        "sellingAndMarketingExpenses": 0,
        "sellingGeneralAndAdministrativeExpenses": 23969000,
        "otherExpenses": -10694000,
        "operatingExpenses": 29072000,
        "costAndExpenses": 248753000,
        "interestIncome": 0,
        "interestExpense": 4455000,
        "depreciationAndAmortization": 8871000,
        "ebitda": 23089000,
        "ebitdaratio": 0.0849353669,
        "operatingIncome": 23089000,
        "operatingIncomeRatio": 0.0849353669,
        "totalOtherIncomeExpensesNet": -4324000,
        "incomeBeforeTax": 18765000,
        "incomeBeforeTaxRatio": 0.0690290684,
        "incomeTaxExpense": 5698000,
        "netIncome": 13067000,
        "netIncomeRatio": 0.0480683632,
        "eps": 0.77,
        "epsdiluted": 0.76,
        "weightedAverageShsOut": 17016000,
        "weightedAverageShsOutDil": 17305000,
        "link": "https://www.sec.gov/Archives/edgar/data/1282637/000119312505153849/0001193125-05-153849-index.htm",
        "finalLink": "https://www.sec.gov/Archives/edgar/data/1282637/000119312505153849/d10q.htm"
    },
    {
        "date": "2005-03-31",
        "symbol": "NEU",
        "reportedCurrency": "USD",
        "cik": "0001282637",
        "fillingDate": "2005-05-04",
        "acceptedDate": "2005-05-04 16:13:05",
        "calendarYear": "2005",
        "period": "Q1",
        "revenue": 239114000,
        "costOfRevenue": 196001000,
        "grossProfit": 43113000,
        "grossProfitRatio": 0.180303119,
        "researchAndDevelopmentExpenses": 16280000,
        "generalAndAdministrativeExpenses": 22293000,
        "sellingAndMarketingExpenses": 0,
        "sellingGeneralAndAdministrativeExpenses": 22293000,
        "otherExpenses": -6451000,
        "operatingExpenses": 32122000,
        "costAndExpenses": 228123000,
        "interestIncome": 0,
        "interestExpense": 4327000,
        "depreciationAndAmortization": 9639000,
        "ebitda": 10991000,
        "ebitdaratio": 0.0459655227,
        "operatingIncome": 10991000,
        "operatingIncomeRatio": 0.0459655227,
        "totalOtherIncomeExpensesNet": -4087000,
        "incomeBeforeTax": 6904000,
        "incomeBeforeTaxRatio": 0.0288732571,
        "incomeTaxExpense": 2142000,
        "netIncome": 4762000,
        "netIncomeRatio": 0.0199151869,
        "eps": 0.28,
        "epsdiluted": 0.28,
        "weightedAverageShsOut": 16982000,
        "weightedAverageShsOutDil": 17314000,
        "link": "https://www.sec.gov/Archives/edgar/data/1282637/000119312505095713/0001193125-05-095713-index.htm",
        "finalLink": "https://www.sec.gov/Archives/edgar/data/1282637/000119312505095713/d10q.htm"
    },
    {
        "date": "2004-12-31",
        "symbol": "NEU",
        "reportedCurrency": "USD",
        "cik": "0001282637",
        "fillingDate": "2005-03-14",
        "acceptedDate": "2005-03-14 16:22:26",
        "calendarYear": "2004",
        "period": "Q4",
        "revenue": 231161000,
        "costOfRevenue": 191883000,
        "grossProfit": 39278000,
        "grossProfitRatio": 0.1699162056,
        "researchAndDevelopmentExpenses": 16405000,
        "generalAndAdministrativeExpenses": 29012000,
        "sellingAndMarketingExpenses": 13599000,
        "sellingGeneralAndAdministrativeExpenses": 24698000,
        "otherExpenses": -6287000,
        "operatingExpenses": 34816000,
        "costAndExpenses": 226699000,
        "interestIncome": 0,
        "interestExpense": 9468000,
        "depreciationAndAmortization": 10479000,
        "ebitda": 14941000,
        "ebitdaratio": 0.0646346053,
        "operatingIncome": 4462000,
        "operatingIncomeRatio": 0.019302564,
        "totalOtherIncomeExpensesNet": -4229000,
        "incomeBeforeTax": 233000,
        "incomeBeforeTaxRatio": 0.0010079555,
        "incomeTaxExpense": -2679000,
        "netIncome": 2912000,
        "netIncomeRatio": 0.0125972807,
        "eps": 0.17,
        "epsdiluted": 0.17,
        "weightedAverageShsOut": 16969000,
        "weightedAverageShsOutDil": 16969000,
        "link": "https://www.sec.gov/Archives/edgar/data/1282637/000119312505049487/0001193125-05-049487-index.htm",
        "finalLink": "https://www.sec.gov/Archives/edgar/data/1282637/000119312505049487/d10k.htm"
    },
    {
        "date": "2004-10-30",
        "symbol": "NEU",
        "reportedCurrency": "USD",
        "cik": "0001282637",
        "fillingDate": "2004-11-05",
        "acceptedDate": "2004-11-05 17:15:13",
        "calendarYear": "2004",
        "period": "Q3",
        "revenue": 224668000,
        "costOfRevenue": 182039000,
        "grossProfit": 42629000,
        "grossProfitRatio": 0.1897421974,
        "researchAndDevelopmentExpenses": 18104000,
        "generalAndAdministrativeExpenses": 14865000,
        "sellingAndMarketingExpenses": 8864000,
        "sellingGeneralAndAdministrativeExpenses": 23729000,
        "otherExpenses": -22109000,
        "operatingExpenses": 19724000,
        "costAndExpenses": 201763000,
        "interestIncome": 0,
        "interestExpense": 4259000,
        "depreciationAndAmortization": 10978000,
        "ebitda": 22905000,
        "ebitdaratio": 0.1019504335,
        "operatingIncome": 22905000,
        "operatingIncomeRatio": 0.1019504335,
        "totalOtherIncomeExpensesNet": -4467000,
        "incomeBeforeTax": 18438000,
        "incomeBeforeTaxRatio": 0.0820677622,
        "incomeTaxExpense": 5464000,
        "netIncome": 12974000,
        "netIncomeRatio": 0.0577474318,
        "eps": 0.76,
        "epsdiluted": 0.75,
        "weightedAverageShsOut": 16969000,
        "weightedAverageShsOutDil": 17189000,
        "link": "https://www.sec.gov/Archives/edgar/data/1282637/000119312504188016/0001193125-04-188016-index.htm",
        "finalLink": "https://www.sec.gov/Archives/edgar/data/1282637/000119312504188016/d10q.htm"
    },
    {
        "date": "2004-06-30",
        "symbol": "NEU",
        "reportedCurrency": "USD",
        "cik": "0001282637",
        "fillingDate": "2004-08-05",
        "acceptedDate": "2004-08-05 11:42:23",
        "calendarYear": "2004",
        "period": "Q2",
        "revenue": 221510000,
        "costOfRevenue": 170978000,
        "grossProfit": 50532000,
        "grossProfitRatio": 0.2281251411,
        "researchAndDevelopmentExpenses": 15098000,
        "generalAndAdministrativeExpenses": 14147000,
        "sellingAndMarketingExpenses": 10763000,
        "sellingGeneralAndAdministrativeExpenses": 24910000,
        "otherExpenses": -10763000,
        "operatingExpenses": 29245000,
        "costAndExpenses": 200223000,
        "interestIncome": 0,
        "interestExpense": 4527000,
        "depreciationAndAmortization": 11358000,
        "ebitda": 21287000,
        "ebitdaratio": 0.0960994989,
        "operatingIncome": 21287000,
        "operatingIncomeRatio": 0.0960994989,
        "totalOtherIncomeExpensesNet": -4244000,
        "incomeBeforeTax": 17043000,
        "incomeBeforeTaxRatio": 0.076940093,
        "incomeTaxExpense": 5689000,
        "netIncome": 11354000,
        "netIncomeRatio": 0.0512572796,
        "eps": 0.67,
        "epsdiluted": 0.66,
        "weightedAverageShsOut": 16904000,
        "weightedAverageShsOutDil": 17168000,
        "link": "https://www.sec.gov/Archives/edgar/data/1282637/000119312504132257/0001193125-04-132257-index.htm",
        "finalLink": "https://www.sec.gov/Archives/edgar/data/1282637/000119312504132257/d10q.htm"
    },
    {
        "date": "2004-03-31",
        "symbol": "NEU",
        "reportedCurrency": "USD",
        "cik": "0001282637",
        "fillingDate": "2004-03-31",
        "acceptedDate": "2004-03-30 19:00:00",
        "calendarYear": "2004",
        "period": "Q1",
        "revenue": 216770000,
        "costOfRevenue": 170909000,
        "grossProfit": 45861000,
        "grossProfitRatio": 0.2115652535,
        "researchAndDevelopmentExpenses": 15749000,
        "generalAndAdministrativeExpenses": 0,
        "sellingAndMarketingExpenses": 0,
        "sellingGeneralAndAdministrativeExpenses": 23518000,
        "otherExpenses": -7312000,
        "operatingExpenses": 31955000,
        "costAndExpenses": 202864000,
        "interestIncome": 0,
        "interestExpense": 0,
        "depreciationAndAmortization": 11960000,
        "ebitda": 25866000,
        "ebitdaratio": 0.1193246298,
        "operatingIncome": 13906000,
        "operatingIncomeRatio": 0.0641509434,
        "totalOtherIncomeExpensesNet": -4990000,
        "incomeBeforeTax": 8916000,
        "incomeBeforeTaxRatio": 0.0411311528,
        "incomeTaxExpense": 3098000,
        "netIncome": 5818000,
        "netIncomeRatio": 0.0268395073,
        "eps": 0.35,
        "epsdiluted": 0.34,
        "weightedAverageShsOut": 16813000,
        "weightedAverageShsOutDil": 17121000,
        "link": "",
        "finalLink": ""
    },
    {
        "date": "2003-12-31",
        "symbol": "NEU",
        "reportedCurrency": "USD",
        "cik": "0001282637",
        "fillingDate": "2003-12-31",
        "acceptedDate": "2003-12-30 19:00:00",
        "calendarYear": "2003",
        "period": "Q4",
        "revenue": 205206000,
        "costOfRevenue": 164609000,
        "grossProfit": 40597000,
        "grossProfitRatio": 0.1978353459,
        "researchAndDevelopmentExpenses": 14450000,
        "generalAndAdministrativeExpenses": 0,
        "sellingAndMarketingExpenses": 0,
        "sellingGeneralAndAdministrativeExpenses": 25645000,
        "otherExpenses": -8959000,
        "operatingExpenses": 31136000,
        "costAndExpenses": 195745000,
        "interestIncome": 0,
        "interestExpense": 0,
        "depreciationAndAmortization": 11992000,
        "ebitda": 21453000,
        "ebitdaratio": 0.1045437268,
        "operatingIncome": 9461000,
        "operatingIncomeRatio": 0.0461048897,
        "totalOtherIncomeExpensesNet": -3703000,
        "incomeBeforeTax": 5758000,
        "incomeBeforeTaxRatio": 0.0280596084,
        "incomeTaxExpense": 1039000,
        "netIncome": 4719000,
        "netIncomeRatio": 0.0229964036,
        "eps": 0.28,
        "epsdiluted": 0.28,
        "weightedAverageShsOut": 16753000,
        "weightedAverageShsOutDil": 16753000,
        "link": "",
        "finalLink": ""
    },
    {
        "date": "2003-09-30",
        "symbol": "NEU",
        "reportedCurrency": "USD",
        "cik": "0001282637",
        "fillingDate": "2003-09-30",
        "acceptedDate": "2003-09-29 20:00:00",
        "calendarYear": "2003",
        "period": "Q3",
        "revenue": 197095000,
        "costOfRevenue": 151839000,
        "grossProfit": 45256000,
        "grossProfitRatio": 0.2296151602,
        "researchAndDevelopmentExpenses": 13801000,
        "generalAndAdministrativeExpenses": 0,
        "sellingAndMarketingExpenses": 0,
        "sellingGeneralAndAdministrativeExpenses": 20864000,
        "otherExpenses": -9712000,
        "operatingExpenses": 24953000,
        "costAndExpenses": 176792000,
        "interestIncome": 0,
        "interestExpense": 0,
        "depreciationAndAmortization": 11886000,
        "ebitda": 32189000,
        "ebitdaratio": 0.1633171821,
        "operatingIncome": 20303000,
        "operatingIncomeRatio": 0.1030112382,
        "totalOtherIncomeExpensesNet": -5168000,
        "incomeBeforeTax": 15135000,
        "incomeBeforeTaxRatio": 0.0767903803,
        "incomeTaxExpense": 4838000,
        "netIncome": 10297000,
        "netIncomeRatio": 0.0522438418,
        "eps": 0.61,
        "epsdiluted": 0.61,
        "weightedAverageShsOut": 16753000,
        "weightedAverageShsOutDil": 17020000,
        "link": "",
        "finalLink": ""
    },
    {
        "date": "2003-06-30",
        "symbol": "NEU",
        "reportedCurrency": "USD",
        "cik": "0001282637",
        "fillingDate": "2003-06-30",
        "acceptedDate": "2003-06-29 20:00:00",
        "calendarYear": "2003",
        "period": "Q2",
        "revenue": 180574000,
        "costOfRevenue": 136576000,
        "grossProfit": 43998000,
        "grossProfitRatio": 0.2436563403,
        "researchAndDevelopmentExpenses": 15021000,
        "generalAndAdministrativeExpenses": 0,
        "sellingAndMarketingExpenses": 0,
        "sellingGeneralAndAdministrativeExpenses": 21904000,
        "otherExpenses": -7931000,
        "operatingExpenses": 28994000,
        "costAndExpenses": 165570000,
        "interestIncome": 0,
        "interestExpense": 0,
        "depreciationAndAmortization": 13924000,
        "ebitda": 28928000,
        "ebitdaratio": 0.1602002503,
        "operatingIncome": 15004000,
        "operatingIncomeRatio": 0.0830905889,
        "totalOtherIncomeExpensesNet": -6346000,
        "incomeBeforeTax": 8658000,
        "incomeBeforeTaxRatio": 0.047947102,
        "incomeTaxExpense": 2913000,
        "netIncome": 5745000,
        "netIncomeRatio": 0.0318152115,
        "eps": 0.34,
        "epsdiluted": 0.34,
        "weightedAverageShsOut": 16724000,
        "weightedAverageShsOutDil": 16969000,
        "link": "",
        "finalLink": ""
    },
    {
        "date": "2003-03-31",
        "symbol": "NEU",
        "reportedCurrency": "USD",
        "cik": "0001282637",
        "fillingDate": "2003-03-31",
        "acceptedDate": "2003-03-30 19:00:00",
        "calendarYear": "2003",
        "period": "Q1",
        "revenue": 173466000,
        "costOfRevenue": 137406000,
        "grossProfit": 36060000,
        "grossProfitRatio": 0.2078793539,
        "researchAndDevelopmentExpenses": 13682000,
        "generalAndAdministrativeExpenses": 0,
        "sellingAndMarketingExpenses": 0,
        "sellingGeneralAndAdministrativeExpenses": 23589000,
        "otherExpenses": -6002000,
        "operatingExpenses": 31269000,
        "costAndExpenses": 168675000,
        "interestIncome": 0,
        "interestExpense": 0,
        "depreciationAndAmortization": 12589000,
        "ebitda": 17380000,
        "ebitdaratio": 0.1001925449,
        "operatingIncome": 4791000,
        "operatingIncomeRatio": 0.0276192453,
        "totalOtherIncomeExpensesNet": -5000000,
        "incomeBeforeTax": -209000,
        "incomeBeforeTaxRatio": -0.0012048471,
        "incomeTaxExpense": -72000,
        "netIncome": 16292000,
        "netIncomeRatio": 0.0939204224,
        "eps": 0.98,
        "epsdiluted": 0.98,
        "weightedAverageShsOut": 16689000,
        "weightedAverageShsOutDil": 16689000,
        "link": "",
        "finalLink": ""
    },
    {
        "date": "2002-12-31",
        "symbol": "NEU",
        "reportedCurrency": "USD",
        "cik": "0001282637",
        "fillingDate": "2002-12-31",
        "acceptedDate": "2002-12-30 19:00:00",
        "calendarYear": "2002",
        "period": "Q4",
        "revenue": 152708000,
        "costOfRevenue": 126879000,
        "grossProfit": 25829000,
        "grossProfitRatio": 0.1691397962,
        "researchAndDevelopmentExpenses": 12751000,
        "generalAndAdministrativeExpenses": 0,
        "sellingAndMarketingExpenses": 0,
        "sellingGeneralAndAdministrativeExpenses": 19805000,
        "otherExpenses": -7269000,
        "operatingExpenses": 25287000,
        "costAndExpenses": 152166000,
        "interestIncome": 0,
        "interestExpense": 0,
        "depreciationAndAmortization": 12659000,
        "ebitda": 13201000,
        "ebitdaratio": 0.0864460277,
        "operatingIncome": 542000,
        "operatingIncomeRatio": 0.0035492574,
        "totalOtherIncomeExpensesNet": -3139000,
        "incomeBeforeTax": -2597000,
        "incomeBeforeTaxRatio": -0.0170063127,
        "incomeTaxExpense": -2822000,
        "netIncome": 3126000,
        "netIncomeRatio": 0.0204704403,
        "eps": 0.19,
        "epsdiluted": 0.19,
        "weightedAverageShsOut": 16689000,
        "weightedAverageShsOutDil": 16689000,
        "link": "",
        "finalLink": ""
    },
    {
        "date": "2002-09-30",
        "symbol": "NEU",
        "reportedCurrency": "USD",
        "cik": "0001282637",
        "fillingDate": "2002-09-30",
        "acceptedDate": "2002-09-30 00:00:00",
        "calendarYear": "2002",
        "period": "Q3",
        "revenue": 177582000,
        "costOfRevenue": 133925000,
        "grossProfit": 43657000,
        "grossProfitRatio": 0.2458413578,
        "researchAndDevelopmentExpenses": 12164000,
        "generalAndAdministrativeExpenses": 0,
        "sellingAndMarketingExpenses": 0,
        "sellingGeneralAndAdministrativeExpenses": 18566000,
        "otherExpenses": -8325000,
        "operatingExpenses": 22405000,
        "costAndExpenses": 156330000,
        "interestIncome": 0,
        "interestExpense": 0,
        "depreciationAndAmortization": 12622000,
        "ebitda": 33874000,
        "ebitdaratio": 0.1907513149,
        "operatingIncome": 21252000,
        "operatingIncomeRatio": 0.1196742913,
        "totalOtherIncomeExpensesNet": -4962000,
        "incomeBeforeTax": 16290000,
        "incomeBeforeTaxRatio": 0.0917322702,
        "incomeTaxExpense": 5423000,
        "netIncome": 10867000,
        "netIncomeRatio": 0.0611942652,
        "eps": 0.65,
        "epsdiluted": 0.65,
        "weightedAverageShsOut": 16689000,
        "weightedAverageShsOutDil": 16689000,
        "link": null,
        "finalLink": null
    },
    {
        "date": "2002-06-30",
        "symbol": "NEU",
        "reportedCurrency": "USD",
        "cik": "0001282637",
        "fillingDate": "2002-06-30",
        "acceptedDate": "2002-06-30 00:00:00",
        "calendarYear": "2002",
        "period": "Q2",
        "revenue": 175446000,
        "costOfRevenue": 138621000,
        "grossProfit": 36825000,
        "grossProfitRatio": 0.2098936425,
        "researchAndDevelopmentExpenses": 13356000,
        "generalAndAdministrativeExpenses": 0,
        "sellingAndMarketingExpenses": 0,
        "sellingGeneralAndAdministrativeExpenses": 19342000,
        "otherExpenses": -4446000,
        "operatingExpenses": 28252000,
        "costAndExpenses": 166873000,
        "interestIncome": 0,
        "interestExpense": 0,
        "depreciationAndAmortization": 12953000,
        "ebitda": 21526000,
        "ebitdaratio": 0.1226930224,
        "operatingIncome": 8573000,
        "operatingIncomeRatio": 0.0488640379,
        "totalOtherIncomeExpensesNet": -10296000,
        "incomeBeforeTax": -1723000,
        "incomeBeforeTaxRatio": -0.0098206856,
        "incomeTaxExpense": 739000,
        "netIncome": -2462000,
        "netIncomeRatio": -0.0140328078,
        "eps": -0.15,
        "epsdiluted": -0.15,
        "weightedAverageShsOut": 16691000,
        "weightedAverageShsOutDil": 16889800,
        "link": null,
        "finalLink": null
    },
    {
        "date": "2002-03-31",
        "symbol": "NEU",
        "reportedCurrency": "USD",
        "cik": "0001282637",
        "fillingDate": "2002-03-31",
        "acceptedDate": "2002-03-31 00:00:00",
        "calendarYear": "2002",
        "period": "Q1",
        "revenue": 150614000,
        "costOfRevenue": 118606000,
        "grossProfit": 32008000,
        "grossProfitRatio": 0.2125167647,
        "researchAndDevelopmentExpenses": 12232000,
        "generalAndAdministrativeExpenses": 0,
        "sellingAndMarketingExpenses": 0,
        "sellingGeneralAndAdministrativeExpenses": 16469000,
        "otherExpenses": -5716000,
        "operatingExpenses": 22985000,
        "costAndExpenses": 141591000,
        "interestIncome": 0,
        "interestExpense": 0,
        "depreciationAndAmortization": 14188000,
        "ebitda": 23211000,
        "ebitdaratio": 0.1541091798,
        "operatingIncome": 9023000,
        "operatingIncomeRatio": 0.0599081095,
        "totalOtherIncomeExpensesNet": -7724000,
        "incomeBeforeTax": 1299000,
        "incomeBeforeTaxRatio": 0.0086246962,
        "incomeTaxExpense": 416000,
        "netIncome": -1622000,
        "netIncomeRatio": -0.0107692512,
        "eps": -0.0972,
        "epsdiluted": -0.096,
        "weightedAverageShsOut": 16691000,
        "weightedAverageShsOutDil": 16889800,
        "link": null,
        "finalLink": null
    },
    {
        "date": "2001-12-31",
        "symbol": "NEU",
        "reportedCurrency": "USD",
        "cik": "0001282637",
        "fillingDate": "2001-12-31",
        "acceptedDate": "2001-12-31 00:00:00",
        "calendarYear": "2001",
        "period": "Q4",
        "revenue": 180604000,
        "costOfRevenue": 148713000,
        "grossProfit": 31891000,
        "grossProfitRatio": 0.1765796992,
        "researchAndDevelopmentExpenses": 12941000,
        "generalAndAdministrativeExpenses": 0,
        "sellingAndMarketingExpenses": 0,
        "sellingGeneralAndAdministrativeExpenses": 18348000,
        "otherExpenses": -10923000,
        "operatingExpenses": 20366000,
        "costAndExpenses": 169079000,
        "interestIncome": 0,
        "interestExpense": 0,
        "depreciationAndAmortization": 13833000,
        "ebitda": 25358000,
        "ebitdaratio": 0.1404066355,
        "operatingIncome": 11525000,
        "operatingIncomeRatio": 0.0638136475,
        "totalOtherIncomeExpensesNet": -11005000,
        "incomeBeforeTax": 520000,
        "incomeBeforeTaxRatio": 0.0028792275,
        "incomeTaxExpense": 170000,
        "netIncome": 350000,
        "netIncomeRatio": 0.0019379416,
        "eps": 0.021,
        "epsdiluted": 0.021,
        "weightedAverageShsOut": 16689000,
        "weightedAverageShsOutDil": 16691000,
        "link": null,
        "finalLink": null
    },
    {
        "date": "2001-09-30",
        "symbol": "NEU",
        "reportedCurrency": "USD",
        "cik": "0001282637",
        "fillingDate": "2001-09-30",
        "acceptedDate": "2001-09-30 00:00:00",
        "calendarYear": "2001",
        "period": "Q3",
        "revenue": 160729000,
        "costOfRevenue": 133745000,
        "grossProfit": 26984000,
        "grossProfitRatio": 0.1678850736,
        "researchAndDevelopmentExpenses": 12387000,
        "generalAndAdministrativeExpenses": 0,
        "sellingAndMarketingExpenses": 0,
        "sellingGeneralAndAdministrativeExpenses": 16653000,
        "otherExpenses": -8986000,
        "operatingExpenses": 20054000,
        "costAndExpenses": 153799000,
        "interestIncome": 0,
        "interestExpense": 0,
        "depreciationAndAmortization": 13935000,
        "ebitda": 20865000,
        "ebitdaratio": 0.1298147814,
        "operatingIncome": 6930000,
        "operatingIncomeRatio": 0.0431160525,
        "totalOtherIncomeExpensesNet": -7705000,
        "incomeBeforeTax": -775000,
        "incomeBeforeTaxRatio": -0.0048217808,
        "incomeTaxExpense": -1436000,
        "netIncome": 661000,
        "netIncomeRatio": 0.0041125124,
        "eps": 0.04,
        "epsdiluted": 0.04,
        "weightedAverageShsOut": 16689000,
        "weightedAverageShsOutDil": 16689000,
        "link": null,
        "finalLink": null
    },
    {
        "date": "2001-06-30",
        "symbol": "NEU",
        "reportedCurrency": "USD",
        "cik": "0001282637",
        "fillingDate": "2001-06-30",
        "acceptedDate": "2001-06-30 00:00:00",
        "calendarYear": "2001",
        "period": "Q2",
        "revenue": 171849000,
        "costOfRevenue": 167570000,
        "grossProfit": 4279000,
        "grossProfitRatio": 0.0248997667,
        "researchAndDevelopmentExpenses": 14288000,
        "generalAndAdministrativeExpenses": 0,
        "sellingAndMarketingExpenses": 0,
        "sellingGeneralAndAdministrativeExpenses": 16717000,
        "otherExpenses": 94729000,
        "operatingExpenses": 125734000,
        "costAndExpenses": 293304000,
        "interestIncome": 0,
        "interestExpense": 0,
        "depreciationAndAmortization": 45323000,
        "ebitda": -76132000,
        "ebitdaratio": -0.4430168345,
        "operatingIncome": -121455000,
        "operatingIncomeRatio": -0.7067541854,
        "totalOtherIncomeExpensesNet": -9484000,
        "incomeBeforeTax": -130939000,
        "incomeBeforeTaxRatio": -0.7619421702,
        "incomeTaxExpense": -36155000,
        "netIncome": -94784000,
        "netIncomeRatio": -0.5515539805,
        "eps": -5.68,
        "epsdiluted": -5.68,
        "weightedAverageShsOut": 16691000,
        "weightedAverageShsOutDil": 16691000,
        "link": null,
        "finalLink": null
    },
    {
        "date": "2001-03-31",
        "symbol": "NEU",
        "reportedCurrency": "USD",
        "cik": "0001282637",
        "fillingDate": "2001-03-31",
        "acceptedDate": "2001-03-31 00:00:00",
        "calendarYear": "2001",
        "period": "Q1",
        "revenue": 211280000,
        "costOfRevenue": 154678000,
        "grossProfit": 56602000,
        "grossProfitRatio": 0.2679004165,
        "researchAndDevelopmentExpenses": 17991000,
        "generalAndAdministrativeExpenses": 0,
        "sellingAndMarketingExpenses": 0,
        "sellingGeneralAndAdministrativeExpenses": 18470000,
        "otherExpenses": 2625000,
        "operatingExpenses": 39086000,
        "costAndExpenses": 193764000,
        "interestIncome": 0,
        "interestExpense": 0,
        "depreciationAndAmortization": 26427000,
        "ebitda": 17516000,
        "ebitdaratio": 0.082904203,
        "operatingIncome": -8911000,
        "operatingIncomeRatio": -0.042176259,
        "totalOtherIncomeExpensesNet": -8888000,
        "incomeBeforeTax": -17799000,
        "incomeBeforeTaxRatio": -0.0842436577,
        "incomeTaxExpense": -6532000,
        "netIncome": -11267000,
        "netIncomeRatio": -0.0533273381,
        "eps": -0.68,
        "epsdiluted": -0.68,
        "weightedAverageShsOut": 16691000,
        "weightedAverageShsOutDil": 16691000,
        "link": null,
        "finalLink": null
    },
    {
        "date": "2000-12-31",
        "symbol": "NEU",
        "reportedCurrency": "USD",
        "cik": "0001282637",
        "fillingDate": "2000-12-31",
        "acceptedDate": "2000-12-31 00:00:00",
        "calendarYear": "2000",
        "period": "Q4",
        "revenue": 203404000,
        "costOfRevenue": 156315000,
        "grossProfit": 47089000,
        "grossProfitRatio": 0.2315047885,
        "researchAndDevelopmentExpenses": 17442000,
        "generalAndAdministrativeExpenses": 0,
        "sellingAndMarketingExpenses": 0,
        "sellingGeneralAndAdministrativeExpenses": 17944000,
        "otherExpenses": 15825000,
        "operatingExpenses": 51211000,
        "costAndExpenses": 207526000,
        "interestIncome": 0,
        "interestExpense": 0,
        "depreciationAndAmortization": 15825000,
        "ebitda": 11703000,
        "ebitdaratio": 0.0575357417,
        "operatingIncome": -4122000,
        "operatingIncomeRatio": -0.0202650882,
        "totalOtherIncomeExpensesNet": 3176000,
        "incomeBeforeTax": -946000,
        "incomeBeforeTaxRatio": -0.0046508427,
        "incomeTaxExpense": -3294000,
        "netIncome": 2348000,
        "netIncomeRatio": 0.0115435291,
        "eps": 0.14,
        "epsdiluted": 0.14,
        "weightedAverageShsOut": 16689000,
        "weightedAverageShsOutDil": 16692600,
        "link": null,
        "finalLink": null
    },
    {
        "date": "2000-09-30",
        "symbol": "NEU",
        "reportedCurrency": "USD",
        "cik": "0001282637",
        "fillingDate": "2000-09-30",
        "acceptedDate": "2000-09-30 00:00:00",
        "calendarYear": "2000",
        "period": "Q3",
        "revenue": 204388000,
        "costOfRevenue": 143121000,
        "grossProfit": 61267000,
        "grossProfitRatio": 0.2997583028,
        "researchAndDevelopmentExpenses": 19271000,
        "generalAndAdministrativeExpenses": 0,
        "sellingAndMarketingExpenses": 0,
        "sellingGeneralAndAdministrativeExpenses": 19932000,
        "otherExpenses": 16084000,
        "operatingExpenses": 55287000,
        "costAndExpenses": 198408000,
        "interestIncome": 0,
        "interestExpense": 0,
        "depreciationAndAmortization": 16084000,
        "ebitda": 22064000,
        "ebitdaratio": 0.1079515431,
        "operatingIncome": 5980000,
        "operatingIncomeRatio": 0.0292580778,
        "totalOtherIncomeExpensesNet": 26578000,
        "incomeBeforeTax": 32558000,
        "incomeBeforeTaxRatio": 0.1592950662,
        "incomeTaxExpense": 11002000,
        "netIncome": 21556000,
        "netIncomeRatio": 0.1054660743,
        "eps": 1.3,
        "epsdiluted": 1.3,
        "weightedAverageShsOut": 16692600,
        "weightedAverageShsOutDil": 16692600,
        "link": null,
        "finalLink": null
    },
    {
        "date": "2000-06-30",
        "symbol": "NEU",
        "reportedCurrency": "USD",
        "cik": "0001282637",
        "fillingDate": "2000-06-30",
        "acceptedDate": "2000-06-30 00:00:00",
        "calendarYear": "2000",
        "period": "Q2",
        "revenue": 214566000,
        "costOfRevenue": 150447000,
        "grossProfit": 64119000,
        "grossProfitRatio": 0.2988311289,
        "researchAndDevelopmentExpenses": 18310000,
        "generalAndAdministrativeExpenses": 0,
        "sellingAndMarketingExpenses": 0,
        "sellingGeneralAndAdministrativeExpenses": 19020000,
        "otherExpenses": 17678000,
        "operatingExpenses": 55008000,
        "costAndExpenses": 205455000,
        "interestIncome": 0,
        "interestExpense": 0,
        "depreciationAndAmortization": 17678000,
        "ebitda": 26789000,
        "ebitdaratio": 0.1248520269,
        "operatingIncome": 9111000,
        "operatingIncomeRatio": 0.0424624591,
        "totalOtherIncomeExpensesNet": 5407000,
        "incomeBeforeTax": 14518000,
        "incomeBeforeTaxRatio": 0.0676621646,
        "incomeTaxExpense": 5249000,
        "netIncome": 9269000,
        "netIncomeRatio": 0.0431988293,
        "eps": 0.55,
        "epsdiluted": 0.55,
        "weightedAverageShsOut": 16693000,
        "weightedAverageShsOutDil": 16693000,
        "link": null,
        "finalLink": null
    },
    {
        "date": "2000-03-31",
        "symbol": "NEU",
        "reportedCurrency": "USD",
        "cik": "0001282637",
        "fillingDate": "2000-03-31",
        "acceptedDate": "2000-03-31 00:00:00",
        "calendarYear": "2000",
        "period": "Q1",
        "revenue": 198512000,
        "costOfRevenue": 139579000,
        "grossProfit": 58933000,
        "grossProfitRatio": 0.2968737406,
        "researchAndDevelopmentExpenses": 17918000,
        "generalAndAdministrativeExpenses": 0,
        "sellingAndMarketingExpenses": 0,
        "sellingGeneralAndAdministrativeExpenses": 18980000,
        "otherExpenses": 16669000,
        "operatingExpenses": 53567000,
        "costAndExpenses": 193146000,
        "interestIncome": 0,
        "interestExpense": 0,
        "depreciationAndAmortization": 16669000,
        "ebitda": 22035000,
        "ebitdaratio": 0.1110008463,
        "operatingIncome": 5366000,
        "operatingIncomeRatio": 0.0270311115,
        "totalOtherIncomeExpensesNet": 38599000,
        "incomeBeforeTax": 43965000,
        "incomeBeforeTaxRatio": 0.2214727573,
        "incomeTaxExpense": 16141000,
        "netIncome": 27824000,
        "netIncomeRatio": 0.1401628113,
        "eps": 1.65,
        "epsdiluted": 1.65,
        "weightedAverageShsOut": 16693000,
        "weightedAverageShsOutDil": 16693000,
        "link": null,
        "finalLink": null
    },
    {
        "date": "1999-12-31",
        "symbol": "NEU",
        "reportedCurrency": "USD",
        "cik": "0001282637",
        "fillingDate": "1999-12-31",
        "acceptedDate": "1999-12-31 00:00:00",
        "calendarYear": "1999",
        "period": "Q4",
        "revenue": 215500000,
        "costOfRevenue": 150100000,
        "grossProfit": 65400000,
        "grossProfitRatio": 0.3034802784,
        "researchAndDevelopmentExpenses": 19200000,
        "generalAndAdministrativeExpenses": 0,
        "sellingAndMarketingExpenses": 0,
        "sellingGeneralAndAdministrativeExpenses": 19800000,
        "otherExpenses": 15800000,
        "operatingExpenses": 54800000,
        "costAndExpenses": 204900000,
        "interestIncome": 0,
        "interestExpense": 0,
        "depreciationAndAmortization": 15800000,
        "ebitda": 26400000,
        "ebitdaratio": 0.1225058005,
        "operatingIncome": 10600000,
        "operatingIncomeRatio": 0.049187935,
        "totalOtherIncomeExpensesNet": 2300000,
        "incomeBeforeTax": 12900000,
        "incomeBeforeTaxRatio": 0.0598607889,
        "incomeTaxExpense": 2800000,
        "netIncome": 10100000,
        "netIncomeRatio": 0.0468677494,
        "eps": 0.6,
        "epsdiluted": 0.6,
        "weightedAverageShsOut": 16700000,
        "weightedAverageShsOutDil": 16700000,
        "link": null,
        "finalLink": null
    },
    {
        "date": "1999-09-30",
        "symbol": "NEU",
        "reportedCurrency": "USD",
        "cik": "0001282637",
        "fillingDate": "1999-09-30",
        "acceptedDate": "1999-09-30 00:00:00",
        "calendarYear": "1999",
        "period": "Q3",
        "revenue": 216600000,
        "costOfRevenue": 147500000,
        "grossProfit": 69100000,
        "grossProfitRatio": 0.3190212373,
        "researchAndDevelopmentExpenses": 16300000,
        "generalAndAdministrativeExpenses": 0,
        "sellingAndMarketingExpenses": 0,
        "sellingGeneralAndAdministrativeExpenses": 16800000,
        "otherExpenses": 16400000,
        "operatingExpenses": 49500000,
        "costAndExpenses": 197000000,
        "interestIncome": 0,
        "interestExpense": 0,
        "depreciationAndAmortization": 16400000,
        "ebitda": 36000000,
        "ebitdaratio": 0.1662049861,
        "operatingIncome": 19600000,
        "operatingIncomeRatio": 0.0904893813,
        "totalOtherIncomeExpensesNet": 4800000,
        "incomeBeforeTax": 24400000,
        "incomeBeforeTaxRatio": 0.1126500462,
        "incomeTaxExpense": 7700000,
        "netIncome": 16700000,
        "netIncomeRatio": 0.0771006464,
        "eps": 1,
        "epsdiluted": 1,
        "weightedAverageShsOut": 16700000,
        "weightedAverageShsOutDil": 16700000,
        "link": null,
        "finalLink": null
    },
    {
        "date": "1999-06-30",
        "symbol": "NEU",
        "reportedCurrency": "USD",
        "cik": "0001282637",
        "fillingDate": "1999-06-30",
        "acceptedDate": "1999-06-30 00:00:00",
        "calendarYear": "1999",
        "period": "Q2",
        "revenue": 206200000,
        "costOfRevenue": 141000000,
        "grossProfit": 65200000,
        "grossProfitRatio": 0.3161978661,
        "researchAndDevelopmentExpenses": 16200000,
        "generalAndAdministrativeExpenses": 0,
        "sellingAndMarketingExpenses": 0,
        "sellingGeneralAndAdministrativeExpenses": 17900000,
        "otherExpenses": 16600000,
        "operatingExpenses": 50700000,
        "costAndExpenses": 191700000,
        "interestIncome": 0,
        "interestExpense": 0,
        "depreciationAndAmortization": 16600000,
        "ebitda": 31100000,
        "ebitdaratio": 0.1508244423,
        "operatingIncome": 14500000,
        "operatingIncomeRatio": 0.0703200776,
        "totalOtherIncomeExpensesNet": 6400000,
        "incomeBeforeTax": 20900000,
        "incomeBeforeTaxRatio": 0.1013579049,
        "incomeTaxExpense": 7700000,
        "netIncome": 13200000,
        "netIncomeRatio": 0.0640155189,
        "eps": 0.8,
        "epsdiluted": 0.8,
        "weightedAverageShsOut": 16500000,
        "weightedAverageShsOutDil": 16500000,
        "link": null,
        "finalLink": null
    },
    {
        "date": "1999-03-31",
        "symbol": "NEU",
        "reportedCurrency": "USD",
        "cik": "0001282637",
        "fillingDate": "1999-03-31",
        "acceptedDate": "1999-03-31 00:00:00",
        "calendarYear": "1999",
        "period": "Q1",
        "revenue": 205300000,
        "costOfRevenue": 145600000,
        "grossProfit": 59700000,
        "grossProfitRatio": 0.2907939601,
        "researchAndDevelopmentExpenses": 15300000,
        "generalAndAdministrativeExpenses": 0,
        "sellingAndMarketingExpenses": 0,
        "sellingGeneralAndAdministrativeExpenses": 18100000,
        "otherExpenses": 16300000,
        "operatingExpenses": 49700000,
        "costAndExpenses": 195300000,
        "interestIncome": 0,
        "interestExpense": 0,
        "depreciationAndAmortization": 16300000,
        "ebitda": 26300000,
        "ebitdaratio": 0.1281052119,
        "operatingIncome": 10000000,
        "operatingIncomeRatio": 0.048709206,
        "totalOtherIncomeExpensesNet": 13000000,
        "incomeBeforeTax": 23000000,
        "incomeBeforeTaxRatio": 0.1120311739,
        "incomeTaxExpense": 7700000,
        "netIncome": 15300000,
        "netIncomeRatio": 0.0745250852,
        "eps": 0.9,
        "epsdiluted": 0.9,
        "weightedAverageShsOut": 17000000,
        "weightedAverageShsOutDil": 17000000,
        "link": null,
        "finalLink": null
    },
    {
        "date": "1998-12-31",
        "symbol": "NEU",
        "reportedCurrency": "USD",
        "cik": "0001282637",
        "fillingDate": "1998-12-31",
        "acceptedDate": "1998-12-31 00:00:00",
        "calendarYear": "1998",
        "period": "Q4",
        "revenue": 217700000,
        "costOfRevenue": 157500000,
        "grossProfit": 60200000,
        "grossProfitRatio": 0.2765273312,
        "researchAndDevelopmentExpenses": 18100000,
        "generalAndAdministrativeExpenses": 0,
        "sellingAndMarketingExpenses": 0,
        "sellingGeneralAndAdministrativeExpenses": 20600000,
        "otherExpenses": 16700000,
        "operatingExpenses": 55400000,
        "costAndExpenses": 212900000,
        "interestIncome": 0,
        "interestExpense": 0,
        "depreciationAndAmortization": 16700000,
        "ebitda": 21500000,
        "ebitdaratio": 0.0987597611,
        "operatingIncome": 4800000,
        "operatingIncomeRatio": 0.0220486909,
        "totalOtherIncomeExpensesNet": 7000000,
        "incomeBeforeTax": 11800000,
        "incomeBeforeTaxRatio": 0.0542030317,
        "incomeTaxExpense": 1900000,
        "netIncome": 9900000,
        "netIncomeRatio": 0.0454754249,
        "eps": 0.59,
        "epsdiluted": 0.59,
        "weightedAverageShsOut": 16556648,
        "weightedAverageShsOutDil": 16648649,
        "link": null,
        "finalLink": null
    },
    {
        "date": "1998-09-30",
        "symbol": "NEU",
        "reportedCurrency": "USD",
        "cik": "0001282637",
        "fillingDate": "1998-09-30",
        "acceptedDate": "1998-09-30 00:00:00",
        "calendarYear": "1998",
        "period": "Q3",
        "revenue": 285300000,
        "costOfRevenue": 184400000,
        "grossProfit": 100900000,
        "grossProfitRatio": 0.3536628111,
        "researchAndDevelopmentExpenses": 16700000,
        "generalAndAdministrativeExpenses": 0,
        "sellingAndMarketingExpenses": 0,
        "sellingGeneralAndAdministrativeExpenses": 19600000,
        "otherExpenses": 15900000,
        "operatingExpenses": 52200000,
        "costAndExpenses": 236600000,
        "interestIncome": 0,
        "interestExpense": 0,
        "depreciationAndAmortization": 15900000,
        "ebitda": 64600000,
        "ebitdaratio": 0.2264283211,
        "operatingIncome": 48700000,
        "operatingIncomeRatio": 0.1706975114,
        "totalOtherIncomeExpensesNet": 200000,
        "incomeBeforeTax": 48900000,
        "incomeBeforeTaxRatio": 0.1713985279,
        "incomeTaxExpense": 18100000,
        "netIncome": 30800000,
        "netIncomeRatio": 0.107956537,
        "eps": 1.85,
        "epsdiluted": 1.85,
        "weightedAverageShsOut": 16648649,
        "weightedAverageShsOutDil": 16648649,
        "link": null,
        "finalLink": null
    },
    {
        "date": "1998-06-30",
        "symbol": "NEU",
        "reportedCurrency": "USD",
        "cik": "0001282637",
        "fillingDate": "1998-06-30",
        "acceptedDate": "1998-06-30 00:00:00",
        "calendarYear": "1998",
        "period": "Q2",
        "revenue": 244300000,
        "costOfRevenue": 161400000,
        "grossProfit": 82900000,
        "grossProfitRatio": 0.3393368809,
        "researchAndDevelopmentExpenses": 15700000,
        "generalAndAdministrativeExpenses": 0,
        "sellingAndMarketingExpenses": 0,
        "sellingGeneralAndAdministrativeExpenses": 20100000,
        "otherExpenses": 15600000,
        "operatingExpenses": 51400000,
        "costAndExpenses": 212800000,
        "interestIncome": 0,
        "interestExpense": 0,
        "depreciationAndAmortization": 15600000,
        "ebitda": 47600000,
        "ebitdaratio": 0.1948424069,
        "operatingIncome": 31500000,
        "operatingIncomeRatio": 0.1289398281,
        "totalOtherIncomeExpensesNet": -5500000,
        "incomeBeforeTax": 26500000,
        "incomeBeforeTaxRatio": 0.1084731887,
        "incomeTaxExpense": 9700000,
        "netIncome": 16800000,
        "netIncomeRatio": 0.0687679083,
        "eps": 1,
        "epsdiluted": 1,
        "weightedAverageShsOut": 16800000,
        "weightedAverageShsOutDil": 16800000,
        "link": null,
        "finalLink": null
    },
    {
        "date": "1998-03-31",
        "symbol": "NEU",
        "reportedCurrency": "USD",
        "cik": "0001282637",
        "fillingDate": "1998-03-31",
        "acceptedDate": "1998-03-31 00:00:00",
        "calendarYear": "1998",
        "period": "Q1",
        "revenue": 226900000,
        "costOfRevenue": 158400000,
        "grossProfit": 68500000,
        "grossProfitRatio": 0.301895108,
        "researchAndDevelopmentExpenses": 16900000,
        "generalAndAdministrativeExpenses": 0,
        "sellingAndMarketingExpenses": 0,
        "sellingGeneralAndAdministrativeExpenses": 20000000,
        "otherExpenses": 15100000,
        "operatingExpenses": 52000000,
        "costAndExpenses": 210400000,
        "interestIncome": 0,
        "interestExpense": 0,
        "depreciationAndAmortization": 15100000,
        "ebitda": 31600000,
        "ebitdaratio": 0.1392684002,
        "operatingIncome": 16500000,
        "operatingIncomeRatio": 0.0727192596,
        "totalOtherIncomeExpensesNet": 2700000,
        "incomeBeforeTax": 19200000,
        "incomeBeforeTaxRatio": 0.0846187748,
        "incomeTaxExpense": 6100000,
        "netIncome": 13100000,
        "netIncomeRatio": 0.0577346849,
        "eps": 0.8,
        "epsdiluted": 0.8,
        "weightedAverageShsOut": 16375000,
        "weightedAverageShsOutDil": 16375000,
        "link": null,
        "finalLink": null
    },
    {
        "date": "1997-12-31",
        "symbol": "NEU",
        "reportedCurrency": "USD",
        "cik": "0001282637",
        "fillingDate": "1997-12-31",
        "acceptedDate": "1997-12-31 00:00:00",
        "calendarYear": "1997",
        "period": "Q4",
        "revenue": 274500000,
        "costOfRevenue": 182800000,
        "grossProfit": 91700000,
        "grossProfitRatio": 0.3340619308,
        "researchAndDevelopmentExpenses": 22500000,
        "generalAndAdministrativeExpenses": 0,
        "sellingAndMarketingExpenses": 0,
        "sellingGeneralAndAdministrativeExpenses": 23800000,
        "otherExpenses": 14900000,
        "operatingExpenses": 61200000,
        "costAndExpenses": 244000000,
        "interestIncome": 0,
        "interestExpense": 0,
        "depreciationAndAmortization": 14900000,
        "ebitda": 45400000,
        "ebitdaratio": 0.1653916211,
        "operatingIncome": 30500000,
        "operatingIncomeRatio": 0.1111111111,
        "totalOtherIncomeExpensesNet": -15300000,
        "incomeBeforeTax": 15200000,
        "incomeBeforeTaxRatio": 0.0553734062,
        "incomeTaxExpense": -900000,
        "netIncome": 16100000,
        "netIncomeRatio": 0.0586520947,
        "eps": 0.69,
        "epsdiluted": 0.69,
        "weightedAverageShsOut": 23500000,
        "weightedAverageShsOutDil": 23500000,
        "link": null,
        "finalLink": null
    },
    {
        "date": "1997-09-30",
        "symbol": "NEU",
        "reportedCurrency": "USD",
        "cik": "0001282637",
        "fillingDate": "1997-09-30",
        "acceptedDate": "1997-09-30 00:00:00",
        "calendarYear": "1997",
        "period": "Q3",
        "revenue": 254100000,
        "costOfRevenue": 169900000,
        "grossProfit": 84200000,
        "grossProfitRatio": 0.3313656041,
        "researchAndDevelopmentExpenses": 15900000,
        "generalAndAdministrativeExpenses": 0,
        "sellingAndMarketingExpenses": 0,
        "sellingGeneralAndAdministrativeExpenses": 21200000,
        "otherExpenses": 14500000,
        "operatingExpenses": 51600000,
        "costAndExpenses": 221500000,
        "interestIncome": 0,
        "interestExpense": 0,
        "depreciationAndAmortization": 14500000,
        "ebitda": 47100000,
        "ebitdaratio": 0.1853600945,
        "operatingIncome": 32600000,
        "operatingIncomeRatio": 0.1282959465,
        "totalOtherIncomeExpensesNet": -4300000,
        "incomeBeforeTax": 28300000,
        "incomeBeforeTaxRatio": 0.111373475,
        "incomeTaxExpense": 9500000,
        "netIncome": 18800000,
        "netIncomeRatio": 0.0739866194,
        "eps": 0.8,
        "epsdiluted": 0.8,
        "weightedAverageShsOut": 23500000,
        "weightedAverageShsOutDil": 23500000,
        "link": null,
        "finalLink": null
    },
    {
        "date": "1997-06-30",
        "symbol": "NEU",
        "reportedCurrency": "USD",
        "cik": "0001282637",
        "fillingDate": "1997-06-30",
        "acceptedDate": "1997-06-30 00:00:00",
        "calendarYear": "1997",
        "period": "Q2",
        "revenue": 269300000,
        "costOfRevenue": 174500000,
        "grossProfit": 94800000,
        "grossProfitRatio": 0.3520237653,
        "researchAndDevelopmentExpenses": 16400000,
        "generalAndAdministrativeExpenses": 0,
        "sellingAndMarketingExpenses": 0,
        "sellingGeneralAndAdministrativeExpenses": 23700000,
        "otherExpenses": 15500000,
        "operatingExpenses": 55600000,
        "costAndExpenses": 230100000,
        "interestIncome": 0,
        "interestExpense": 0,
        "depreciationAndAmortization": 15500000,
        "ebitda": 54700000,
        "ebitdaratio": 0.2031191979,
        "operatingIncome": 39200000,
        "operatingIncomeRatio": 0.1455625696,
        "totalOtherIncomeExpensesNet": -5200000,
        "incomeBeforeTax": 34000000,
        "incomeBeforeTaxRatio": 0.1262532492,
        "incomeTaxExpense": 12100000,
        "netIncome": 21900000,
        "netIncomeRatio": 0.0813219458,
        "eps": 0.95,
        "epsdiluted": 0.95,
        "weightedAverageShsOut": 23052632,
        "weightedAverageShsOutDil": 23052632,
        "link": null,
        "finalLink": null
    },
    {
        "date": "1997-03-31",
        "symbol": "NEU",
        "reportedCurrency": "USD",
        "cik": "0001282637",
        "fillingDate": "1997-03-31",
        "acceptedDate": "1997-03-31 00:00:00",
        "calendarYear": "1997",
        "period": "Q1",
        "revenue": 265700000,
        "costOfRevenue": 172800000,
        "grossProfit": 92900000,
        "grossProfitRatio": 0.3496424539,
        "researchAndDevelopmentExpenses": 16400000,
        "generalAndAdministrativeExpenses": 0,
        "sellingAndMarketingExpenses": 0,
        "sellingGeneralAndAdministrativeExpenses": 22300000,
        "otherExpenses": 16900000,
        "operatingExpenses": 55600000,
        "costAndExpenses": 228400000,
        "interestIncome": 0,
        "interestExpense": 0,
        "depreciationAndAmortization": 16900000,
        "ebitda": 54200000,
        "ebitdaratio": 0.2039894618,
        "operatingIncome": 37300000,
        "operatingIncomeRatio": 0.1403838916,
        "totalOtherIncomeExpensesNet": -4900000,
        "incomeBeforeTax": 32400000,
        "incomeBeforeTaxRatio": 0.1219420399,
        "incomeTaxExpense": 11800000,
        "netIncome": 20600000,
        "netIncomeRatio": 0.0775310501,
        "eps": 0.85,
        "epsdiluted": 0.85,
        "weightedAverageShsOut": 24235294,
        "weightedAverageShsOutDil": 24235294,
        "link": null,
        "finalLink": null
    },
    {
        "date": "1996-12-31",
        "symbol": "NEU",
        "reportedCurrency": "USD",
        "cik": "0001282637",
        "fillingDate": "1996-12-31",
        "acceptedDate": "1996-12-31 00:00:00",
        "calendarYear": "1996",
        "period": "Q4",
        "revenue": 304000000,
        "costOfRevenue": 193400000,
        "grossProfit": 110600000,
        "grossProfitRatio": 0.3638157895,
        "researchAndDevelopmentExpenses": 0,
        "generalAndAdministrativeExpenses": 0,
        "sellingAndMarketingExpenses": 0,
        "sellingGeneralAndAdministrativeExpenses": 47300000,
        "otherExpenses": 18800000,
        "operatingExpenses": 66100000,
        "costAndExpenses": 259500000,
        "interestIncome": 0,
        "interestExpense": 0,
        "depreciationAndAmortization": 18800000,
        "ebitda": 63300000,
        "ebitdaratio": 0.2082236842,
        "operatingIncome": 44500000,
        "operatingIncomeRatio": 0.1463815789,
        "totalOtherIncomeExpensesNet": -6600000,
        "incomeBeforeTax": 37900000,
        "incomeBeforeTaxRatio": 0.1246710526,
        "incomeTaxExpense": 12500000,
        "netIncome": 25400000,
        "netIncomeRatio": 0.0835526316,
        "eps": 1.07,
        "epsdiluted": 1.07,
        "weightedAverageShsOut": 23750000,
        "weightedAverageShsOutDil": 23750000,
        "link": null,
        "finalLink": null
    },
    {
        "date": "1996-09-30",
        "symbol": "NEU",
        "reportedCurrency": "USD",
        "cik": "0001282637",
        "fillingDate": "1996-09-30",
        "acceptedDate": "1996-09-30 00:00:00",
        "calendarYear": "1996",
        "period": "Q3",
        "revenue": 304200000,
        "costOfRevenue": 193600000,
        "grossProfit": 110600000,
        "grossProfitRatio": 0.3635765943,
        "researchAndDevelopmentExpenses": 0,
        "generalAndAdministrativeExpenses": 0,
        "sellingAndMarketingExpenses": 0,
        "sellingGeneralAndAdministrativeExpenses": 44100000,
        "otherExpenses": 15100000,
        "operatingExpenses": 59200000,
        "costAndExpenses": 252800000,
        "interestIncome": 0,
        "interestExpense": 0,
        "depreciationAndAmortization": 15100000,
        "ebitda": 66500000,
        "ebitdaratio": 0.2186061801,
        "operatingIncome": 51400000,
        "operatingIncomeRatio": 0.1689677844,
        "totalOtherIncomeExpensesNet": -6200000,
        "incomeBeforeTax": 45200000,
        "incomeBeforeTaxRatio": 0.1485864563,
        "incomeTaxExpense": 16700000,
        "netIncome": 28500000,
        "netIncomeRatio": 0.0936883629,
        "eps": 1.2,
        "epsdiluted": 1.2,
        "weightedAverageShsOut": 23750000,
        "weightedAverageShsOutDil": 23750000,
        "link": null,
        "finalLink": null
    },
    {
        "date": "1996-06-30",
        "symbol": "NEU",
        "reportedCurrency": "USD",
        "cik": "0001282637",
        "fillingDate": "1996-06-30",
        "acceptedDate": "1996-06-30 00:00:00",
        "calendarYear": "1996",
        "period": "Q2",
        "revenue": 299300000,
        "costOfRevenue": 202900000,
        "grossProfit": 96400000,
        "grossProfitRatio": 0.3220848647,
        "researchAndDevelopmentExpenses": 0,
        "generalAndAdministrativeExpenses": 0,
        "sellingAndMarketingExpenses": 0,
        "sellingGeneralAndAdministrativeExpenses": 43700000,
        "otherExpenses": 14600000,
        "operatingExpenses": 58300000,
        "costAndExpenses": 261200000,
        "interestIncome": 0,
        "interestExpense": 0,
        "depreciationAndAmortization": 14600000,
        "ebitda": 52700000,
        "ebitdaratio": 0.1760775142,
        "operatingIncome": 38100000,
        "operatingIncomeRatio": 0.1272970264,
        "totalOtherIncomeExpensesNet": -5900000,
        "incomeBeforeTax": 32200000,
        "incomeBeforeTaxRatio": 0.1075843635,
        "incomeTaxExpense": 12100000,
        "netIncome": 20100000,
        "netIncomeRatio": 0.067156699,
        "eps": 0.85,
        "epsdiluted": 0.85,
        "weightedAverageShsOut": 23647059,
        "weightedAverageShsOutDil": 23647059,
        "link": null,
        "finalLink": null
    },
    {
        "date": "1996-03-31",
        "symbol": "NEU",
        "reportedCurrency": "USD",
        "cik": "0001282637",
        "fillingDate": "1996-03-31",
        "acceptedDate": "1996-03-31 00:00:00",
        "calendarYear": "1996",
        "period": "Q1",
        "revenue": 242200000,
        "costOfRevenue": 152700000,
        "grossProfit": 89500000,
        "grossProfitRatio": 0.3695293146,
        "researchAndDevelopmentExpenses": 0,
        "generalAndAdministrativeExpenses": 0,
        "sellingAndMarketingExpenses": 0,
        "sellingGeneralAndAdministrativeExpenses": 40200000,
        "otherExpenses": 13400000,
        "operatingExpenses": 53600000,
        "costAndExpenses": 206300000,
        "interestIncome": 0,
        "interestExpense": 0,
        "depreciationAndAmortization": 13400000,
        "ebitda": 49300000,
        "ebitdaratio": 0.2035507845,
        "operatingIncome": 35900000,
        "operatingIncomeRatio": 0.1482246078,
        "totalOtherIncomeExpensesNet": -5400000,
        "incomeBeforeTax": 30500000,
        "incomeBeforeTaxRatio": 0.1259289843,
        "incomeTaxExpense": 11500000,
        "netIncome": 19000000,
        "netIncomeRatio": 0.078447564,
        "eps": 0.8,
        "epsdiluted": 0.8,
        "weightedAverageShsOut": 23750000,
        "weightedAverageShsOutDil": 23750000,
        "link": null,
        "finalLink": null
    },
    {
        "date": "1995-12-31",
        "symbol": "NEU",
        "reportedCurrency": "USD",
        "cik": "0001282637",
        "fillingDate": "1995-12-31",
        "acceptedDate": "1995-12-31 00:00:00",
        "calendarYear": "1995",
        "period": "Q4",
        "revenue": 260000000,
        "costOfRevenue": 156900000,
        "grossProfit": 103100000,
        "grossProfitRatio": 0.3965384615,
        "researchAndDevelopmentExpenses": 0,
        "generalAndAdministrativeExpenses": 0,
        "sellingAndMarketingExpenses": 0,
        "sellingGeneralAndAdministrativeExpenses": 48200000,
        "otherExpenses": 13400000,
        "operatingExpenses": 61600000,
        "costAndExpenses": 218500000,
        "interestIncome": 0,
        "interestExpense": 0,
        "depreciationAndAmortization": 13400000,
        "ebitda": 54900000,
        "ebitdaratio": 0.2111538462,
        "operatingIncome": 41500000,
        "operatingIncomeRatio": 0.1596153846,
        "totalOtherIncomeExpensesNet": -5300000,
        "incomeBeforeTax": 36200000,
        "incomeBeforeTaxRatio": 0.1392307692,
        "incomeTaxExpense": 13700000,
        "netIncome": 22500000,
        "netIncomeRatio": 0.0865384615,
        "eps": 0.93,
        "epsdiluted": 0.93,
        "weightedAverageShsOut": 23623406,
        "weightedAverageShsOutDil": 24285714,
        "link": null,
        "finalLink": null
    },
    {
        "date": "1995-09-30",
        "symbol": "NEU",
        "reportedCurrency": "USD",
        "cik": "0001282637",
        "fillingDate": "1995-09-30",
        "acceptedDate": "1995-09-30 00:00:00",
        "calendarYear": "1995",
        "period": "Q3",
        "revenue": 241700000,
        "costOfRevenue": 147600000,
        "grossProfit": 94100000,
        "grossProfitRatio": 0.3893256103,
        "researchAndDevelopmentExpenses": 0,
        "generalAndAdministrativeExpenses": 0,
        "sellingAndMarketingExpenses": 0,
        "sellingGeneralAndAdministrativeExpenses": 43300000,
        "otherExpenses": 12200000,
        "operatingExpenses": 55500000,
        "costAndExpenses": 203100000,
        "interestIncome": 0,
        "interestExpense": 0,
        "depreciationAndAmortization": 12200000,
        "ebitda": 50800000,
        "ebitdaratio": 0.2101779065,
        "operatingIncome": 38600000,
        "operatingIncomeRatio": 0.1597021101,
        "totalOtherIncomeExpensesNet": -12000000,
        "incomeBeforeTax": 26600000,
        "incomeBeforeTaxRatio": 0.1100537857,
        "incomeTaxExpense": 9600000,
        "netIncome": 17000000,
        "netIncomeRatio": 0.0703351262,
        "eps": 0.7,
        "epsdiluted": 0.7,
        "weightedAverageShsOut": 24285714,
        "weightedAverageShsOutDil": 24285714,
        "link": null,
        "finalLink": null
    },
    {
        "date": "1995-06-30",
        "symbol": "NEU",
        "reportedCurrency": "USD",
        "cik": "0001282637",
        "fillingDate": "1995-06-30",
        "acceptedDate": "1995-06-30 00:00:00",
        "calendarYear": "1995",
        "period": "Q2",
        "revenue": 224500000,
        "costOfRevenue": 141200000,
        "grossProfit": 83300000,
        "grossProfitRatio": 0.3710467706,
        "researchAndDevelopmentExpenses": 0,
        "generalAndAdministrativeExpenses": 0,
        "sellingAndMarketingExpenses": 0,
        "sellingGeneralAndAdministrativeExpenses": 43000000,
        "otherExpenses": 12700000,
        "operatingExpenses": 55700000,
        "costAndExpenses": 196900000,
        "interestIncome": 0,
        "interestExpense": 0,
        "depreciationAndAmortization": 12700000,
        "ebitda": 40300000,
        "ebitdaratio": 0.1795100223,
        "operatingIncome": 27600000,
        "operatingIncomeRatio": 0.1229398664,
        "totalOtherIncomeExpensesNet": -7900000,
        "incomeBeforeTax": 19700000,
        "incomeBeforeTaxRatio": 0.0877505568,
        "incomeTaxExpense": 6700000,
        "netIncome": 13000000,
        "netIncomeRatio": 0.0579064588,
        "eps": 0.55,
        "epsdiluted": 0.55,
        "weightedAverageShsOut": 23636364,
        "weightedAverageShsOutDil": 23636364,
        "link": null,
        "finalLink": null
    },
    {
        "date": "1995-03-31",
        "symbol": "NEU",
        "reportedCurrency": "USD",
        "cik": "0001282637",
        "fillingDate": "1995-03-31",
        "acceptedDate": "1995-03-31 00:00:00",
        "calendarYear": "1995",
        "period": "Q1",
        "revenue": 234300000,
        "costOfRevenue": 141200000,
        "grossProfit": 93100000,
        "grossProfitRatio": 0.3973538199,
        "researchAndDevelopmentExpenses": 0,
        "generalAndAdministrativeExpenses": 0,
        "sellingAndMarketingExpenses": 0,
        "sellingGeneralAndAdministrativeExpenses": 42700000,
        "otherExpenses": 10900000,
        "operatingExpenses": 53600000,
        "costAndExpenses": 194800000,
        "interestIncome": 0,
        "interestExpense": 0,
        "depreciationAndAmortization": 10900000,
        "ebitda": 50400000,
        "ebitdaratio": 0.2151088348,
        "operatingIncome": 39500000,
        "operatingIncomeRatio": 0.1685872813,
        "totalOtherIncomeExpensesNet": -5900000,
        "incomeBeforeTax": 33600000,
        "incomeBeforeTaxRatio": 0.1434058899,
        "incomeTaxExpense": 12100000,
        "netIncome": 21500000,
        "netIncomeRatio": 0.0917626974,
        "eps": 0.9,
        "epsdiluted": 0.9,
        "weightedAverageShsOut": 23888889,
        "weightedAverageShsOutDil": 23888889,
        "link": null,
        "finalLink": null
    },
    {
        "date": "1994-12-31",
        "symbol": "NEU",
        "reportedCurrency": "USD",
        "cik": "0001282637",
        "fillingDate": "1994-12-31",
        "acceptedDate": "1994-12-31 00:00:00",
        "calendarYear": "1994",
        "period": "Q4",
        "revenue": 264000000,
        "costOfRevenue": 165300000,
        "grossProfit": 98700000,
        "grossProfitRatio": 0.3738636364,
        "researchAndDevelopmentExpenses": 46400000,
        "generalAndAdministrativeExpenses": 0,
        "sellingAndMarketingExpenses": 0,
        "sellingGeneralAndAdministrativeExpenses": -900000,
        "otherExpenses": 11300000,
        "operatingExpenses": 56800000,
        "costAndExpenses": 222100000,
        "interestIncome": 0,
        "interestExpense": 0,
        "depreciationAndAmortization": 11300000,
        "ebitda": 53200000,
        "ebitdaratio": 0.2015151515,
        "operatingIncome": 41900000,
        "operatingIncomeRatio": 0.1587121212,
        "totalOtherIncomeExpensesNet": -8700000,
        "incomeBeforeTax": 33200000,
        "incomeBeforeTaxRatio": 0.1257575758,
        "incomeTaxExpense": 8500000,
        "netIncome": 24700000,
        "netIncomeRatio": 0.0935606061,
        "eps": 1.04,
        "epsdiluted": 1.04,
        "weightedAverageShsOut": 23192060,
        "weightedAverageShsOutDil": 23689600,
        "link": null,
        "finalLink": null
    },
    {
        "date": "1994-09-30",
        "symbol": "NEU",
        "reportedCurrency": "USD",
        "cik": "0001282637",
        "fillingDate": "1994-09-30",
        "acceptedDate": "1994-09-30 00:00:00",
        "calendarYear": "1994",
        "period": "Q3",
        "revenue": 244900000,
        "costOfRevenue": 148500000,
        "grossProfit": 96400000,
        "grossProfitRatio": 0.3936300531,
        "researchAndDevelopmentExpenses": 10500000,
        "generalAndAdministrativeExpenses": 0,
        "sellingAndMarketingExpenses": 0,
        "sellingGeneralAndAdministrativeExpenses": 41900000,
        "otherExpenses": 9600000,
        "operatingExpenses": 62000000,
        "costAndExpenses": 210500000,
        "interestIncome": 0,
        "interestExpense": 0,
        "depreciationAndAmortization": 9600000,
        "ebitda": 44000000,
        "ebitdaratio": 0.1796651695,
        "operatingIncome": 34400000,
        "operatingIncomeRatio": 0.1404654961,
        "totalOtherIncomeExpensesNet": -7800000,
        "incomeBeforeTax": 26600000,
        "incomeBeforeTaxRatio": 0.1086157615,
        "incomeTaxExpense": 4100000,
        "netIncome": 22500000,
        "netIncomeRatio": 0.0918742344,
        "eps": 0.95,
        "epsdiluted": 0.95,
        "weightedAverageShsOut": 23689600,
        "weightedAverageShsOutDil": 23689600,
        "link": null,
        "finalLink": null
    },
    {
        "date": "1994-06-30",
        "symbol": "NEU",
        "reportedCurrency": "USD",
        "cik": "0001282637",
        "fillingDate": "1994-06-30",
        "acceptedDate": "1994-06-30 00:00:00",
        "calendarYear": "1994",
        "period": "Q2",
        "revenue": 276100000,
        "costOfRevenue": 159300000,
        "grossProfit": 116800000,
        "grossProfitRatio": 0.4230351322,
        "researchAndDevelopmentExpenses": 11000000,
        "generalAndAdministrativeExpenses": 0,
        "sellingAndMarketingExpenses": 0,
        "sellingGeneralAndAdministrativeExpenses": 43600000,
        "otherExpenses": 9100000,
        "operatingExpenses": 63700000,
        "costAndExpenses": 223000000,
        "interestIncome": 0,
        "interestExpense": 0,
        "depreciationAndAmortization": 9100000,
        "ebitda": 62200000,
        "ebitdaratio": 0.2252806954,
        "operatingIncome": 53100000,
        "operatingIncomeRatio": 0.1923216226,
        "totalOtherIncomeExpensesNet": -4700000,
        "incomeBeforeTax": 48400000,
        "incomeBeforeTaxRatio": 0.1752988048,
        "incomeTaxExpense": 18000000,
        "netIncome": 30400000,
        "netIncomeRatio": 0.1101050344,
        "eps": 1.3,
        "epsdiluted": 1.3,
        "weightedAverageShsOut": 23690800,
        "weightedAverageShsOutDil": 23690800,
        "link": null,
        "finalLink": null
    },
    {
        "date": "1994-03-31",
        "symbol": "NEU",
        "reportedCurrency": "USD",
        "cik": "0001282637",
        "fillingDate": "1994-03-31",
        "acceptedDate": "1994-03-31 00:00:00",
        "calendarYear": "1994",
        "period": "Q1",
        "revenue": 389100000,
        "costOfRevenue": 249600000,
        "grossProfit": 139500000,
        "grossProfitRatio": 0.3585196608,
        "researchAndDevelopmentExpenses": 14700000,
        "generalAndAdministrativeExpenses": 0,
        "sellingAndMarketingExpenses": 0,
        "sellingGeneralAndAdministrativeExpenses": 59800000,
        "otherExpenses": 24000000,
        "operatingExpenses": 98500000,
        "costAndExpenses": 348100000,
        "interestIncome": 0,
        "interestExpense": 0,
        "depreciationAndAmortization": 24000000,
        "ebitda": 65000000,
        "ebitdaratio": 0.1670521717,
        "operatingIncome": 41000000,
        "operatingIncomeRatio": 0.1053713698,
        "totalOtherIncomeExpensesNet": -7900000,
        "incomeBeforeTax": 33100000,
        "incomeBeforeTaxRatio": 0.0850681059,
        "incomeTaxExpense": 12800000,
        "netIncome": 20300000,
        "netIncomeRatio": 0.0521716782,
        "eps": 0.85,
        "epsdiluted": 0.85,
        "weightedAverageShsOut": 23692400,
        "weightedAverageShsOutDil": 23692400,
        "link": null,
        "finalLink": null
    },
    {
        "date": "1993-12-31",
        "symbol": "NEU",
        "reportedCurrency": "USD",
        "cik": "0001282637",
        "fillingDate": "1993-12-31",
        "acceptedDate": "1993-12-31 00:00:00",
        "calendarYear": "1993",
        "period": "Q4",
        "revenue": 486700000,
        "costOfRevenue": 322200000,
        "grossProfit": 164500000,
        "grossProfitRatio": 0.3379905486,
        "researchAndDevelopmentExpenses": 0,
        "generalAndAdministrativeExpenses": 0,
        "sellingAndMarketingExpenses": 0,
        "sellingGeneralAndAdministrativeExpenses": 119000000,
        "otherExpenses": 34200000,
        "operatingExpenses": 153200000,
        "costAndExpenses": 475400000,
        "interestIncome": 0,
        "interestExpense": 0,
        "depreciationAndAmortization": 34200000,
        "ebitda": 45500000,
        "ebitdaratio": 0.0934867475,
        "operatingIncome": 11300000,
        "operatingIncomeRatio": 0.0232175878,
        "totalOtherIncomeExpensesNet": -8500000,
        "incomeBeforeTax": 2800000,
        "incomeBeforeTaxRatio": 0.0057530306,
        "incomeTaxExpense": -10100000,
        "netIncome": 7900000,
        "netIncomeRatio": 0.0162317649,
        "eps": 0.34,
        "epsdiluted": 0.34,
        "weightedAverageShsOut": 23529412,
        "weightedAverageShsOutDil": 23529412,
        "link": null,
        "finalLink": null
    },
    {
        "date": "1993-09-30",
        "symbol": "NEU",
        "reportedCurrency": "USD",
        "cik": "0001282637",
        "fillingDate": "1993-09-30",
        "acceptedDate": "1993-09-30 00:00:00",
        "calendarYear": "1993",
        "period": "Q3",
        "revenue": 486900000,
        "costOfRevenue": 305400000,
        "grossProfit": 181500000,
        "grossProfitRatio": 0.3727664818,
        "researchAndDevelopmentExpenses": 0,
        "generalAndAdministrativeExpenses": 0,
        "sellingAndMarketingExpenses": 0,
        "sellingGeneralAndAdministrativeExpenses": 97900000,
        "otherExpenses": 31100000,
        "operatingExpenses": 129000000,
        "costAndExpenses": 434400000,
        "interestIncome": 0,
        "interestExpense": 0,
        "depreciationAndAmortization": 30400000,
        "ebitda": 83100000,
        "ebitdaratio": 0.1706715958,
        "operatingIncome": 52500000,
        "operatingIncomeRatio": 0.1078250154,
        "totalOtherIncomeExpensesNet": -10500000,
        "incomeBeforeTax": 42000000,
        "incomeBeforeTaxRatio": 0.0862600123,
        "incomeTaxExpense": 22000000,
        "netIncome": 20000000,
        "netIncomeRatio": 0.0410761963,
        "eps": 0.85,
        "epsdiluted": 0.85,
        "weightedAverageShsOut": 23529412,
        "weightedAverageShsOutDil": 23529412,
        "link": null,
        "finalLink": null
    },
    {
        "date": "1993-06-30",
        "symbol": "NEU",
        "reportedCurrency": "USD",
        "cik": "0001282637",
        "fillingDate": "1993-06-30",
        "acceptedDate": "1993-06-30 00:00:00",
        "calendarYear": "1993",
        "period": "Q2",
        "revenue": 495000000,
        "costOfRevenue": 321100000,
        "grossProfit": 173900000,
        "grossProfitRatio": 0.3513131313,
        "researchAndDevelopmentExpenses": 0,
        "generalAndAdministrativeExpenses": 0,
        "sellingAndMarketingExpenses": 0,
        "sellingGeneralAndAdministrativeExpenses": 85500000,
        "otherExpenses": 31000000,
        "operatingExpenses": 116500000,
        "costAndExpenses": 437600000,
        "interestIncome": 0,
        "interestExpense": 0,
        "depreciationAndAmortization": 31000000,
        "ebitda": 88400000,
        "ebitdaratio": 0.1785858586,
        "operatingIncome": 57400000,
        "operatingIncomeRatio": 0.115959596,
        "totalOtherIncomeExpensesNet": -9900000,
        "incomeBeforeTax": 47500000,
        "incomeBeforeTaxRatio": 0.095959596,
        "incomeTaxExpense": 16700000,
        "netIncome": 75700000,
        "netIncomeRatio": 0.1529292929,
        "eps": 3.2,
        "epsdiluted": 3.2,
        "weightedAverageShsOut": 23656250,
        "weightedAverageShsOutDil": 23656250,
        "link": null,
        "finalLink": null
    },
    {
        "date": "1993-03-31",
        "symbol": "NEU",
        "reportedCurrency": "USD",
        "cik": "0001282637",
        "fillingDate": "1993-03-31",
        "acceptedDate": "1993-03-31 00:00:00",
        "calendarYear": "1993",
        "period": "Q1",
        "revenue": 469800000,
        "costOfRevenue": 306900000,
        "grossProfit": 162900000,
        "grossProfitRatio": 0.346743295,
        "researchAndDevelopmentExpenses": 0,
        "generalAndAdministrativeExpenses": 0,
        "sellingAndMarketingExpenses": 0,
        "sellingGeneralAndAdministrativeExpenses": 79900000,
        "otherExpenses": 31900000,
        "operatingExpenses": 111800000,
        "costAndExpenses": 418700000,
        "interestIncome": 0,
        "interestExpense": 0,
        "depreciationAndAmortization": 31900000,
        "ebitda": 83000000,
        "ebitdaratio": 0.1766709238,
        "operatingIncome": 51100000,
        "operatingIncomeRatio": 0.1087696892,
        "totalOtherIncomeExpensesNet": -9800000,
        "incomeBeforeTax": 41300000,
        "incomeBeforeTaxRatio": 0.0879097488,
        "incomeTaxExpense": 15000000,
        "netIncome": 71800000,
        "netIncomeRatio": 0.1528309919,
        "eps": 3.05,
        "epsdiluted": 3.05,
        "weightedAverageShsOut": 23540984,
        "weightedAverageShsOutDil": 23540984,
        "link": null,
        "finalLink": null
    },
    {
        "date": "1992-12-31",
        "symbol": "NEU",
        "reportedCurrency": "USD",
        "cik": "0001282637",
        "fillingDate": "1992-12-31",
        "acceptedDate": "1992-12-31 00:00:00",
        "calendarYear": "1992",
        "period": "Q4",
        "revenue": 836800000,
        "costOfRevenue": -302500000,
        "grossProfit": 1139300000,
        "grossProfitRatio": 1.3614961759,
        "researchAndDevelopmentExpenses": 0,
        "generalAndAdministrativeExpenses": 0,
        "sellingAndMarketingExpenses": 0,
        "sellingGeneralAndAdministrativeExpenses": 1043200000,
        "otherExpenses": -1700000,
        "operatingExpenses": 1041500000,
        "costAndExpenses": 739000000,
        "interestIncome": 0,
        "interestExpense": 0,
        "depreciationAndAmortization": -1700000,
        "ebitda": 96100000,
        "ebitdaratio": 0.1148422562,
        "operatingIncome": 97800000,
        "operatingIncomeRatio": 0.116873805,
        "totalOtherIncomeExpensesNet": 67900000,
        "incomeBeforeTax": 165700000,
        "incomeBeforeTaxRatio": 0.1980162524,
        "incomeTaxExpense": 84100000,
        "netIncome": 67200000,
        "netIncomeRatio": 0.0803059273,
        "eps": 2.84,
        "epsdiluted": 2.84,
        "weightedAverageShsOut": 23669000,
        "weightedAverageShsOutDil": 23669000,
        "link": null,
        "finalLink": null
    },
    {
        "date": "1992-09-30",
        "symbol": "NEU",
        "reportedCurrency": "USD",
        "cik": "0001282637",
        "fillingDate": "1992-09-30",
        "acceptedDate": "1992-09-30 00:00:00",
        "calendarYear": "1992",
        "period": "Q3",
        "revenue": 794700000,
        "costOfRevenue": 517100000,
        "grossProfit": 277600000,
        "grossProfitRatio": 0.3493142066,
        "researchAndDevelopmentExpenses": 0,
        "generalAndAdministrativeExpenses": 0,
        "sellingAndMarketingExpenses": 0,
        "sellingGeneralAndAdministrativeExpenses": 113100000,
        "otherExpenses": 41500000,
        "operatingExpenses": 154600000,
        "costAndExpenses": 671700000,
        "interestIncome": 0,
        "interestExpense": 0,
        "depreciationAndAmortization": 41500000,
        "ebitda": 164500000,
        "ebitdaratio": 0.2069963508,
        "operatingIncome": 123000000,
        "operatingIncomeRatio": 0.1547753869,
        "totalOtherIncomeExpensesNet": -16700000,
        "incomeBeforeTax": 106300000,
        "incomeBeforeTaxRatio": 0.1337611677,
        "incomeTaxExpense": 34300000,
        "netIncome": 72000000,
        "netIncomeRatio": 0.0906002265,
        "eps": 1,
        "epsdiluted": 1,
        "weightedAverageShsOut": 23669000,
        "weightedAverageShsOutDil": 23669000,
        "link": null,
        "finalLink": null
    },
    {
        "date": "1992-06-30",
        "symbol": "NEU",
        "reportedCurrency": "USD",
        "cik": "0001282637",
        "fillingDate": "1992-06-30",
        "acceptedDate": "1992-06-30 00:00:00",
        "calendarYear": "1992",
        "period": "Q2",
        "revenue": 662000000,
        "costOfRevenue": 435300000,
        "grossProfit": 226700000,
        "grossProfitRatio": 0.3424471299,
        "researchAndDevelopmentExpenses": 0,
        "generalAndAdministrativeExpenses": 0,
        "sellingAndMarketingExpenses": 0,
        "sellingGeneralAndAdministrativeExpenses": 101400000,
        "otherExpenses": 33900000,
        "operatingExpenses": 135300000,
        "costAndExpenses": 570600000,
        "interestIncome": 0,
        "interestExpense": 0,
        "depreciationAndAmortization": 33900000,
        "ebitda": 125300000,
        "ebitdaratio": 0.1892749245,
        "operatingIncome": 91400000,
        "operatingIncomeRatio": 0.1380664653,
        "totalOtherIncomeExpensesNet": -14200000,
        "incomeBeforeTax": 77200000,
        "incomeBeforeTaxRatio": 0.1166163142,
        "incomeTaxExpense": 24600000,
        "netIncome": 52600000,
        "netIncomeRatio": 0.0794561934,
        "eps": 0.75,
        "epsdiluted": 0.75,
        "weightedAverageShsOut": 23665800,
        "weightedAverageShsOutDil": 23665800,
        "link": null,
        "finalLink": null
    },
    {
        "date": "1992-03-31",
        "symbol": "NEU",
        "reportedCurrency": "USD",
        "cik": "0001282637",
        "fillingDate": "1992-03-31",
        "acceptedDate": "1992-03-31 00:00:00",
        "calendarYear": "1992",
        "period": "Q1",
        "revenue": 681600000,
        "costOfRevenue": 442100000,
        "grossProfit": 239500000,
        "grossProfitRatio": 0.351379108,
        "researchAndDevelopmentExpenses": 0,
        "generalAndAdministrativeExpenses": 0,
        "sellingAndMarketingExpenses": 0,
        "sellingGeneralAndAdministrativeExpenses": 98400000,
        "otherExpenses": 32100000,
        "operatingExpenses": 130500000,
        "costAndExpenses": 572600000,
        "interestIncome": 0,
        "interestExpense": 0,
        "depreciationAndAmortization": 32100000,
        "ebitda": 141100000,
        "ebitdaratio": 0.2070129108,
        "operatingIncome": 109000000,
        "operatingIncomeRatio": 0.1599178404,
        "totalOtherIncomeExpensesNet": -15000000,
        "incomeBeforeTax": 94000000,
        "incomeBeforeTaxRatio": 0.1379107981,
        "incomeTaxExpense": 30800000,
        "netIncome": 63200000,
        "netIncomeRatio": 0.0927230047,
        "eps": 0.9,
        "epsdiluted": 0.9,
        "weightedAverageShsOut": 23663800,
        "weightedAverageShsOutDil": 23663800,
        "link": null,
        "finalLink": null
    },
    {
        "date": "1991-12-31",
        "symbol": "NEU",
        "reportedCurrency": "USD",
        "cik": "0001282637",
        "fillingDate": "1991-12-31",
        "acceptedDate": "1991-12-31 00:00:00",
        "calendarYear": "1991",
        "period": "Q4",
        "revenue": 659800000,
        "costOfRevenue": -329900000,
        "grossProfit": 989700000,
        "grossProfitRatio": 1.5,
        "researchAndDevelopmentExpenses": 0,
        "generalAndAdministrativeExpenses": 0,
        "sellingAndMarketingExpenses": 0,
        "sellingGeneralAndAdministrativeExpenses": 889600000,
        "otherExpenses": 7600000,
        "operatingExpenses": 897200000,
        "costAndExpenses": 567300000,
        "interestIncome": 0,
        "interestExpense": 0,
        "depreciationAndAmortization": 7600000,
        "ebitda": 100100000,
        "ebitdaratio": 0.1517126402,
        "operatingIncome": 92500000,
        "operatingIncomeRatio": 0.1401939982,
        "totalOtherIncomeExpensesNet": -26000000,
        "incomeBeforeTax": 66500000,
        "incomeBeforeTaxRatio": 0.1007881176,
        "incomeTaxExpense": 18100000,
        "netIncome": 48400000,
        "netIncomeRatio": 0.0733555623,
        "eps": 2.06,
        "epsdiluted": 2.06,
        "weightedAverageShsOut": 23531915,
        "weightedAverageShsOutDil": 23531915,
        "link": null,
        "finalLink": null
    },
    {
        "date": "1991-09-30",
        "symbol": "NEU",
        "reportedCurrency": "USD",
        "cik": "0001282637",
        "fillingDate": "1991-09-30",
        "acceptedDate": "1991-09-30 00:00:00",
        "calendarYear": "1991",
        "period": "Q3",
        "revenue": 623100000,
        "costOfRevenue": 408400000,
        "grossProfit": 214700000,
        "grossProfitRatio": 0.3445674852,
        "researchAndDevelopmentExpenses": 0,
        "generalAndAdministrativeExpenses": 0,
        "sellingAndMarketingExpenses": 0,
        "sellingGeneralAndAdministrativeExpenses": 93700000,
        "otherExpenses": 27600000,
        "operatingExpenses": 121300000,
        "costAndExpenses": 529700000,
        "interestIncome": 0,
        "interestExpense": 0,
        "depreciationAndAmortization": 27600000,
        "ebitda": 121000000,
        "ebitdaratio": 0.1941903386,
        "operatingIncome": 93400000,
        "operatingIncomeRatio": 0.1498956829,
        "totalOtherIncomeExpensesNet": -16300000,
        "incomeBeforeTax": 77100000,
        "incomeBeforeTaxRatio": 0.1237361579,
        "incomeTaxExpense": 21800000,
        "netIncome": 55300000,
        "netIncomeRatio": 0.0887497994,
        "eps": 2.35,
        "epsdiluted": 2.35,
        "weightedAverageShsOut": 23531915,
        "weightedAverageShsOutDil": 23531915,
        "link": null,
        "finalLink": null
    },
    {
        "date": "1991-06-30",
        "symbol": "NEU",
        "reportedCurrency": "USD",
        "cik": "0001282637",
        "fillingDate": "1991-06-30",
        "acceptedDate": "1991-06-30 00:00:00",
        "calendarYear": "1991",
        "period": "Q2",
        "revenue": 638100000,
        "costOfRevenue": 422200000,
        "grossProfit": 215900000,
        "grossProfitRatio": 0.3383482213,
        "researchAndDevelopmentExpenses": 0,
        "generalAndAdministrativeExpenses": 0,
        "sellingAndMarketingExpenses": 0,
        "sellingGeneralAndAdministrativeExpenses": 96200000,
        "otherExpenses": 33100000,
        "operatingExpenses": 129300000,
        "costAndExpenses": 551500000,
        "interestIncome": 0,
        "interestExpense": 0,
        "depreciationAndAmortization": 33100000,
        "ebitda": 119700000,
        "ebitdaratio": 0.1875881523,
        "operatingIncome": 86600000,
        "operatingIncomeRatio": 0.1357154051,
        "totalOtherIncomeExpensesNet": -14000000,
        "incomeBeforeTax": 72600000,
        "incomeBeforeTaxRatio": 0.1137752703,
        "incomeTaxExpense": 22500000,
        "netIncome": 50100000,
        "netIncomeRatio": 0.0785143394,
        "eps": 2.1,
        "epsdiluted": 2.1,
        "weightedAverageShsOut": 23857143,
        "weightedAverageShsOutDil": 23857143,
        "link": null,
        "finalLink": null
    },
    {
        "date": "1991-03-31",
        "symbol": "NEU",
        "reportedCurrency": "USD",
        "cik": "0001282637",
        "fillingDate": "1991-03-31",
        "acceptedDate": "1991-03-31 00:00:00",
        "calendarYear": "1991",
        "period": "Q1",
        "revenue": 653900000,
        "costOfRevenue": 258900000,
        "grossProfit": 395000000,
        "grossProfitRatio": 0.6040679003,
        "researchAndDevelopmentExpenses": 0,
        "generalAndAdministrativeExpenses": 0,
        "sellingAndMarketingExpenses": 0,
        "sellingGeneralAndAdministrativeExpenses": 282800000,
        "otherExpenses": 21600000,
        "operatingExpenses": 304400000,
        "costAndExpenses": 563300000,
        "interestIncome": 0,
        "interestExpense": 0,
        "depreciationAndAmortization": 21600000,
        "ebitda": 112200000,
        "ebitdaratio": 0.1715858694,
        "operatingIncome": 90600000,
        "operatingIncomeRatio": 0.1385532956,
        "totalOtherIncomeExpensesNet": -12100000,
        "incomeBeforeTax": 78500000,
        "incomeBeforeTaxRatio": 0.1200489371,
        "incomeTaxExpense": 25600000,
        "netIncome": 52900000,
        "netIncomeRatio": 0.0808992201,
        "eps": 2.25,
        "epsdiluted": 2.25,
        "weightedAverageShsOut": 23511111,
        "weightedAverageShsOutDil": 23511111,
        "link": null,
        "finalLink": null
    },
    {
        "date": "1990-12-31",
        "symbol": "NEU",
        "reportedCurrency": "USD",
        "cik": "0001282637",
        "fillingDate": "1990-12-31",
        "acceptedDate": "1990-12-31 00:00:00",
        "calendarYear": "1990",
        "period": "Q4",
        "revenue": 676600000,
        "costOfRevenue": 275400000,
        "grossProfit": 401200000,
        "grossProfitRatio": 0.5929648241,
        "researchAndDevelopmentExpenses": 0,
        "generalAndAdministrativeExpenses": 0,
        "sellingAndMarketingExpenses": 0,
        "sellingGeneralAndAdministrativeExpenses": 280900000,
        "otherExpenses": 24000000,
        "operatingExpenses": 304900000,
        "costAndExpenses": 580300000,
        "interestIncome": 0,
        "interestExpense": 0,
        "depreciationAndAmortization": 24000000,
        "ebitda": 120300000,
        "ebitdaratio": 0.1778007685,
        "operatingIncome": 96300000,
        "operatingIncomeRatio": 0.1423292935,
        "totalOtherIncomeExpensesNet": 15800000,
        "incomeBeforeTax": 112100000,
        "incomeBeforeTaxRatio": 0.1656813479,
        "incomeTaxExpense": 45700000,
        "netIncome": 66400000,
        "netIncomeRatio": 0.0981377476,
        "eps": 2.78,
        "epsdiluted": 2.78,
        "weightedAverageShsOut": 23652167,
        "weightedAverageShsOutDil": 23914894,
        "link": null,
        "finalLink": null
    },
    {
        "date": "1990-09-30",
        "symbol": "NEU",
        "reportedCurrency": "USD",
        "cik": "0001282637",
        "fillingDate": "1990-09-30",
        "acceptedDate": "1990-09-30 00:00:00",
        "calendarYear": "1990",
        "period": "Q3",
        "revenue": 624200000,
        "costOfRevenue": 258400000,
        "grossProfit": 365800000,
        "grossProfitRatio": 0.5860301186,
        "researchAndDevelopmentExpenses": 0,
        "generalAndAdministrativeExpenses": 0,
        "sellingAndMarketingExpenses": 0,
        "sellingGeneralAndAdministrativeExpenses": 249100000,
        "otherExpenses": 22500000,
        "operatingExpenses": 271600000,
        "costAndExpenses": 530000000,
        "interestIncome": 0,
        "interestExpense": 0,
        "depreciationAndAmortization": 22500000,
        "ebitda": 116700000,
        "ebitdaratio": 0.1869593079,
        "operatingIncome": 94200000,
        "operatingIncomeRatio": 0.1509131689,
        "totalOtherIncomeExpensesNet": -14300000,
        "incomeBeforeTax": 79900000,
        "incomeBeforeTaxRatio": 0.1280038449,
        "incomeTaxExpense": 23700000,
        "netIncome": 56200000,
        "netIncomeRatio": 0.0900352451,
        "eps": 2.35,
        "epsdiluted": 2.35,
        "weightedAverageShsOut": 23914894,
        "weightedAverageShsOutDil": 23914894,
        "link": null,
        "finalLink": null
    },
    {
        "date": "1990-06-30",
        "symbol": "NEU",
        "reportedCurrency": "USD",
        "cik": "0001282637",
        "fillingDate": "1990-06-30",
        "acceptedDate": "1990-06-30 00:00:00",
        "calendarYear": "1990",
        "period": "Q2",
        "revenue": 603300000,
        "costOfRevenue": 237600000,
        "grossProfit": 365700000,
        "grossProfitRatio": 0.6061660865,
        "researchAndDevelopmentExpenses": 0,
        "generalAndAdministrativeExpenses": 0,
        "sellingAndMarketingExpenses": 0,
        "sellingGeneralAndAdministrativeExpenses": 247600000,
        "otherExpenses": 21000000,
        "operatingExpenses": 268600000,
        "costAndExpenses": 506200000,
        "interestIncome": 0,
        "interestExpense": 0,
        "depreciationAndAmortization": 21000000,
        "ebitda": 118100000,
        "ebitdaratio": 0.1957566716,
        "operatingIncome": 97100000,
        "operatingIncomeRatio": 0.1609481187,
        "totalOtherIncomeExpensesNet": -13400000,
        "incomeBeforeTax": 83700000,
        "incomeBeforeTaxRatio": 0.1387369468,
        "incomeTaxExpense": 26600000,
        "netIncome": 57100000,
        "netIncomeRatio": 0.094646113,
        "eps": 2.4,
        "epsdiluted": 2.4,
        "weightedAverageShsOut": 23791667,
        "weightedAverageShsOutDil": 23791667,
        "link": null,
        "finalLink": null
    },
    {
        "date": "1990-03-31",
        "symbol": "NEU",
        "reportedCurrency": "USD",
        "cik": "0001282637",
        "fillingDate": "1990-03-31",
        "acceptedDate": "1990-03-31 00:00:00",
        "calendarYear": "1990",
        "period": "Q1",
        "revenue": 609700000,
        "costOfRevenue": 228500000,
        "grossProfit": 381200000,
        "grossProfitRatio": 0.6252255207,
        "researchAndDevelopmentExpenses": 0,
        "generalAndAdministrativeExpenses": 0,
        "sellingAndMarketingExpenses": 0,
        "sellingGeneralAndAdministrativeExpenses": 266000000,
        "otherExpenses": 21000000,
        "operatingExpenses": 287000000,
        "costAndExpenses": 515500000,
        "interestIncome": 0,
        "interestExpense": 0,
        "depreciationAndAmortization": 21000000,
        "ebitda": 115200000,
        "ebitdaratio": 0.188945383,
        "operatingIncome": 94200000,
        "operatingIncomeRatio": 0.1545022142,
        "totalOtherIncomeExpensesNet": -14600000,
        "incomeBeforeTax": 79600000,
        "incomeBeforeTaxRatio": 0.1305560112,
        "incomeTaxExpense": 27200000,
        "netIncome": 52400000,
        "netIncomeRatio": 0.0859439068,
        "eps": 2.2,
        "epsdiluted": 2.2,
        "weightedAverageShsOut": 23818182,
        "weightedAverageShsOutDil": 23818182,
        "link": null,
        "finalLink": null
    },
    {
        "date": "1989-12-31",
        "symbol": "NEU",
        "reportedCurrency": "USD",
        "cik": "0001282637",
        "fillingDate": "1989-12-31",
        "acceptedDate": "1989-12-31 00:00:00",
        "calendarYear": "1989",
        "period": "Q4",
        "revenue": 645000000,
        "costOfRevenue": 383600000,
        "grossProfit": 261400000,
        "grossProfitRatio": 0.4052713178,
        "researchAndDevelopmentExpenses": 0,
        "generalAndAdministrativeExpenses": 0,
        "sellingAndMarketingExpenses": 0,
        "sellingGeneralAndAdministrativeExpenses": 143500000,
        "otherExpenses": 21700000,
        "operatingExpenses": 165200000,
        "costAndExpenses": 548800000,
        "interestIncome": 0,
        "interestExpense": 0,
        "depreciationAndAmortization": 21700000,
        "ebitda": 117900000,
        "ebitdaratio": 0.1827906977,
        "operatingIncome": 96200000,
        "operatingIncomeRatio": 0.1491472868,
        "totalOtherIncomeExpensesNet": -9000000,
        "incomeBeforeTax": 87200000,
        "incomeBeforeTaxRatio": 0.1351937984,
        "incomeTaxExpense": 24600000,
        "netIncome": 62600000,
        "netIncomeRatio": 0.0970542636,
        "eps": 2.57,
        "epsdiluted": 2.57,
        "weightedAverageShsOut": 24100000,
        "weightedAverageShsOutDil": 24355556,
        "link": null,
        "finalLink": null
    },
    {
        "date": "1989-09-30",
        "symbol": "NEU",
        "reportedCurrency": "USD",
        "cik": "0001282637",
        "fillingDate": "1989-09-30",
        "acceptedDate": "1989-09-30 00:00:00",
        "calendarYear": "1989",
        "period": "Q3",
        "revenue": 613700000,
        "costOfRevenue": 441900000,
        "grossProfit": 171800000,
        "grossProfitRatio": 0.2799413394,
        "researchAndDevelopmentExpenses": 0,
        "generalAndAdministrativeExpenses": 0,
        "sellingAndMarketingExpenses": 0,
        "sellingGeneralAndAdministrativeExpenses": 56200000,
        "otherExpenses": 20500000,
        "operatingExpenses": 76700000,
        "costAndExpenses": 518600000,
        "interestIncome": 0,
        "interestExpense": 0,
        "depreciationAndAmortization": 20500000,
        "ebitda": 115600000,
        "ebitdaratio": 0.188365651,
        "operatingIncome": 95100000,
        "operatingIncomeRatio": 0.1549617077,
        "totalOtherIncomeExpensesNet": -11400000,
        "incomeBeforeTax": 83700000,
        "incomeBeforeTaxRatio": 0.1363858563,
        "incomeTaxExpense": 28900000,
        "netIncome": 54800000,
        "netIncomeRatio": 0.0892944435,
        "eps": 2.25,
        "epsdiluted": 2.25,
        "weightedAverageShsOut": 24355556,
        "weightedAverageShsOutDil": 24355556,
        "link": null,
        "finalLink": null
    },
    {
        "date": "1989-06-30",
        "symbol": "NEU",
        "reportedCurrency": "USD",
        "cik": "0001282637",
        "fillingDate": "1989-06-30",
        "acceptedDate": "1989-06-29 20:00:00",
        "calendarYear": "1989",
        "period": "Q2",
        "revenue": 602600000,
        "costOfRevenue": 437400000,
        "grossProfit": 165200000,
        "grossProfitRatio": 0.2741453701,
        "researchAndDevelopmentExpenses": 0,
        "generalAndAdministrativeExpenses": 0,
        "sellingAndMarketingExpenses": 0,
        "sellingGeneralAndAdministrativeExpenses": 55700000,
        "otherExpenses": 19800000,
        "operatingExpenses": 75500000,
        "costAndExpenses": 512900000,
        "interestIncome": 0,
        "interestExpense": 0,
        "depreciationAndAmortization": 19800000,
        "ebitda": 109500000,
        "ebitdaratio": 0.1817125788,
        "operatingIncome": 89700000,
        "operatingIncomeRatio": 0.1488549618,
        "totalOtherIncomeExpensesNet": -15100000,
        "incomeBeforeTax": 74600000,
        "incomeBeforeTaxRatio": 0.1237968802,
        "incomeTaxExpense": 23600000,
        "netIncome": 57600000,
        "netIncomeRatio": 0.0955857949,
        "eps": 2.4,
        "epsdiluted": 2.4,
        "weightedAverageShsOut": 24000000,
        "weightedAverageShsOutDil": 24000000,
        "link": "",
        "finalLink": ""
    },
    {
        "date": "1989-03-31",
        "symbol": "NEU",
        "reportedCurrency": "USD",
        "cik": "0001282637",
        "fillingDate": "1989-03-31",
        "acceptedDate": "1989-03-30 19:00:00",
        "calendarYear": "1989",
        "period": "Q1",
        "revenue": 729100000,
        "costOfRevenue": 0,
        "grossProfit": 729100000,
        "grossProfitRatio": 1,
        "researchAndDevelopmentExpenses": 0,
        "generalAndAdministrativeExpenses": 0,
        "sellingAndMarketingExpenses": 0,
        "sellingGeneralAndAdministrativeExpenses": 0,
        "otherExpenses": 0,
        "operatingExpenses": 0,
        "costAndExpenses": 0,
        "interestIncome": 0,
        "interestExpense": 0,
        "depreciationAndAmortization": 0,
        "ebitda": 729100000,
        "ebitdaratio": 1,
        "operatingIncome": 729100000,
        "operatingIncomeRatio": 1,
        "totalOtherIncomeExpensesNet": -729100000,
        "incomeBeforeTax": 0,
        "incomeBeforeTaxRatio": 0,
        "incomeTaxExpense": 0,
        "netIncome": 56400000,
        "netIncomeRatio": 0.0773556439,
        "eps": 2.35,
        "epsdiluted": 2.35,
        "weightedAverageShsOut": 24054000,
        "weightedAverageShsOutDil": 24054000,
        "link": "",
        "finalLink": ""
    },
    {
        "date": "1988-12-31",
        "symbol": "NEU",
        "reportedCurrency": "USD",
        "cik": "0001282637",
        "fillingDate": "1988-12-31",
        "acceptedDate": "1988-12-30 19:00:00",
        "calendarYear": "1988",
        "period": "Q4",
        "revenue": 515500000,
        "costOfRevenue": 0,
        "grossProfit": 515500000,
        "grossProfitRatio": 1,
        "researchAndDevelopmentExpenses": 0,
        "generalAndAdministrativeExpenses": 0,
        "sellingAndMarketingExpenses": 0,
        "sellingGeneralAndAdministrativeExpenses": 0,
        "otherExpenses": -1721400000,
        "operatingExpenses": -1721400000,
        "costAndExpenses": -1721400000,
        "interestIncome": 0,
        "interestExpense": 0,
        "depreciationAndAmortization": 0,
        "ebitda": -1205900000,
        "ebitdaratio": -2.3392822502,
        "operatingIncome": -1205900000,
        "operatingIncomeRatio": -2.3392822502,
        "totalOtherIncomeExpensesNet": 1205900000,
        "incomeBeforeTax": 0,
        "incomeBeforeTaxRatio": 0,
        "incomeTaxExpense": 0,
        "netIncome": 58800000,
        "netIncomeRatio": 0.1140640155,
        "eps": 2.4365179341,
        "epsdiluted": 2.4302140076,
        "weightedAverageShsOut": 24132800,
        "weightedAverageShsOutDil": 24195400,
        "link": "",
        "finalLink": ""
    },
    {
        "date": "1988-09-30",
        "symbol": "NEU",
        "reportedCurrency": "USD",
        "cik": "0001282637",
        "fillingDate": "1988-09-30",
        "acceptedDate": "1988-09-29 20:00:00",
        "calendarYear": "1988",
        "period": "Q3",
        "revenue": 522600000,
        "costOfRevenue": 0,
        "grossProfit": 522600000,
        "grossProfitRatio": 1,
        "researchAndDevelopmentExpenses": 0,
        "generalAndAdministrativeExpenses": 0,
        "sellingAndMarketingExpenses": 0,
        "sellingGeneralAndAdministrativeExpenses": 0,
        "otherExpenses": 0,
        "operatingExpenses": 0,
        "costAndExpenses": 0,
        "interestIncome": 0,
        "interestExpense": 0,
        "depreciationAndAmortization": 0,
        "ebitda": 522600000,
        "ebitdaratio": 1,
        "operatingIncome": 522600000,
        "operatingIncomeRatio": 1,
        "totalOtherIncomeExpensesNet": -522600000,
        "incomeBeforeTax": 0,
        "incomeBeforeTaxRatio": 0,
        "incomeTaxExpense": 0,
        "netIncome": 62200000,
        "netIncomeRatio": 0.1190202832,
        "eps": 2.55,
        "epsdiluted": 2.55,
        "weightedAverageShsOut": 24195400,
        "weightedAverageShsOutDil": 24195400,
        "link": "",
        "finalLink": ""
    },
    {
        "date": "1988-06-30",
        "symbol": "NEU",
        "reportedCurrency": "USD",
        "cik": "0001282637",
        "fillingDate": "1988-06-30",
        "acceptedDate": "1988-06-29 20:00:00",
        "calendarYear": "1988",
        "period": "Q2",
        "revenue": 493400000,
        "costOfRevenue": 0,
        "grossProfit": 493400000,
        "grossProfitRatio": 1,
        "researchAndDevelopmentExpenses": 0,
        "generalAndAdministrativeExpenses": 0,
        "sellingAndMarketingExpenses": 0,
        "sellingGeneralAndAdministrativeExpenses": 0,
        "otherExpenses": 0,
        "operatingExpenses": 0,
        "costAndExpenses": 0,
        "interestIncome": 0,
        "interestExpense": 0,
        "depreciationAndAmortization": 0,
        "ebitda": 493400000,
        "ebitdaratio": 1,
        "operatingIncome": 493400000,
        "operatingIncomeRatio": 1,
        "totalOtherIncomeExpensesNet": -493400000,
        "incomeBeforeTax": 0,
        "incomeBeforeTaxRatio": 0,
        "incomeTaxExpense": 0,
        "netIncome": 56900000,
        "netIncomeRatio": 0.1153222537,
        "eps": 2.35,
        "epsdiluted": 2.35,
        "weightedAverageShsOut": 24157600,
        "weightedAverageShsOutDil": 24157600,
        "link": "",
        "finalLink": ""
    },
    {
        "date": "1988-03-31",
        "symbol": "NEU",
        "reportedCurrency": "USD",
        "cik": "0001282637",
        "fillingDate": "1988-03-31",
        "acceptedDate": "1988-03-30 19:00:00",
        "calendarYear": "1988",
        "period": "Q1",
        "revenue": 480100000,
        "costOfRevenue": 0,
        "grossProfit": 480100000,
        "grossProfitRatio": 1,
        "researchAndDevelopmentExpenses": 0,
        "generalAndAdministrativeExpenses": 0,
        "sellingAndMarketingExpenses": 0,
        "sellingGeneralAndAdministrativeExpenses": 0,
        "otherExpenses": 0,
        "operatingExpenses": 0,
        "costAndExpenses": 0,
        "interestIncome": 0,
        "interestExpense": 0,
        "depreciationAndAmortization": 0,
        "ebitda": 480100000,
        "ebitdaratio": 1,
        "operatingIncome": 480100000,
        "operatingIncomeRatio": 1,
        "totalOtherIncomeExpensesNet": -480100000,
        "incomeBeforeTax": 0,
        "incomeBeforeTaxRatio": 0,
        "incomeTaxExpense": 0,
        "netIncome": 53100000,
        "netIncomeRatio": 0.1106019579,
        "eps": 2.2,
        "epsdiluted": 2.2,
        "weightedAverageShsOut": 24157600,
        "weightedAverageShsOutDil": 24157600,
        "link": "",
        "finalLink": ""
    },
    {
        "date": "1987-12-31",
        "symbol": "NEU",
        "reportedCurrency": "USD",
        "cik": "0001282637",
        "fillingDate": "1987-12-31",
        "acceptedDate": "1987-12-30 19:00:00",
        "calendarYear": "1987",
        "period": "Q4",
        "revenue": 470600000,
        "costOfRevenue": 0,
        "grossProfit": 470600000,
        "grossProfitRatio": 1,
        "researchAndDevelopmentExpenses": 0,
        "generalAndAdministrativeExpenses": 0,
        "sellingAndMarketingExpenses": 0,
        "sellingGeneralAndAdministrativeExpenses": 0,
        "otherExpenses": -1476100000,
        "operatingExpenses": -1476100000,
        "costAndExpenses": -1476100000,
        "interestIncome": 0,
        "interestExpense": 0,
        "depreciationAndAmortization": 0,
        "ebitda": -1005500000,
        "ebitdaratio": -2.1366340841,
        "operatingIncome": -1005500000,
        "operatingIncomeRatio": -2.1366340841,
        "totalOtherIncomeExpensesNet": 1005500000,
        "incomeBeforeTax": 0,
        "incomeBeforeTaxRatio": 0,
        "incomeTaxExpense": 0,
        "netIncome": 52900000,
        "netIncomeRatio": 0.1124096898,
        "eps": 2.1897870649,
        "epsdiluted": 2.1426893384,
        "weightedAverageShsOut": 24157600,
        "weightedAverageShsOutDil": 24688600,
        "link": "",
        "finalLink": ""
    },
    {
        "date": "1987-09-30",
        "symbol": "NEU",
        "reportedCurrency": "USD",
        "cik": "0001282637",
        "fillingDate": "1987-09-30",
        "acceptedDate": "1987-09-29 20:00:00",
        "calendarYear": "1987",
        "period": "Q3",
        "revenue": 440400000,
        "costOfRevenue": 0,
        "grossProfit": 440400000,
        "grossProfitRatio": 1,
        "researchAndDevelopmentExpenses": 0,
        "generalAndAdministrativeExpenses": 0,
        "sellingAndMarketingExpenses": 0,
        "sellingGeneralAndAdministrativeExpenses": 0,
        "otherExpenses": 0,
        "operatingExpenses": 0,
        "costAndExpenses": 0,
        "interestIncome": 0,
        "interestExpense": 0,
        "depreciationAndAmortization": 0,
        "ebitda": 440400000,
        "ebitdaratio": 1,
        "operatingIncome": 440400000,
        "operatingIncomeRatio": 1,
        "totalOtherIncomeExpensesNet": -440400000,
        "incomeBeforeTax": 0,
        "incomeBeforeTaxRatio": 0,
        "incomeTaxExpense": 0,
        "netIncome": 46300000,
        "netIncomeRatio": 0.1051316985,
        "eps": 1.85,
        "epsdiluted": 1.85,
        "weightedAverageShsOut": 24688600,
        "weightedAverageShsOutDil": 24688600,
        "link": "",
        "finalLink": ""
    },
    {
        "date": "1987-06-30",
        "symbol": "NEU",
        "reportedCurrency": "USD",
        "cik": "0001282637",
        "fillingDate": "1987-06-30",
        "acceptedDate": "1987-06-29 20:00:00",
        "calendarYear": "1987",
        "period": "Q2",
        "revenue": 420300000,
        "costOfRevenue": 0,
        "grossProfit": 420300000,
        "grossProfitRatio": 1,
        "researchAndDevelopmentExpenses": 0,
        "generalAndAdministrativeExpenses": 0,
        "sellingAndMarketingExpenses": 0,
        "sellingGeneralAndAdministrativeExpenses": 0,
        "otherExpenses": 0,
        "operatingExpenses": 0,
        "costAndExpenses": 0,
        "interestIncome": 0,
        "interestExpense": 0,
        "depreciationAndAmortization": 0,
        "ebitda": 420300000,
        "ebitdaratio": 1,
        "operatingIncome": 420300000,
        "operatingIncomeRatio": 1,
        "totalOtherIncomeExpensesNet": -420300000,
        "incomeBeforeTax": 0,
        "incomeBeforeTaxRatio": 0,
        "incomeTaxExpense": 0,
        "netIncome": 47800000,
        "netIncomeRatio": 0.1137282893,
        "eps": 1.95,
        "epsdiluted": 1.95,
        "weightedAverageShsOut": 25234400,
        "weightedAverageShsOutDil": 25234400,
        "link": "",
        "finalLink": ""
    },
    {
        "date": "1987-03-31",
        "symbol": "NEU",
        "reportedCurrency": "USD",
        "cik": "0001282637",
        "fillingDate": "1987-03-31",
        "acceptedDate": "1987-03-30 19:00:00",
        "calendarYear": "1987",
        "period": "Q1",
        "revenue": 389000000,
        "costOfRevenue": 0,
        "grossProfit": 389000000,
        "grossProfitRatio": 1,
        "researchAndDevelopmentExpenses": 0,
        "generalAndAdministrativeExpenses": 0,
        "sellingAndMarketingExpenses": 0,
        "sellingGeneralAndAdministrativeExpenses": 0,
        "otherExpenses": 0,
        "operatingExpenses": 0,
        "costAndExpenses": 0,
        "interestIncome": 0,
        "interestExpense": 0,
        "depreciationAndAmortization": 0,
        "ebitda": 389000000,
        "ebitdaratio": 1,
        "operatingIncome": 389000000,
        "operatingIncomeRatio": 1,
        "totalOtherIncomeExpensesNet": -389000000,
        "incomeBeforeTax": 0,
        "incomeBeforeTaxRatio": 0,
        "incomeTaxExpense": 0,
        "netIncome": 46400000,
        "netIncomeRatio": 0.1192802057,
        "eps": 1.85,
        "epsdiluted": 1.85,
        "weightedAverageShsOut": 25218600,
        "weightedAverageShsOutDil": 25218600,
        "link": "",
        "finalLink": ""
    },
    {
        "date": "1986-12-31",
        "symbol": "NEU",
        "reportedCurrency": "USD",
        "cik": "0001282637",
        "fillingDate": "1986-12-31",
        "acceptedDate": "1986-12-30 19:00:00",
        "calendarYear": "1986",
        "period": "Q4",
        "revenue": 390400000,
        "costOfRevenue": 0,
        "grossProfit": 390400000,
        "grossProfitRatio": 1,
        "researchAndDevelopmentExpenses": 0,
        "generalAndAdministrativeExpenses": 0,
        "sellingAndMarketingExpenses": 0,
        "sellingGeneralAndAdministrativeExpenses": 0,
        "otherExpenses": -1339800000,
        "operatingExpenses": -1339800000,
        "costAndExpenses": -1339800000,
        "interestIncome": 0,
        "interestExpense": 0,
        "depreciationAndAmortization": 0,
        "ebitda": -949400000,
        "ebitdaratio": -2.4318647541,
        "operatingIncome": -949400000,
        "operatingIncomeRatio": -2.4318647541,
        "totalOtherIncomeExpensesNet": 949400000,
        "incomeBeforeTax": 0,
        "incomeBeforeTaxRatio": 0,
        "incomeTaxExpense": 0,
        "netIncome": 53700000,
        "netIncomeRatio": 0.1375512295,
        "eps": 2.134594745,
        "epsdiluted": 2.134594745,
        "weightedAverageShsOut": 25157000,
        "weightedAverageShsOutDil": 25157000,
        "link": "",
        "finalLink": ""
    },
    {
        "date": "1986-09-30",
        "symbol": "NEU",
        "reportedCurrency": "USD",
        "cik": "0001282637",
        "fillingDate": "1986-09-30",
        "acceptedDate": "1986-09-29 20:00:00",
        "calendarYear": "1986",
        "period": "Q3",
        "revenue": 404900000,
        "costOfRevenue": 0,
        "grossProfit": 404900000,
        "grossProfitRatio": 1,
        "researchAndDevelopmentExpenses": 0,
        "generalAndAdministrativeExpenses": 0,
        "sellingAndMarketingExpenses": 0,
        "sellingGeneralAndAdministrativeExpenses": 0,
        "otherExpenses": 0,
        "operatingExpenses": 0,
        "costAndExpenses": 0,
        "interestIncome": 0,
        "interestExpense": 0,
        "depreciationAndAmortization": 0,
        "ebitda": 404900000,
        "ebitdaratio": 1,
        "operatingIncome": 404900000,
        "operatingIncomeRatio": 1,
        "totalOtherIncomeExpensesNet": -404900000,
        "incomeBeforeTax": 0,
        "incomeBeforeTaxRatio": 0,
        "incomeTaxExpense": 0,
        "netIncome": 46800000,
        "netIncomeRatio": 0.1155840948,
        "eps": 1.85,
        "epsdiluted": 1.85,
        "weightedAverageShsOut": 25157000,
        "weightedAverageShsOutDil": 25157000,
        "link": "",
        "finalLink": ""
    },
    {
        "date": "1986-06-30",
        "symbol": "NEU",
        "reportedCurrency": "USD",
        "cik": "0001282637",
        "fillingDate": "1986-06-30",
        "acceptedDate": "1986-06-29 20:00:00",
        "calendarYear": "1986",
        "period": "Q2",
        "revenue": 406000000,
        "costOfRevenue": 0,
        "grossProfit": 406000000,
        "grossProfitRatio": 1,
        "researchAndDevelopmentExpenses": 0,
        "generalAndAdministrativeExpenses": 0,
        "sellingAndMarketingExpenses": 0,
        "sellingGeneralAndAdministrativeExpenses": 0,
        "otherExpenses": 0,
        "operatingExpenses": 0,
        "costAndExpenses": 0,
        "interestIncome": 0,
        "interestExpense": 0,
        "depreciationAndAmortization": 0,
        "ebitda": 406000000,
        "ebitdaratio": 1,
        "operatingIncome": 406000000,
        "operatingIncomeRatio": 1,
        "totalOtherIncomeExpensesNet": -406000000,
        "incomeBeforeTax": 0,
        "incomeBeforeTaxRatio": 0,
        "incomeTaxExpense": 0,
        "netIncome": 45100000,
        "netIncomeRatio": 0.1110837438,
        "eps": 1.8,
        "epsdiluted": 1.8,
        "weightedAverageShsOut": 25118000,
        "weightedAverageShsOutDil": 25118000,
        "link": "",
        "finalLink": ""
    },
    {
        "date": "1986-03-31",
        "symbol": "NEU",
        "reportedCurrency": "USD",
        "cik": "0001282637",
        "fillingDate": "1986-03-31",
        "acceptedDate": "1986-03-30 19:00:00",
        "calendarYear": "1986",
        "period": "Q1",
        "revenue": 378000000,
        "costOfRevenue": 0,
        "grossProfit": 378000000,
        "grossProfitRatio": 1,
        "researchAndDevelopmentExpenses": 0,
        "generalAndAdministrativeExpenses": 0,
        "sellingAndMarketingExpenses": 0,
        "sellingGeneralAndAdministrativeExpenses": 0,
        "otherExpenses": 0,
        "operatingExpenses": 0,
        "costAndExpenses": 0,
        "interestIncome": 0,
        "interestExpense": 0,
        "depreciationAndAmortization": 0,
        "ebitda": 378000000,
        "ebitdaratio": 1,
        "operatingIncome": 378000000,
        "operatingIncomeRatio": 1,
        "totalOtherIncomeExpensesNet": -378000000,
        "incomeBeforeTax": 0,
        "incomeBeforeTaxRatio": 0,
        "incomeTaxExpense": 0,
        "netIncome": 32000000,
        "netIncomeRatio": 0.0846560847,
        "eps": 1.25,
        "epsdiluted": 1.25,
        "weightedAverageShsOut": 25118000,
        "weightedAverageShsOutDil": 25118000,
        "link": "",
        "finalLink": ""
    },
    {
        "date": "1985-12-31",
        "symbol": "NEU",
        "reportedCurrency": "USD",
        "cik": "0001282637",
        "fillingDate": "1985-12-31",
        "acceptedDate": "1985-12-30 19:00:00",
        "calendarYear": "1985",
        "period": "Q4",
        "revenue": 379300000,
        "costOfRevenue": 0,
        "grossProfit": 379300000,
        "grossProfitRatio": 1,
        "researchAndDevelopmentExpenses": 0,
        "generalAndAdministrativeExpenses": 0,
        "sellingAndMarketingExpenses": 0,
        "sellingGeneralAndAdministrativeExpenses": 0,
        "otherExpenses": -1352400000,
        "operatingExpenses": -1352400000,
        "costAndExpenses": -1352400000,
        "interestIncome": 0,
        "interestExpense": 0,
        "depreciationAndAmortization": 0,
        "ebitda": -973100000,
        "ebitdaratio": -2.5655154231,
        "operatingIncome": -973100000,
        "operatingIncomeRatio": -2.5655154231,
        "totalOtherIncomeExpensesNet": 973100000,
        "incomeBeforeTax": 0,
        "incomeBeforeTaxRatio": 0,
        "incomeTaxExpense": 0,
        "netIncome": 37900000,
        "netIncomeRatio": 0.0999209069,
        "eps": 1.5088780954,
        "epsdiluted": 1.4864843664,
        "weightedAverageShsOut": 25118000,
        "weightedAverageShsOutDil": 25496400,
        "link": "",
        "finalLink": ""
    },
    {
        "date": "1985-09-30",
        "symbol": "NEU",
        "reportedCurrency": "USD",
        "cik": "0001282637",
        "fillingDate": "1985-09-30",
        "acceptedDate": "1985-09-29 20:00:00",
        "calendarYear": "1985",
        "period": "Q3",
        "revenue": 386000000,
        "costOfRevenue": 0,
        "grossProfit": 386000000,
        "grossProfitRatio": 1,
        "researchAndDevelopmentExpenses": 0,
        "generalAndAdministrativeExpenses": 0,
        "sellingAndMarketingExpenses": 0,
        "sellingGeneralAndAdministrativeExpenses": 0,
        "otherExpenses": 0,
        "operatingExpenses": 0,
        "costAndExpenses": 0,
        "interestIncome": 0,
        "interestExpense": 0,
        "depreciationAndAmortization": 0,
        "ebitda": 386000000,
        "ebitdaratio": 1,
        "operatingIncome": 386000000,
        "operatingIncomeRatio": 1,
        "totalOtherIncomeExpensesNet": -386000000,
        "incomeBeforeTax": 0,
        "incomeBeforeTaxRatio": 0,
        "incomeTaxExpense": 0,
        "netIncome": 35100000,
        "netIncomeRatio": 0.0909326425,
        "eps": 1.4,
        "epsdiluted": 1.4,
        "weightedAverageShsOut": 25496400,
        "weightedAverageShsOutDil": 25496400,
        "link": "",
        "finalLink": ""
    }
]