[
    {
        "date": "2025-08-31",
        "symbol": "NG",
        "reportedCurrency": "USD",
        "cik": "0001173420",
        "fillingDate": "2025-10-01",
        "acceptedDate": "2025-10-01 08:01:22",
        "calendarYear": "2025",
        "period": "Q3",
        "revenue": 0,
        "costOfRevenue": 6000,
        "grossProfit": -6000,
        "grossProfitRatio": 0,
        "researchAndDevelopmentExpenses": 0,
        "generalAndAdministrativeExpenses": 6279000,
        "sellingAndMarketingExpenses": 0,
        "sellingGeneralAndAdministrativeExpenses": 6279000,
        "otherExpenses": 7444000,
        "operatingExpenses": 13723000,
        "costAndExpenses": 13729000,
        "interestIncome": 1240000,
        "interestExpense": 3827000,
        "depreciationAndAmortization": 6000,
        "ebitda": -6273000,
        "ebitdaratio": 0,
        "operatingIncome": -13729000,
        "operatingIncomeRatio": 0,
        "totalOtherIncomeExpensesNet": -1917000,
        "incomeBeforeTax": -15646000,
        "incomeBeforeTaxRatio": 0,
        "incomeTaxExpense": 0,
        "netIncome": -15646000,
        "netIncomeRatio": 0,
        "eps": -0.0384,
        "epsdiluted": -0.0384,
        "weightedAverageShsOut": 406508000,
        "weightedAverageShsOutDil": 406508000,
        "link": "https://www.sec.gov/Archives/edgar/data/1173420/000117184325006209/0001171843-25-006209-index.htm",
        "finalLink": "https://www.sec.gov/Archives/edgar/data/1173420/000117184325006209/ng20250831_10q.htm"
    },
    {
        "date": "2025-05-31",
        "symbol": "NG",
        "reportedCurrency": "USD",
        "cik": "0001173420",
        "fillingDate": "2025-06-25",
        "acceptedDate": "2025-06-25 08:01:07",
        "calendarYear": "2025",
        "period": "Q2",
        "revenue": 0,
        "costOfRevenue": 5000,
        "grossProfit": -5000,
        "grossProfitRatio": 0,
        "researchAndDevelopmentExpenses": 0,
        "generalAndAdministrativeExpenses": 5814000,
        "sellingAndMarketingExpenses": 0,
        "sellingGeneralAndAdministrativeExpenses": 5814000,
        "otherExpenses": 6463000,
        "operatingExpenses": 12277000,
        "costAndExpenses": 12282000,
        "interestIncome": 1585000,
        "interestExpense": 3707000,
        "depreciationAndAmortization": 5000,
        "ebitda": -50568000,
        "ebitdaratio": 0,
        "operatingIncome": -12282000,
        "operatingIncomeRatio": 0,
        "totalOtherIncomeExpensesNet": -41993000,
        "incomeBeforeTax": -54275000,
        "incomeBeforeTaxRatio": 0,
        "incomeTaxExpense": 0,
        "netIncome": -54275000,
        "netIncomeRatio": 0,
        "eps": -0.16,
        "epsdiluted": -0.16,
        "weightedAverageShsOut": 350213000,
        "weightedAverageShsOutDil": 350213000,
        "link": "https://www.sec.gov/Archives/edgar/data/1173420/000117184325004095/0001171843-25-004095-index.htm",
        "finalLink": "https://www.sec.gov/Archives/edgar/data/1173420/000117184325004095/ng20250531_10q.htm"
    },
    {
        "date": "2025-02-28",
        "symbol": "NG",
        "reportedCurrency": "USD",
        "cik": "0001173420",
        "fillingDate": "2025-04-01",
        "acceptedDate": "2025-04-01 08:00:45",
        "calendarYear": "2025",
        "period": "Q1",
        "revenue": 0,
        "costOfRevenue": 6000,
        "grossProfit": -6000,
        "grossProfitRatio": 0,
        "researchAndDevelopmentExpenses": 0,
        "generalAndAdministrativeExpenses": 4802000,
        "sellingAndMarketingExpenses": 0,
        "sellingGeneralAndAdministrativeExpenses": 4802000,
        "otherExpenses": 2293000,
        "operatingExpenses": 7095000,
        "costAndExpenses": 7101000,
        "interestIncome": 1023402,
        "interestExpense": 3566000,
        "depreciationAndAmortization": 6000,
        "ebitda": -4796000,
        "ebitdaratio": 0,
        "operatingIncome": -7101000,
        "operatingIncomeRatio": 0,
        "totalOtherIncomeExpensesNet": -2015000,
        "incomeBeforeTax": -9116000,
        "incomeBeforeTaxRatio": 0,
        "incomeTaxExpense": 0,
        "netIncome": -9116000,
        "netIncomeRatio": 0,
        "eps": -0.0272,
        "epsdiluted": -0.0272,
        "weightedAverageShsOut": 334642000,
        "weightedAverageShsOutDil": 334642000,
        "link": "https://www.sec.gov/Archives/edgar/data/1173420/000117184325001907/0001171843-25-001907-index.htm",
        "finalLink": "https://www.sec.gov/Archives/edgar/data/1173420/000117184325001907/ng20250228_10q.htm"
    },
    {
        "date": "2024-11-30",
        "symbol": "NG",
        "reportedCurrency": "USD",
        "cik": "0001173420",
        "fillingDate": "2025-01-23",
        "acceptedDate": "2025-01-23 08:01:02",
        "calendarYear": "2024",
        "period": "Q4",
        "revenue": 0,
        "costOfRevenue": 5000,
        "grossProfit": -5000,
        "grossProfitRatio": 0,
        "researchAndDevelopmentExpenses": 0,
        "generalAndAdministrativeExpenses": 5949000,
        "sellingAndMarketingExpenses": 0,
        "sellingGeneralAndAdministrativeExpenses": 5949000,
        "otherExpenses": 3156000,
        "operatingExpenses": 9105000,
        "costAndExpenses": 9110000,
        "interestIncome": 1113000,
        "interestExpense": 3642000,
        "depreciationAndAmortization": 4907,
        "ebitda": -7349000,
        "ebitdaratio": 0,
        "operatingIncome": -9110000,
        "operatingIncomeRatio": 0,
        "totalOtherIncomeExpensesNet": -1881000,
        "incomeBeforeTax": -10991000,
        "incomeBeforeTaxRatio": 0,
        "incomeTaxExpense": -131000,
        "netIncome": -10860000,
        "netIncomeRatio": 0,
        "eps": -0.0325,
        "epsdiluted": -0.0325,
        "weightedAverageShsOut": 334458000,
        "weightedAverageShsOutDil": 334458000,
        "link": "https://www.sec.gov/Archives/edgar/data/1173420/000117184325000387/0001171843-25-000387-index.htm",
        "finalLink": "https://www.sec.gov/Archives/edgar/data/1173420/000117184325000387/ng20241130_10k.htm"
    },
    {
        "date": "2024-08-31",
        "symbol": "NG",
        "reportedCurrency": "USD",
        "cik": "0001173420",
        "fillingDate": "2024-10-02",
        "acceptedDate": "2024-10-02 17:05:25",
        "calendarYear": "2024",
        "period": "Q3",
        "revenue": 0,
        "costOfRevenue": 6000,
        "grossProfit": -6000,
        "grossProfitRatio": 0,
        "researchAndDevelopmentExpenses": 0,
        "generalAndAdministrativeExpenses": 5114000,
        "sellingAndMarketingExpenses": 0,
        "sellingGeneralAndAdministrativeExpenses": 5114000,
        "otherExpenses": 2814000,
        "operatingExpenses": 7928000,
        "costAndExpenses": 7934000,
        "interestIncome": 1194000,
        "interestExpense": 3833000,
        "depreciationAndAmortization": 6000,
        "ebitda": -5114000,
        "ebitdaratio": 0,
        "operatingIncome": -7934000,
        "operatingIncomeRatio": 0,
        "totalOtherIncomeExpensesNet": -2653000,
        "incomeBeforeTax": -10587000,
        "incomeBeforeTaxRatio": 0,
        "incomeTaxExpense": 156000,
        "netIncome": -10743000,
        "netIncomeRatio": 0,
        "eps": -0.0321,
        "epsdiluted": -0.0321,
        "weightedAverageShsOut": 334520000,
        "weightedAverageShsOutDil": 334520000,
        "link": "https://www.sec.gov/Archives/edgar/data/1173420/000117184324005458/0001171843-24-005458-index.htm",
        "finalLink": "https://www.sec.gov/Archives/edgar/data/1173420/000117184324005458/ng20240831_10q.htm"
    },
    {
        "date": "2024-05-31",
        "symbol": "NG",
        "reportedCurrency": "USD",
        "cik": "0001173420",
        "fillingDate": "2024-06-26",
        "acceptedDate": "2024-06-26 17:06:18",
        "calendarYear": "2024",
        "period": "Q2",
        "revenue": 0,
        "costOfRevenue": 4998,
        "grossProfit": -4998,
        "grossProfitRatio": 0,
        "researchAndDevelopmentExpenses": 0,
        "generalAndAdministrativeExpenses": 7598000,
        "sellingAndMarketingExpenses": 0,
        "sellingGeneralAndAdministrativeExpenses": 7595704,
        "otherExpenses": 0,
        "operatingExpenses": 7595704,
        "costAndExpenses": 7600702,
        "interestIncome": 1520000,
        "interestExpense": 3702000,
        "depreciationAndAmortization": 4998,
        "ebitda": -9391162,
        "ebitdaratio": 0,
        "operatingIncome": -7600703,
        "operatingIncomeRatio": 0,
        "totalOtherIncomeExpensesNet": -5500297,
        "incomeBeforeTax": -13097041,
        "incomeBeforeTaxRatio": 0,
        "incomeTaxExpense": 598819,
        "netIncome": -13695860,
        "netIncomeRatio": 0,
        "eps": -0.041,
        "epsdiluted": -0.041,
        "weightedAverageShsOut": 334380000,
        "weightedAverageShsOutDil": 334380000,
        "link": "https://www.sec.gov/Archives/edgar/data/1173420/000117184324003662/0001171843-24-003662-index.htm",
        "finalLink": "https://www.sec.gov/Archives/edgar/data/1173420/000117184324003662/ng20240531_10q.htm"
    },
    {
        "date": "2024-02-29",
        "symbol": "NG",
        "reportedCurrency": "USD",
        "cik": "0001173420",
        "fillingDate": "2024-04-03",
        "acceptedDate": "2024-04-03 17:05:40",
        "calendarYear": "2024",
        "period": "Q1",
        "revenue": 0,
        "costOfRevenue": 5401,
        "grossProfit": -5401,
        "grossProfitRatio": 0,
        "researchAndDevelopmentExpenses": 0,
        "generalAndAdministrativeExpenses": 6253000,
        "sellingAndMarketingExpenses": -67937,
        "sellingGeneralAndAdministrativeExpenses": 6191063,
        "otherExpenses": 3022937,
        "operatingExpenses": 9214000,
        "costAndExpenses": 9220000,
        "interestIncome": 1551000,
        "interestExpense": 3597000,
        "depreciationAndAmortization": 6000,
        "ebitda": -6253000,
        "ebitdaratio": 0,
        "operatingIncome": -13212297,
        "operatingIncomeRatio": 0,
        "totalOtherIncomeExpensesNet": 2994297,
        "incomeBeforeTax": -10218000,
        "incomeBeforeTaxRatio": 0,
        "incomeTaxExpense": 100000,
        "netIncome": -10318000,
        "netIncomeRatio": 0,
        "eps": -0.0306,
        "epsdiluted": -0.0306,
        "weightedAverageShsOut": 334366000,
        "weightedAverageShsOutDil": 334366000,
        "link": "https://www.sec.gov/Archives/edgar/data/1173420/000117184324001819/0001171843-24-001819-index.htm",
        "finalLink": "https://www.sec.gov/Archives/edgar/data/1173420/000117184324001819/ng20240228_10q.htm"
    },
    {
        "date": "2023-11-30",
        "symbol": "NG",
        "reportedCurrency": "USD",
        "cik": "0001173420",
        "fillingDate": "2024-01-24",
        "acceptedDate": "2024-01-24 17:05:59",
        "calendarYear": "2023",
        "period": "Q4",
        "revenue": 10000,
        "costOfRevenue": 5000,
        "grossProfit": 5000,
        "grossProfitRatio": 0.5,
        "researchAndDevelopmentExpenses": 0,
        "generalAndAdministrativeExpenses": 5393000,
        "sellingAndMarketingExpenses": 0,
        "sellingGeneralAndAdministrativeExpenses": 5393000,
        "otherExpenses": 2533000,
        "operatingExpenses": 7926000,
        "costAndExpenses": 7931000,
        "interestIncome": 1611000,
        "interestExpense": 3474000,
        "depreciationAndAmortization": 5000,
        "ebitda": -5393000,
        "ebitdaratio": -539.3,
        "operatingIncome": -7931000,
        "operatingIncomeRatio": -793.1,
        "totalOtherIncomeExpensesNet": -2526000,
        "incomeBeforeTax": -10457000,
        "incomeBeforeTaxRatio": -1045.7,
        "incomeTaxExpense": -36000,
        "netIncome": -10421000,
        "netIncomeRatio": -1042.1,
        "eps": -0.0312,
        "epsdiluted": -0.0312,
        "weightedAverageShsOut": 334246859,
        "weightedAverageShsOutDil": 334246859,
        "link": "https://www.sec.gov/Archives/edgar/data/1173420/000117184324000389/0001171843-24-000389-index.htm",
        "finalLink": "https://www.sec.gov/Archives/edgar/data/1173420/000117184324000389/ng20231130_10k.htm"
    },
    {
        "date": "2023-08-31",
        "symbol": "NG",
        "reportedCurrency": "USD",
        "cik": "0001173420",
        "fillingDate": "2023-10-03",
        "acceptedDate": "2023-10-03 17:05:29",
        "calendarYear": "2023",
        "period": "Q3",
        "revenue": 0,
        "costOfRevenue": 2000,
        "grossProfit": -2000,
        "grossProfitRatio": 0,
        "researchAndDevelopmentExpenses": 0,
        "generalAndAdministrativeExpenses": 5241000,
        "sellingAndMarketingExpenses": 0,
        "sellingGeneralAndAdministrativeExpenses": 5241000,
        "otherExpenses": 0,
        "operatingExpenses": 5241000,
        "costAndExpenses": 5243000,
        "interestIncome": 1501000,
        "interestExpense": 3433000,
        "depreciationAndAmortization": 1972.3987145485305,
        "ebitda": -7533576,
        "ebitdaratio": 0,
        "operatingIncome": -9221000,
        "operatingIncomeRatio": 0,
        "totalOtherIncomeExpensesNet": -1853000,
        "incomeBeforeTax": -11074000,
        "incomeBeforeTaxRatio": 0,
        "incomeTaxExpense": 0,
        "netIncome": -11074000,
        "netIncomeRatio": 0,
        "eps": -0.0331,
        "epsdiluted": -0.0331,
        "weightedAverageShsOut": 334158000,
        "weightedAverageShsOutDil": 334158000,
        "link": "https://www.sec.gov/Archives/edgar/data/1173420/000117184323006025/0001171843-23-006025-index.htm",
        "finalLink": "https://www.sec.gov/Archives/edgar/data/1173420/000117184323006025/ng20230831_10q.htm"
    },
    {
        "date": "2023-05-31",
        "symbol": "NG",
        "reportedCurrency": "USD",
        "cik": "0001173420",
        "fillingDate": "2023-06-27",
        "acceptedDate": "2023-06-27 17:05:58",
        "calendarYear": "2023",
        "period": "Q2",
        "revenue": 0,
        "costOfRevenue": 2000,
        "grossProfit": -2000,
        "grossProfitRatio": 0,
        "researchAndDevelopmentExpenses": 0,
        "generalAndAdministrativeExpenses": 5533000,
        "sellingAndMarketingExpenses": 0,
        "sellingGeneralAndAdministrativeExpenses": 5533000,
        "otherExpenses": 0,
        "operatingExpenses": 5533000,
        "costAndExpenses": 5535000,
        "interestIncome": 1350000,
        "interestExpense": 3212000,
        "depreciationAndAmortization": 1998.4445858483803,
        "ebitda": -11426109,
        "ebitdaratio": 0,
        "operatingIncome": -13078000,
        "operatingIncomeRatio": 0,
        "totalOtherIncomeExpensesNet": -1571000,
        "incomeBeforeTax": -14649000,
        "incomeBeforeTaxRatio": 0,
        "incomeTaxExpense": 4783000,
        "netIncome": -19432000,
        "netIncomeRatio": 0,
        "eps": -0.0582,
        "epsdiluted": -0.0582,
        "weightedAverageShsOut": 334010000,
        "weightedAverageShsOutDil": 334010000,
        "link": "https://www.sec.gov/Archives/edgar/data/1173420/000117184323004182/0001171843-23-004182-index.htm",
        "finalLink": "https://www.sec.gov/Archives/edgar/data/1173420/000117184323004182/ng20230531_10q.htm"
    },
    {
        "date": "2023-02-28",
        "symbol": "NG",
        "reportedCurrency": "USD",
        "cik": "0001173420",
        "fillingDate": "2023-04-04",
        "acceptedDate": "2023-04-04 17:05:55",
        "calendarYear": "2023",
        "period": "Q1",
        "revenue": 0,
        "costOfRevenue": 1000,
        "grossProfit": -1000,
        "grossProfitRatio": 0,
        "researchAndDevelopmentExpenses": 0,
        "generalAndAdministrativeExpenses": 5606000,
        "sellingAndMarketingExpenses": 0,
        "sellingGeneralAndAdministrativeExpenses": 5606000,
        "otherExpenses": 4475000,
        "operatingExpenses": 10081000,
        "costAndExpenses": 10082000,
        "interestIncome": 1329000,
        "interestExpense": 2944000,
        "depreciationAndAmortization": 2442000,
        "ebitda": -7640000,
        "ebitdaratio": 0,
        "operatingIncome": -10082000,
        "operatingIncomeRatio": 0,
        "totalOtherIncomeExpensesNet": -502000,
        "incomeBeforeTax": -10584000,
        "incomeBeforeTaxRatio": 0,
        "incomeTaxExpense": 75000,
        "netIncome": -10659000,
        "netIncomeRatio": 0,
        "eps": -0.0319,
        "epsdiluted": -0.0319,
        "weightedAverageShsOut": 333949000,
        "weightedAverageShsOutDil": 333948000,
        "link": "https://www.sec.gov/Archives/edgar/data/1173420/000117184323002135/0001171843-23-002135-index.htm",
        "finalLink": "https://www.sec.gov/Archives/edgar/data/1173420/000117184323002135/ng20230228_10q.htm"
    },
    {
        "date": "2022-11-30",
        "symbol": "NG",
        "reportedCurrency": "USD",
        "cik": "0001173420",
        "fillingDate": "2023-01-25",
        "acceptedDate": "2023-01-25 17:06:30",
        "calendarYear": "2022",
        "period": "Q4",
        "revenue": 0,
        "costOfRevenue": 1000,
        "grossProfit": -1000,
        "grossProfitRatio": 0,
        "researchAndDevelopmentExpenses": 0,
        "generalAndAdministrativeExpenses": 4688000,
        "sellingAndMarketingExpenses": 0,
        "sellingGeneralAndAdministrativeExpenses": 4688000,
        "otherExpenses": -218000,
        "operatingExpenses": 4470000,
        "costAndExpenses": 10653000,
        "interestIncome": 933000,
        "interestExpense": 2568000,
        "depreciationAndAmortization": -5031000,
        "ebitda": -9720000,
        "ebitdaratio": 0,
        "operatingIncome": -4689000,
        "operatingIncomeRatio": 0,
        "totalOtherIncomeExpensesNet": -7599000,
        "incomeBeforeTax": -12288000,
        "incomeBeforeTaxRatio": 0,
        "incomeTaxExpense": -33000,
        "netIncome": -12255000,
        "netIncomeRatio": 0,
        "eps": -0.0367,
        "epsdiluted": -0.0367,
        "weightedAverageShsOut": 333592500,
        "weightedAverageShsOutDil": 333592000,
        "link": "https://www.sec.gov/Archives/edgar/data/1173420/000117184323000476/0001171843-23-000476-index.htm",
        "finalLink": "https://www.sec.gov/Archives/edgar/data/1173420/000117184323000476/ng20221130_10k.htm"
    },
    {
        "date": "2022-08-31",
        "symbol": "NG",
        "reportedCurrency": "USD",
        "cik": "0001173420",
        "fillingDate": "2022-10-04",
        "acceptedDate": "2022-10-04 17:06:42",
        "calendarYear": "2022",
        "period": "Q3",
        "revenue": 0,
        "costOfRevenue": 2000,
        "grossProfit": -2000,
        "grossProfitRatio": 0,
        "researchAndDevelopmentExpenses": 0,
        "generalAndAdministrativeExpenses": 4870000,
        "sellingAndMarketingExpenses": 0,
        "sellingGeneralAndAdministrativeExpenses": 4870000,
        "otherExpenses": 0,
        "operatingExpenses": 4870000,
        "costAndExpenses": 4872000,
        "interestIncome": 371000,
        "interestExpense": 2198000,
        "depreciationAndAmortization": 1962.1812708383823,
        "ebitda": -14284000,
        "ebitdaratio": 0,
        "operatingIncome": -14284000,
        "operatingIncomeRatio": 0,
        "totalOtherIncomeExpensesNet": -1839000,
        "incomeBeforeTax": -16123000,
        "incomeBeforeTaxRatio": 0,
        "incomeTaxExpense": -359000,
        "netIncome": -15764000,
        "netIncomeRatio": 0,
        "eps": -0.0473,
        "epsdiluted": -0.0473,
        "weightedAverageShsOut": 333337000,
        "weightedAverageShsOutDil": 333337000,
        "link": "https://www.sec.gov/Archives/edgar/data/1173420/000117184322006414/0001171843-22-006414-index.htm",
        "finalLink": "https://www.sec.gov/Archives/edgar/data/1173420/000117184322006414/ng20220831_10q.htm"
    },
    {
        "date": "2022-05-31",
        "symbol": "NG",
        "reportedCurrency": "USD",
        "cik": "0001173420",
        "fillingDate": "2022-06-29",
        "acceptedDate": "2022-06-29 17:05:34",
        "calendarYear": "2022",
        "period": "Q2",
        "revenue": 0,
        "costOfRevenue": 2000,
        "grossProfit": -2000,
        "grossProfitRatio": 0,
        "researchAndDevelopmentExpenses": 0,
        "generalAndAdministrativeExpenses": 5369000,
        "sellingAndMarketingExpenses": 0,
        "sellingGeneralAndAdministrativeExpenses": 5369000,
        "otherExpenses": 0,
        "operatingExpenses": 5369000,
        "costAndExpenses": 5371000,
        "interestIncome": 151000,
        "interestExpense": 1684000,
        "depreciationAndAmortization": 2009.4301713254656,
        "ebitda": -13812000,
        "ebitdaratio": 0,
        "operatingIncome": -13812000,
        "operatingIncomeRatio": 0,
        "totalOtherIncomeExpensesNet": -1158000,
        "incomeBeforeTax": -14970000,
        "incomeBeforeTaxRatio": 0,
        "incomeTaxExpense": 0,
        "netIncome": -14970000,
        "netIncomeRatio": 0,
        "eps": -0.0449,
        "epsdiluted": -0.0449,
        "weightedAverageShsOut": 333232000,
        "weightedAverageShsOutDil": 333232000,
        "link": "https://www.sec.gov/Archives/edgar/data/1173420/000117184322004623/0001171843-22-004623-index.htm",
        "finalLink": "https://www.sec.gov/Archives/edgar/data/1173420/000117184322004623/ng20220531_10q.htm"
    },
    {
        "date": "2022-02-28",
        "symbol": "NG",
        "reportedCurrency": "USD",
        "cik": "0001173420",
        "fillingDate": "2022-04-05",
        "acceptedDate": "2022-04-05 17:15:36",
        "calendarYear": "2022",
        "period": "Q1",
        "revenue": 0,
        "costOfRevenue": 2000,
        "grossProfit": -2000,
        "grossProfitRatio": 0,
        "researchAndDevelopmentExpenses": 0,
        "generalAndAdministrativeExpenses": 5175000,
        "sellingAndMarketingExpenses": 0,
        "sellingGeneralAndAdministrativeExpenses": 5175000,
        "otherExpenses": 0,
        "operatingExpenses": 5175000,
        "costAndExpenses": 5177000,
        "interestIncome": 136000,
        "interestExpense": 1512000,
        "depreciationAndAmortization": 2005.4989659374207,
        "ebitda": -9217000,
        "ebitdaratio": 0,
        "operatingIncome": -9217000,
        "operatingIncomeRatio": 0,
        "totalOtherIncomeExpensesNet": -778000,
        "incomeBeforeTax": -9995000,
        "incomeBeforeTaxRatio": 0,
        "incomeTaxExpense": -734000,
        "netIncome": -9261000,
        "netIncomeRatio": 0,
        "eps": -0.0278,
        "epsdiluted": -0.0278,
        "weightedAverageShsOut": 332940000,
        "weightedAverageShsOutDil": 332940000,
        "link": "https://www.sec.gov/Archives/edgar/data/1173420/000117184322002395/0001171843-22-002395-index.htm",
        "finalLink": "https://www.sec.gov/Archives/edgar/data/1173420/000117184322002395/ng20220228_10q.htm"
    },
    {
        "date": "2021-11-30",
        "symbol": "NG",
        "reportedCurrency": "USD",
        "cik": "0001173420",
        "fillingDate": "2022-01-26",
        "acceptedDate": "2022-01-26 17:12:00",
        "calendarYear": "2021",
        "period": "Q4",
        "revenue": 12000,
        "costOfRevenue": 1000,
        "grossProfit": 11000,
        "grossProfitRatio": 0.9166666667,
        "researchAndDevelopmentExpenses": 0,
        "generalAndAdministrativeExpenses": 5005000,
        "sellingAndMarketingExpenses": 0,
        "sellingGeneralAndAdministrativeExpenses": 5005000,
        "otherExpenses": 0,
        "operatingExpenses": 5005000,
        "costAndExpenses": 5006000,
        "interestIncome": 120000,
        "interestExpense": 1502000,
        "depreciationAndAmortization": 982.5239540799374,
        "ebitda": -8740000,
        "ebitdaratio": -728.3333333333,
        "operatingIncome": -8717000,
        "operatingIncomeRatio": -726.4166666667,
        "totalOtherIncomeExpensesNet": -1525000,
        "incomeBeforeTax": -10242000,
        "incomeBeforeTaxRatio": -853.5,
        "incomeTaxExpense": 27000,
        "netIncome": -10269000,
        "netIncomeRatio": -855.75,
        "eps": -0.031,
        "epsdiluted": -0.031,
        "weightedAverageShsOut": 331641000,
        "weightedAverageShsOutDil": 331641000,
        "link": "https://www.sec.gov/Archives/edgar/data/1173420/000117184322000514/0001171843-22-000514-index.htm",
        "finalLink": "https://www.sec.gov/Archives/edgar/data/1173420/000117184322000514/ng20211130_10k.htm"
    },
    {
        "date": "2021-08-31",
        "symbol": "NG",
        "reportedCurrency": "USD",
        "cik": "0001173420",
        "fillingDate": "2021-09-29",
        "acceptedDate": "2021-09-29 17:06:00",
        "calendarYear": "2021",
        "period": "Q3",
        "revenue": 0,
        "costOfRevenue": 2000,
        "grossProfit": -2000,
        "grossProfitRatio": 0,
        "researchAndDevelopmentExpenses": 0,
        "generalAndAdministrativeExpenses": 4881000,
        "sellingAndMarketingExpenses": 0,
        "sellingGeneralAndAdministrativeExpenses": 4881000,
        "otherExpenses": 0,
        "operatingExpenses": 4881000,
        "costAndExpenses": 4883000,
        "interestIncome": 80000,
        "interestExpense": 1506000,
        "depreciationAndAmortization": 1970.4547552963245,
        "ebitda": -11631000,
        "ebitdaratio": 0,
        "operatingIncome": -11631000,
        "operatingIncomeRatio": 0,
        "totalOtherIncomeExpensesNet": -49000,
        "incomeBeforeTax": -11680000,
        "incomeBeforeTaxRatio": 0,
        "incomeTaxExpense": 110000,
        "netIncome": -11790000,
        "netIncomeRatio": 0,
        "eps": -0.0356,
        "epsdiluted": -0.0356,
        "weightedAverageShsOut": 331641000,
        "weightedAverageShsOutDil": 331641000,
        "link": "https://www.sec.gov/Archives/edgar/data/1173420/000117184321006710/0001171843-21-006710-index.htm",
        "finalLink": "https://www.sec.gov/Archives/edgar/data/1173420/000117184321006710/ng20210831_10q.htm"
    },
    {
        "date": "2021-05-31",
        "symbol": "NG",
        "reportedCurrency": "USD",
        "cik": "0001173420",
        "fillingDate": "2021-06-29",
        "acceptedDate": "2021-06-29 17:06:22",
        "calendarYear": "2021",
        "period": "Q2",
        "revenue": 0,
        "costOfRevenue": 2000,
        "grossProfit": -2000,
        "grossProfitRatio": 0,
        "researchAndDevelopmentExpenses": 0,
        "generalAndAdministrativeExpenses": 4990000,
        "sellingAndMarketingExpenses": 0,
        "sellingGeneralAndAdministrativeExpenses": 4990000,
        "otherExpenses": 0,
        "operatingExpenses": 4990000,
        "costAndExpenses": 4992000,
        "interestIncome": 80000,
        "interestExpense": 1480000,
        "depreciationAndAmortization": 2053.2520868865163,
        "ebitda": -9190000,
        "ebitdaratio": 0,
        "operatingIncome": -9190000,
        "operatingIncomeRatio": 0,
        "totalOtherIncomeExpensesNet": -1331000,
        "incomeBeforeTax": -10521000,
        "incomeBeforeTaxRatio": 0,
        "incomeTaxExpense": 0,
        "netIncome": -10521000,
        "netIncomeRatio": 0,
        "eps": -0.0317,
        "epsdiluted": -0.0317,
        "weightedAverageShsOut": 331400000,
        "weightedAverageShsOutDil": 331400000,
        "link": "https://www.sec.gov/Archives/edgar/data/1173420/000117184321004603/0001171843-21-004603-index.htm",
        "finalLink": "https://www.sec.gov/Archives/edgar/data/1173420/000117184321004603/ng20210531_10q.htm"
    },
    {
        "date": "2021-02-28",
        "symbol": "NG",
        "reportedCurrency": "USD",
        "cik": "0001173420",
        "fillingDate": "2021-03-31",
        "acceptedDate": "2021-03-31 17:00:37",
        "calendarYear": "2021",
        "period": "Q1",
        "revenue": 0,
        "costOfRevenue": 2000,
        "grossProfit": -2000,
        "grossProfitRatio": 0,
        "researchAndDevelopmentExpenses": 0,
        "generalAndAdministrativeExpenses": 5327000,
        "sellingAndMarketingExpenses": 0,
        "sellingGeneralAndAdministrativeExpenses": 5327000,
        "otherExpenses": 0,
        "operatingExpenses": 5327000,
        "costAndExpenses": 5329000,
        "interestIncome": 178000,
        "interestExpense": 1434000,
        "depreciationAndAmortization": 2000,
        "ebitda": -7297000,
        "ebitdaratio": 0,
        "operatingIncome": -7297000,
        "operatingIncomeRatio": 0,
        "totalOtherIncomeExpensesNet": -659000,
        "incomeBeforeTax": -7956000,
        "incomeBeforeTaxRatio": 0,
        "incomeTaxExpense": 0,
        "netIncome": -7956000,
        "netIncomeRatio": 0,
        "eps": -0.024,
        "epsdiluted": -0.024,
        "weightedAverageShsOut": 331295000,
        "weightedAverageShsOutDil": 331295000,
        "link": "https://www.sec.gov/Archives/edgar/data/1173420/000117184321002212/0001171843-21-002212-index.htm",
        "finalLink": "https://www.sec.gov/Archives/edgar/data/1173420/000117184321002212/ng20210228_10q.htm"
    },
    {
        "date": "2020-11-30",
        "symbol": "NG",
        "reportedCurrency": "USD",
        "cik": "0001173420",
        "fillingDate": "2021-01-27",
        "acceptedDate": "2021-01-27 17:00:49",
        "calendarYear": "2020",
        "period": "Q4",
        "revenue": 12000,
        "costOfRevenue": 1000,
        "grossProfit": 11000,
        "grossProfitRatio": 0.9166666667,
        "researchAndDevelopmentExpenses": 0,
        "generalAndAdministrativeExpenses": 4888000,
        "sellingAndMarketingExpenses": 0,
        "sellingGeneralAndAdministrativeExpenses": 4888000,
        "otherExpenses": 0,
        "operatingExpenses": 4888000,
        "costAndExpenses": 4889000,
        "interestIncome": 322000,
        "interestExpense": 1426000,
        "depreciationAndAmortization": 1000,
        "ebitda": -4130530,
        "ebitdaratio": -344.2108333333,
        "operatingIncome": -7973000,
        "operatingIncomeRatio": -664.4166666667,
        "totalOtherIncomeExpensesNet": -602000,
        "incomeBeforeTax": -8575000,
        "incomeBeforeTaxRatio": -714.5833333333,
        "incomeTaxExpense": -1575000,
        "netIncome": -7000000,
        "netIncomeRatio": -583.3333333333,
        "eps": -0.0212,
        "epsdiluted": -0.0212,
        "weightedAverageShsOut": 329598000,
        "weightedAverageShsOutDil": 329598000,
        "link": "https://www.sec.gov/Archives/edgar/data/1173420/000117184321000547/0001171843-21-000547-index.htm",
        "finalLink": "https://www.sec.gov/Archives/edgar/data/1173420/000117184321000547/ng20201130_10k.htm"
    },
    {
        "date": "2020-08-31",
        "symbol": "NG",
        "reportedCurrency": "USD",
        "cik": "0001173420",
        "fillingDate": "2020-09-30",
        "acceptedDate": "2020-09-30 17:23:06",
        "calendarYear": "2020",
        "period": "Q3",
        "revenue": 0,
        "costOfRevenue": 2000,
        "grossProfit": -2000,
        "grossProfitRatio": 0,
        "researchAndDevelopmentExpenses": 0,
        "generalAndAdministrativeExpenses": 4743000,
        "sellingAndMarketingExpenses": 0,
        "sellingGeneralAndAdministrativeExpenses": 4743000,
        "otherExpenses": 0,
        "operatingExpenses": 4743000,
        "costAndExpenses": 4745000,
        "interestIncome": 391000,
        "interestExpense": 1428000,
        "depreciationAndAmortization": 2000,
        "ebitda": -10895000,
        "ebitdaratio": 0,
        "operatingIncome": -10895000,
        "operatingIncomeRatio": 0,
        "totalOtherIncomeExpensesNet": -1575000,
        "incomeBeforeTax": -12470000,
        "incomeBeforeTaxRatio": 0,
        "incomeTaxExpense": 266000,
        "netIncome": -12736000,
        "netIncomeRatio": 0,
        "eps": -0.0386,
        "epsdiluted": -0.0386,
        "weightedAverageShsOut": 329598000,
        "weightedAverageShsOutDil": 329598000,
        "link": "https://www.sec.gov/Archives/edgar/data/1173420/000117184320006745/0001171843-20-006745-index.htm",
        "finalLink": "https://www.sec.gov/Archives/edgar/data/1173420/000117184320006745/ng20200831_10q.htm"
    },
    {
        "date": "2020-05-31",
        "symbol": "NG",
        "reportedCurrency": "USD",
        "cik": "0001173420",
        "fillingDate": "2020-06-24",
        "acceptedDate": "2020-06-24 17:16:39",
        "calendarYear": "2020",
        "period": "Q2",
        "revenue": 0,
        "costOfRevenue": 2000,
        "grossProfit": -2000,
        "grossProfitRatio": 0,
        "researchAndDevelopmentExpenses": 0,
        "generalAndAdministrativeExpenses": 4385000,
        "sellingAndMarketingExpenses": 0,
        "sellingGeneralAndAdministrativeExpenses": 4385000,
        "otherExpenses": 0,
        "operatingExpenses": 4385000,
        "costAndExpenses": 4387000,
        "interestIncome": 514000,
        "interestExpense": 1400000,
        "depreciationAndAmortization": 2000,
        "ebitda": -4385000,
        "ebitdaratio": 0,
        "operatingIncome": -8087000,
        "operatingIncomeRatio": 0,
        "totalOtherIncomeExpensesNet": 1118000,
        "incomeBeforeTax": -6969000,
        "incomeBeforeTaxRatio": 0,
        "incomeTaxExpense": 264000,
        "netIncome": -7233000,
        "netIncomeRatio": 0,
        "eps": -0.022,
        "epsdiluted": -0.022,
        "weightedAverageShsOut": 329111000,
        "weightedAverageShsOutDil": 329111000,
        "link": "https://www.sec.gov/Archives/edgar/data/1173420/000117184320004543/0001171843-20-004543-index.htm",
        "finalLink": "https://www.sec.gov/Archives/edgar/data/1173420/000117184320004543/ng20200531_10q.htm"
    },
    {
        "date": "2020-02-29",
        "symbol": "NG",
        "reportedCurrency": "USD",
        "cik": "0001173420",
        "fillingDate": "2020-04-01",
        "acceptedDate": "2020-04-01 17:16:44",
        "calendarYear": "2020",
        "period": "Q1",
        "revenue": 0,
        "costOfRevenue": 2000,
        "grossProfit": -2000,
        "grossProfitRatio": 0,
        "researchAndDevelopmentExpenses": 0,
        "generalAndAdministrativeExpenses": 4712000,
        "sellingAndMarketingExpenses": 0,
        "sellingGeneralAndAdministrativeExpenses": 4712000,
        "otherExpenses": 0,
        "operatingExpenses": 4712000,
        "costAndExpenses": 4714000,
        "interestIncome": 517000,
        "interestExpense": 1760000,
        "depreciationAndAmortization": 2000,
        "ebitda": -4712000,
        "ebitdaratio": 0,
        "operatingIncome": -6282000,
        "operatingIncomeRatio": 0,
        "totalOtherIncomeExpensesNet": -49000,
        "incomeBeforeTax": -6331000,
        "incomeBeforeTaxRatio": 0,
        "incomeTaxExpense": 264000,
        "netIncome": -6595000,
        "netIncomeRatio": 0,
        "eps": -0.0201,
        "epsdiluted": -0.0201,
        "weightedAverageShsOut": 328286000,
        "weightedAverageShsOutDil": 328286000,
        "link": "https://www.sec.gov/Archives/edgar/data/1173420/000117184320002271/0001171843-20-002271-index.htm",
        "finalLink": "https://www.sec.gov/Archives/edgar/data/1173420/000117184320002271/ng20200229_10q.htm"
    },
    {
        "date": "2019-11-30",
        "symbol": "NG",
        "reportedCurrency": "USD",
        "cik": "0001173420",
        "fillingDate": "2020-01-22",
        "acceptedDate": "2020-01-22 17:25:23",
        "calendarYear": "2019",
        "period": "Q4",
        "revenue": 22000,
        "costOfRevenue": 4000,
        "grossProfit": 18000,
        "grossProfitRatio": 0.8181818182,
        "researchAndDevelopmentExpenses": 0,
        "generalAndAdministrativeExpenses": 3687000,
        "sellingAndMarketingExpenses": 0,
        "sellingGeneralAndAdministrativeExpenses": 3687000,
        "otherExpenses": 0,
        "operatingExpenses": 3687000,
        "costAndExpenses": 3691000,
        "interestIncome": 1046340,
        "interestExpense": 1732286,
        "depreciationAndAmortization": 4000,
        "ebitda": -3687000,
        "ebitdaratio": -167.5909090909,
        "operatingIncome": -7520000,
        "operatingIncomeRatio": -341.8181818182,
        "totalOtherIncomeExpensesNet": -41000,
        "incomeBeforeTax": -7561000,
        "incomeBeforeTaxRatio": -343.6818181818,
        "incomeTaxExpense": 306000,
        "netIncome": -7867000,
        "netIncomeRatio": -357.5909090909,
        "eps": -0.024,
        "epsdiluted": -0.024,
        "weightedAverageShsOut": 327300000,
        "weightedAverageShsOutDil": 328286000,
        "link": "https://www.sec.gov/Archives/edgar/data/1173420/000117184320000396/0001171843-20-000396-index.htm",
        "finalLink": "https://www.sec.gov/Archives/edgar/data/1173420/000117184320000396/ng20191130_10k.htm"
    },
    {
        "date": "2019-08-31",
        "symbol": "NG",
        "reportedCurrency": "USD",
        "cik": "0001173420",
        "fillingDate": "2019-10-01",
        "acceptedDate": "2019-10-01 17:06:37",
        "calendarYear": "2019",
        "period": "Q3",
        "revenue": 0,
        "costOfRevenue": 4000,
        "grossProfit": -4000,
        "grossProfitRatio": 0,
        "researchAndDevelopmentExpenses": 0,
        "generalAndAdministrativeExpenses": 4071000,
        "sellingAndMarketingExpenses": 0,
        "sellingGeneralAndAdministrativeExpenses": 4071000,
        "otherExpenses": 0,
        "operatingExpenses": 4071000,
        "costAndExpenses": 4075000,
        "interestIncome": 1001000,
        "interestExpense": 1887000,
        "depreciationAndAmortization": 4000,
        "ebitda": -7216000,
        "ebitdaratio": 0,
        "operatingIncome": -7216000,
        "operatingIncomeRatio": 0,
        "totalOtherIncomeExpensesNet": -581000,
        "incomeBeforeTax": -7797000,
        "incomeBeforeTaxRatio": 0,
        "incomeTaxExpense": 259000,
        "netIncome": -8056000,
        "netIncomeRatio": 0,
        "eps": -0.0247,
        "epsdiluted": -0.0247,
        "weightedAverageShsOut": 326050000,
        "weightedAverageShsOutDil": 326050000,
        "link": "https://www.sec.gov/Archives/edgar/data/1173420/000117184319006281/0001171843-19-006281-index.htm",
        "finalLink": "https://www.sec.gov/Archives/edgar/data/1173420/000117184319006281/ng20190831_10q.htm"
    },
    {
        "date": "2019-05-31",
        "symbol": "NG",
        "reportedCurrency": "USD",
        "cik": "0001173420",
        "fillingDate": "2019-06-26",
        "acceptedDate": "2019-06-26 17:01:55",
        "calendarYear": "2019",
        "period": "Q2",
        "revenue": 0,
        "costOfRevenue": 3000,
        "grossProfit": -3000,
        "grossProfitRatio": 0,
        "researchAndDevelopmentExpenses": 0,
        "generalAndAdministrativeExpenses": 4212000,
        "sellingAndMarketingExpenses": 0,
        "sellingGeneralAndAdministrativeExpenses": 4212000,
        "otherExpenses": 0,
        "operatingExpenses": 4212000,
        "costAndExpenses": 4215000,
        "interestIncome": 1096000,
        "interestExpense": 1861000,
        "depreciationAndAmortization": 3000,
        "ebitda": -3266801,
        "ebitdaratio": 0,
        "operatingIncome": -6413000,
        "operatingIncomeRatio": 0,
        "totalOtherIncomeExpensesNet": 1254000,
        "incomeBeforeTax": -5159000,
        "incomeBeforeTaxRatio": 0,
        "incomeTaxExpense": 356000,
        "netIncome": -5515000,
        "netIncomeRatio": 0,
        "eps": -0.017,
        "epsdiluted": -0.017,
        "weightedAverageShsOut": 325245000,
        "weightedAverageShsOutDil": 325245000,
        "link": "https://www.sec.gov/Archives/edgar/data/1173420/000117184319004187/0001171843-19-004187-index.htm",
        "finalLink": "https://www.sec.gov/Archives/edgar/data/1173420/000117184319004187/f10q_062619p.htm"
    },
    {
        "date": "2019-02-28",
        "symbol": "NG",
        "reportedCurrency": "USD",
        "cik": "0001173420",
        "fillingDate": "2019-04-02",
        "acceptedDate": "2019-04-02 17:01:15",
        "calendarYear": "2019",
        "period": "Q1",
        "revenue": 0,
        "costOfRevenue": 4000,
        "grossProfit": -4000,
        "grossProfitRatio": 0,
        "researchAndDevelopmentExpenses": 0,
        "generalAndAdministrativeExpenses": 4336000,
        "sellingAndMarketingExpenses": 0,
        "sellingGeneralAndAdministrativeExpenses": 4336000,
        "otherExpenses": 0,
        "operatingExpenses": 4336000,
        "costAndExpenses": 4340000,
        "interestIncome": 1042000,
        "interestExpense": 1798000,
        "depreciationAndAmortization": 4000,
        "ebitda": -4209901,
        "ebitdaratio": 0,
        "operatingIncome": -5663000,
        "operatingIncomeRatio": 0,
        "totalOtherIncomeExpensesNet": -303000,
        "incomeBeforeTax": -5966000,
        "incomeBeforeTaxRatio": 0,
        "incomeTaxExpense": 357000,
        "netIncome": -6323000,
        "netIncomeRatio": 0,
        "eps": -0.0195,
        "epsdiluted": -0.0195,
        "weightedAverageShsOut": 324749000,
        "weightedAverageShsOutDil": 324749000,
        "link": "https://www.sec.gov/Archives/edgar/data/1173420/000117184319002186/0001171843-19-002186-index.htm",
        "finalLink": "https://www.sec.gov/Archives/edgar/data/1173420/000117184319002186/f10q_040219p.htm"
    },
    {
        "date": "2018-11-30",
        "symbol": "NG",
        "reportedCurrency": "USD",
        "cik": "0001173420",
        "fillingDate": "2019-01-23",
        "acceptedDate": "2019-01-23 17:01:29",
        "calendarYear": "2018",
        "period": "Q4",
        "revenue": 32000,
        "costOfRevenue": 6000,
        "grossProfit": 26000,
        "grossProfitRatio": 0.8125,
        "researchAndDevelopmentExpenses": 0,
        "generalAndAdministrativeExpenses": 4498000,
        "sellingAndMarketingExpenses": 0,
        "sellingGeneralAndAdministrativeExpenses": 4498000,
        "otherExpenses": 0,
        "operatingExpenses": 4498000,
        "costAndExpenses": 4504000,
        "interestIncome": 770000,
        "interestExpense": 1717000,
        "depreciationAndAmortization": 1837000,
        "ebitda": -4064622,
        "ebitdaratio": -127.0194375,
        "operatingIncome": -6042000,
        "operatingIncomeRatio": -188.8125,
        "totalOtherIncomeExpensesNet": -457000,
        "incomeBeforeTax": -5852000,
        "incomeBeforeTaxRatio": -182.875,
        "incomeTaxExpense": 372000,
        "netIncome": -6294000,
        "netIncomeRatio": -196.6875,
        "eps": -0.0195,
        "epsdiluted": -0.0194,
        "weightedAverageShsOut": 322850000,
        "weightedAverageShsOutDil": 324749000,
        "link": "https://www.sec.gov/Archives/edgar/data/1173420/000117184319000448/0001171843-19-000448-index.htm",
        "finalLink": "https://www.sec.gov/Archives/edgar/data/1173420/000117184319000448/f10k_012319p.htm"
    },
    {
        "date": "2018-08-31",
        "symbol": "NG",
        "reportedCurrency": "USD",
        "cik": "0001173420",
        "fillingDate": "2018-10-02",
        "acceptedDate": "2018-10-02 17:01:32",
        "calendarYear": "2018",
        "period": "Q3",
        "revenue": 0,
        "costOfRevenue": 5000,
        "grossProfit": -5000,
        "grossProfitRatio": 0,
        "researchAndDevelopmentExpenses": 0,
        "generalAndAdministrativeExpenses": 4403000,
        "sellingAndMarketingExpenses": 0,
        "sellingGeneralAndAdministrativeExpenses": 4403000,
        "otherExpenses": 0,
        "operatingExpenses": 4403000,
        "costAndExpenses": 4408000,
        "interestIncome": 485000,
        "interestExpense": 1657000,
        "depreciationAndAmortization": -80037000,
        "ebitda": -6377000,
        "ebitdaratio": 0,
        "operatingIncome": -6922000,
        "operatingIncomeRatio": 0,
        "totalOtherIncomeExpensesNet": -1112000,
        "incomeBeforeTax": -8034000,
        "incomeBeforeTaxRatio": 0,
        "incomeTaxExpense": 9000,
        "netIncome": -88625000,
        "netIncomeRatio": 0,
        "eps": -0.27,
        "epsdiluted": -0.27,
        "weightedAverageShsOut": 322501000,
        "weightedAverageShsOutDil": 322501000,
        "link": "https://www.sec.gov/Archives/edgar/data/1173420/000117184318006821/0001171843-18-006821-index.htm",
        "finalLink": "https://www.sec.gov/Archives/edgar/data/1173420/000117184318006821/f10q_100218p.htm"
    },
    {
        "date": "2018-05-31",
        "symbol": "NG",
        "reportedCurrency": "USD",
        "cik": "0001173420",
        "fillingDate": "2018-06-27",
        "acceptedDate": "2018-06-27 16:56:23",
        "calendarYear": "2018",
        "period": "Q2",
        "revenue": 0,
        "costOfRevenue": 5000,
        "grossProfit": -5000,
        "grossProfitRatio": 0,
        "researchAndDevelopmentExpenses": 0,
        "generalAndAdministrativeExpenses": 4891000,
        "sellingAndMarketingExpenses": 0,
        "sellingGeneralAndAdministrativeExpenses": 4891000,
        "otherExpenses": 0,
        "operatingExpenses": 4891000,
        "costAndExpenses": 4896000,
        "interestIncome": 238000,
        "interestExpense": 1593000,
        "depreciationAndAmortization": 236000,
        "ebitda": -8195000,
        "ebitdaratio": 0,
        "operatingIncome": -8195000,
        "operatingIncomeRatio": 0,
        "totalOtherIncomeExpensesNet": -963000,
        "incomeBeforeTax": -9552000,
        "incomeBeforeTaxRatio": 0,
        "incomeTaxExpense": 79000,
        "netIncome": -9631000,
        "netIncomeRatio": 0,
        "eps": -0.0299,
        "epsdiluted": -0.0299,
        "weightedAverageShsOut": 322305000,
        "weightedAverageShsOutDil": 322305000,
        "link": "https://www.sec.gov/Archives/edgar/data/1173420/000117184318004852/0001171843-18-004852-index.htm",
        "finalLink": "https://www.sec.gov/Archives/edgar/data/1173420/000117184318004852/f10q_062718p.htm"
    },
    {
        "date": "2018-02-28",
        "symbol": "NG",
        "reportedCurrency": "USD",
        "cik": "0001173420",
        "fillingDate": "2018-04-04",
        "acceptedDate": "2018-04-04 17:01:05",
        "calendarYear": "2018",
        "period": "Q1",
        "revenue": 0,
        "costOfRevenue": 6000,
        "grossProfit": -6000,
        "grossProfitRatio": 0,
        "researchAndDevelopmentExpenses": 0,
        "generalAndAdministrativeExpenses": 4679000,
        "sellingAndMarketingExpenses": 0,
        "sellingGeneralAndAdministrativeExpenses": 4679000,
        "otherExpenses": 0,
        "operatingExpenses": 4679000,
        "costAndExpenses": 4685000,
        "interestIncome": 240000,
        "interestExpense": 1494000,
        "depreciationAndAmortization": 124000,
        "ebitda": -6779000,
        "ebitdaratio": 0,
        "operatingIncome": -6779000,
        "operatingIncomeRatio": 0,
        "totalOtherIncomeExpensesNet": -1117000,
        "incomeBeforeTax": -8149000,
        "incomeBeforeTaxRatio": 0,
        "incomeTaxExpense": 66000,
        "netIncome": -8215000,
        "netIncomeRatio": 0,
        "eps": -0.0255,
        "epsdiluted": -0.0255,
        "weightedAverageShsOut": 322291000,
        "weightedAverageShsOutDil": 322291000,
        "link": "https://www.sec.gov/Archives/edgar/data/1173420/000117184318002534/0001171843-18-002534-index.htm",
        "finalLink": "https://www.sec.gov/Archives/edgar/data/1173420/000117184318002534/f10q_040418p.htm"
    },
    {
        "date": "2017-11-30",
        "symbol": "NG",
        "reportedCurrency": "USD",
        "cik": "0001173420",
        "fillingDate": "2018-01-24",
        "acceptedDate": "2018-01-24 17:01:19",
        "calendarYear": "2017",
        "period": "Q4",
        "revenue": 58000,
        "costOfRevenue": 5000,
        "grossProfit": 53000,
        "grossProfitRatio": 0.9137931034,
        "researchAndDevelopmentExpenses": 0,
        "generalAndAdministrativeExpenses": 4634000,
        "sellingAndMarketingExpenses": 0,
        "sellingGeneralAndAdministrativeExpenses": 4634000,
        "otherExpenses": 0,
        "operatingExpenses": 4634000,
        "costAndExpenses": 4639000,
        "interestIncome": 309000,
        "interestExpense": 1347000,
        "depreciationAndAmortization": 596000,
        "ebitda": -7945504,
        "ebitdaratio": -136.9914482759,
        "operatingIncome": -8753000,
        "operatingIncomeRatio": -150.9137931034,
        "totalOtherIncomeExpensesNet": -751000,
        "incomeBeforeTax": -9504000,
        "incomeBeforeTaxRatio": -163.8620689655,
        "incomeTaxExpense": 514000,
        "netIncome": -10018000,
        "netIncomeRatio": -172.724137931,
        "eps": -0.0311,
        "epsdiluted": -0.0311,
        "weightedAverageShsOut": 321878000,
        "weightedAverageShsOutDil": 322291000,
        "link": "https://www.sec.gov/Archives/edgar/data/1173420/000117184318000607/0001171843-18-000607-index.htm",
        "finalLink": "https://www.sec.gov/Archives/edgar/data/1173420/000117184318000607/f10k_012418p.htm"
    },
    {
        "date": "2017-08-31",
        "symbol": "NG",
        "reportedCurrency": "USD",
        "cik": "0001173420",
        "fillingDate": "2017-10-03",
        "acceptedDate": "2017-10-03 17:01:05",
        "calendarYear": "2017",
        "period": "Q3",
        "revenue": 0,
        "costOfRevenue": 10000,
        "grossProfit": -10000,
        "grossProfitRatio": 0,
        "researchAndDevelopmentExpenses": 0,
        "generalAndAdministrativeExpenses": 4636000,
        "sellingAndMarketingExpenses": 0,
        "sellingGeneralAndAdministrativeExpenses": 4636000,
        "otherExpenses": 0,
        "operatingExpenses": 4636000,
        "costAndExpenses": 4646000,
        "interestIncome": 309000,
        "interestExpense": 1361000,
        "depreciationAndAmortization": -542000,
        "ebitda": -8423000,
        "ebitdaratio": 0,
        "operatingIncome": -8423000,
        "operatingIncomeRatio": 0,
        "totalOtherIncomeExpensesNet": -1291000,
        "incomeBeforeTax": -10326000,
        "incomeBeforeTaxRatio": 0,
        "incomeTaxExpense": 67000,
        "netIncome": -10393000,
        "netIncomeRatio": 0,
        "eps": -0.0323,
        "epsdiluted": -0.0323,
        "weightedAverageShsOut": 321683000,
        "weightedAverageShsOutDil": 321683000,
        "link": "https://www.sec.gov/Archives/edgar/data/1173420/000117184317005900/0001171843-17-005900-index.htm",
        "finalLink": "https://www.sec.gov/Archives/edgar/data/1173420/000117184317005900/f10q_100317p.htm"
    },
    {
        "date": "2017-05-31",
        "symbol": "NG",
        "reportedCurrency": "USD",
        "cik": "0001173420",
        "fillingDate": "2017-06-27",
        "acceptedDate": "2017-06-27 06:01:32",
        "calendarYear": "2017",
        "period": "Q2",
        "revenue": 0,
        "costOfRevenue": 9000,
        "grossProfit": -9000,
        "grossProfitRatio": 0,
        "researchAndDevelopmentExpenses": 0,
        "generalAndAdministrativeExpenses": 4777000,
        "sellingAndMarketingExpenses": 0,
        "sellingGeneralAndAdministrativeExpenses": 4777000,
        "otherExpenses": 0,
        "operatingExpenses": 4777000,
        "costAndExpenses": 4786000,
        "interestIncome": 307000,
        "interestExpense": 1307000,
        "depreciationAndAmortization": 501000,
        "ebitda": -7032191,
        "ebitdaratio": 0,
        "operatingIncome": -7558000,
        "operatingIncomeRatio": 0,
        "totalOtherIncomeExpensesNet": -806000,
        "incomeBeforeTax": -8364000,
        "incomeBeforeTaxRatio": 0,
        "incomeTaxExpense": 98000,
        "netIncome": -8462000,
        "netIncomeRatio": 0,
        "eps": -0.0263,
        "epsdiluted": -0.0263,
        "weightedAverageShsOut": 321662000,
        "weightedAverageShsOutDil": 321662000,
        "link": "https://www.sec.gov/Archives/edgar/data/1173420/000117184317003834/0001171843-17-003834-index.htm",
        "finalLink": "https://www.sec.gov/Archives/edgar/data/1173420/000117184317003834/f10q_062617p.htm"
    },
    {
        "date": "2017-02-28",
        "symbol": "NG",
        "reportedCurrency": "USD",
        "cik": "0001173420",
        "fillingDate": "2017-04-03",
        "acceptedDate": "2017-04-03 17:22:17",
        "calendarYear": "2017",
        "period": "Q1",
        "revenue": 0,
        "costOfRevenue": 10000,
        "grossProfit": -10000,
        "grossProfitRatio": 0,
        "researchAndDevelopmentExpenses": 0,
        "generalAndAdministrativeExpenses": 6721000,
        "sellingAndMarketingExpenses": 0,
        "sellingGeneralAndAdministrativeExpenses": 6721000,
        "otherExpenses": 0,
        "operatingExpenses": 6721000,
        "costAndExpenses": 6731000,
        "interestIncome": 247000,
        "interestExpense": 1213000,
        "depreciationAndAmortization": 86000,
        "ebitda": -8963000,
        "ebitdaratio": 0,
        "operatingIncome": -8963000,
        "operatingIncomeRatio": 0,
        "totalOtherIncomeExpensesNet": -1127000,
        "incomeBeforeTax": -10090000,
        "incomeBeforeTaxRatio": 0,
        "incomeTaxExpense": 53000,
        "netIncome": -10143000,
        "netIncomeRatio": 0,
        "eps": -0.0316,
        "epsdiluted": -0.0316,
        "weightedAverageShsOut": 321428000,
        "weightedAverageShsOutDil": 321428000,
        "link": "https://www.sec.gov/Archives/edgar/data/1173420/000117184317001923/0001171843-17-001923-index.htm",
        "finalLink": "https://www.sec.gov/Archives/edgar/data/1173420/000117184317001923/f10q_040317p.htm"
    },
    {
        "date": "2016-11-30",
        "symbol": "NG",
        "reportedCurrency": "USD",
        "cik": "0001173420",
        "fillingDate": "2017-01-25",
        "acceptedDate": "2017-01-25 17:19:42",
        "calendarYear": "2016",
        "period": "Q4",
        "revenue": 0,
        "costOfRevenue": 0,
        "grossProfit": 0,
        "grossProfitRatio": 0,
        "researchAndDevelopmentExpenses": 0,
        "generalAndAdministrativeExpenses": 4039000,
        "sellingAndMarketingExpenses": 0,
        "sellingGeneralAndAdministrativeExpenses": 4039000,
        "otherExpenses": -25000,
        "operatingExpenses": 4014000,
        "costAndExpenses": 4047000,
        "interestIncome": 280000,
        "interestExpense": 1152000,
        "depreciationAndAmortization": 730000,
        "ebitda": -5983012,
        "ebitdaratio": 0,
        "operatingIncome": -6804000,
        "operatingIncomeRatio": 0,
        "totalOtherIncomeExpensesNet": -422000,
        "incomeBeforeTax": -7226000,
        "incomeBeforeTaxRatio": 0,
        "incomeTaxExpense": 124000,
        "netIncome": -7350000,
        "netIncomeRatio": 0,
        "eps": -0.023,
        "epsdiluted": -0.0229,
        "weightedAverageShsOut": 320014000,
        "weightedAverageShsOutDil": 321428000,
        "link": "https://www.sec.gov/Archives/edgar/data/1173420/000117184317000429/0001171843-17-000429-index.htm",
        "finalLink": "https://www.sec.gov/Archives/edgar/data/1173420/000117184317000429/f10k_012517p.htm"
    },
    {
        "date": "2016-08-31",
        "symbol": "NG",
        "reportedCurrency": "USD",
        "cik": "0001173420",
        "fillingDate": "2016-10-04",
        "acceptedDate": "2016-10-04 17:09:46",
        "calendarYear": "2016",
        "period": "Q3",
        "revenue": 0,
        "costOfRevenue": 0,
        "grossProfit": 0,
        "grossProfitRatio": 0,
        "researchAndDevelopmentExpenses": 0,
        "generalAndAdministrativeExpenses": 4222000,
        "sellingAndMarketingExpenses": 0,
        "sellingGeneralAndAdministrativeExpenses": 4222000,
        "otherExpenses": 8000,
        "operatingExpenses": 4230000,
        "costAndExpenses": 4230000,
        "interestIncome": 266000,
        "interestExpense": 1155000,
        "depreciationAndAmortization": 8000,
        "ebitda": -6422000,
        "ebitdaratio": 0,
        "operatingIncome": -6422000,
        "operatingIncomeRatio": 0,
        "totalOtherIncomeExpensesNet": -885000,
        "incomeBeforeTax": -7307000,
        "incomeBeforeTaxRatio": 0,
        "incomeTaxExpense": 74000,
        "netIncome": -7381000,
        "netIncomeRatio": 0,
        "eps": -0.0231,
        "epsdiluted": -0.0231,
        "weightedAverageShsOut": 319967000,
        "weightedAverageShsOutDil": 319967000,
        "link": "https://www.sec.gov/Archives/edgar/data/1173420/000110262416003447/0001102624-16-003447-index.htm",
        "finalLink": "https://www.sec.gov/Archives/edgar/data/1173420/000110262416003447/novagold10q.htm"
    },
    {
        "date": "2016-05-31",
        "symbol": "NG",
        "reportedCurrency": "USD",
        "cik": "0001173420",
        "fillingDate": "2016-06-27",
        "acceptedDate": "2016-06-27 17:09:10",
        "calendarYear": "2016",
        "period": "Q2",
        "revenue": 0,
        "costOfRevenue": 0,
        "grossProfit": 0,
        "grossProfitRatio": 0,
        "researchAndDevelopmentExpenses": 0,
        "generalAndAdministrativeExpenses": 4561000,
        "sellingAndMarketingExpenses": 0,
        "sellingGeneralAndAdministrativeExpenses": 4561000,
        "otherExpenses": 8000,
        "operatingExpenses": 4569000,
        "costAndExpenses": 4569000,
        "interestIncome": 220000,
        "interestExpense": 1153000,
        "depreciationAndAmortization": 8000,
        "ebitda": -7391000,
        "ebitdaratio": 0,
        "operatingIncome": -7391000,
        "operatingIncomeRatio": 0,
        "totalOtherIncomeExpensesNet": -1730000,
        "incomeBeforeTax": -9121000,
        "incomeBeforeTaxRatio": 0,
        "incomeTaxExpense": 17000,
        "netIncome": -9138000,
        "netIncomeRatio": 0,
        "eps": -0.0286,
        "epsdiluted": -0.0286,
        "weightedAverageShsOut": 319782000,
        "weightedAverageShsOutDil": 319782000,
        "link": "https://www.sec.gov/Archives/edgar/data/1173420/000110262416003003/0001102624-16-003003-index.htm",
        "finalLink": "https://www.sec.gov/Archives/edgar/data/1173420/000110262416003003/novagold10q.htm"
    },
    {
        "date": "2016-02-29",
        "symbol": "NG",
        "reportedCurrency": "USD",
        "cik": "0001173420",
        "fillingDate": "2016-04-04",
        "acceptedDate": "2016-04-04 16:56:30",
        "calendarYear": "2016",
        "period": "Q1",
        "revenue": 0,
        "costOfRevenue": 0,
        "grossProfit": 0,
        "grossProfitRatio": 0,
        "researchAndDevelopmentExpenses": 0,
        "generalAndAdministrativeExpenses": 7324000,
        "sellingAndMarketingExpenses": 0,
        "sellingGeneralAndAdministrativeExpenses": 7324000,
        "otherExpenses": 9000,
        "operatingExpenses": 7333000,
        "costAndExpenses": 7333000,
        "interestIncome": 181000,
        "interestExpense": 1091000,
        "depreciationAndAmortization": 9000,
        "ebitda": -9530000,
        "ebitdaratio": 0,
        "operatingIncome": -9530000,
        "operatingIncomeRatio": 0,
        "totalOtherIncomeExpensesNet": -385000,
        "incomeBeforeTax": -9915000,
        "incomeBeforeTaxRatio": 0,
        "incomeTaxExpense": 62000,
        "netIncome": -9977000,
        "netIncomeRatio": 0,
        "eps": -0.0312,
        "epsdiluted": -0.0312,
        "weightedAverageShsOut": 319343000,
        "weightedAverageShsOutDil": 319343000,
        "link": "https://www.sec.gov/Archives/edgar/data/1173420/000110262416002479/0001102624-16-002479-index.htm",
        "finalLink": "https://www.sec.gov/Archives/edgar/data/1173420/000110262416002479/novagold10q.htm"
    },
    {
        "date": "2015-11-30",
        "symbol": "NG",
        "reportedCurrency": "USD",
        "cik": "0001173420",
        "fillingDate": "2016-01-27",
        "acceptedDate": "2016-01-27 17:05:28",
        "calendarYear": "2015",
        "period": "Q4",
        "revenue": 0,
        "costOfRevenue": 0,
        "grossProfit": 0,
        "grossProfitRatio": 0,
        "researchAndDevelopmentExpenses": 0,
        "generalAndAdministrativeExpenses": 4173000,
        "sellingAndMarketingExpenses": 0,
        "sellingGeneralAndAdministrativeExpenses": 4173000,
        "otherExpenses": 22000,
        "operatingExpenses": 4195000,
        "costAndExpenses": 4195000,
        "interestIncome": 183000,
        "interestExpense": 1042000,
        "depreciationAndAmortization": 9000,
        "ebitda": -5978000,
        "ebitdaratio": 0,
        "operatingIncome": -6585000,
        "operatingIncomeRatio": 0,
        "totalOtherIncomeExpensesNet": -444000,
        "incomeBeforeTax": -7029000,
        "incomeBeforeTaxRatio": 0,
        "incomeTaxExpense": 139000,
        "netIncome": -7168000,
        "netIncomeRatio": 0,
        "eps": -0.0225,
        "epsdiluted": -0.0224,
        "weightedAverageShsOut": 317895000,
        "weightedAverageShsOutDil": 319343000,
        "link": "https://www.sec.gov/Archives/edgar/data/1173420/000110262416002023/0001102624-16-002023-index.htm",
        "finalLink": "https://www.sec.gov/Archives/edgar/data/1173420/000110262416002023/novagold10k.htm"
    },
    {
        "date": "2015-08-31",
        "symbol": "NG",
        "reportedCurrency": "USD",
        "cik": "0001173420",
        "fillingDate": "2015-10-06",
        "acceptedDate": "2015-10-06 17:09:50",
        "calendarYear": "2015",
        "period": "Q3",
        "revenue": 0,
        "costOfRevenue": 0,
        "grossProfit": 0,
        "grossProfitRatio": 0,
        "researchAndDevelopmentExpenses": 0,
        "generalAndAdministrativeExpenses": 4062000,
        "sellingAndMarketingExpenses": 0,
        "sellingGeneralAndAdministrativeExpenses": 4062000,
        "otherExpenses": 60000,
        "operatingExpenses": 4122000,
        "costAndExpenses": 4122000,
        "interestIncome": 192000,
        "interestExpense": 1045000,
        "depreciationAndAmortization": 8000,
        "ebitda": -5238000,
        "ebitdaratio": 0,
        "operatingIncome": -6579000,
        "operatingIncomeRatio": 0,
        "totalOtherIncomeExpensesNet": 288000,
        "incomeBeforeTax": -6291000,
        "incomeBeforeTaxRatio": 0,
        "incomeTaxExpense": 10000,
        "netIncome": -6301000,
        "netIncomeRatio": 0,
        "eps": -0.0198,
        "epsdiluted": -0.0198,
        "weightedAverageShsOut": 317862000,
        "weightedAverageShsOutDil": 317862000,
        "link": "https://www.sec.gov/Archives/edgar/data/1173420/000110262415001530/0001102624-15-001530-index.htm",
        "finalLink": "https://www.sec.gov/Archives/edgar/data/1173420/000110262415001530/novagold10q.htm"
    },
    {
        "date": "2015-05-31",
        "symbol": "NG",
        "reportedCurrency": "USD",
        "cik": "0001173420",
        "fillingDate": "2015-07-07",
        "acceptedDate": "2015-07-07 17:08:18",
        "calendarYear": "2015",
        "period": "Q2",
        "revenue": 0,
        "costOfRevenue": 0,
        "grossProfit": 0,
        "grossProfitRatio": 0,
        "researchAndDevelopmentExpenses": 0,
        "generalAndAdministrativeExpenses": 3150000,
        "sellingAndMarketingExpenses": 0,
        "sellingGeneralAndAdministrativeExpenses": 3150000,
        "otherExpenses": 157000,
        "operatingExpenses": 3307000,
        "costAndExpenses": 3307000,
        "interestIncome": 187000,
        "interestExpense": 1458000,
        "depreciationAndAmortization": 9000,
        "ebitda": -7246000,
        "ebitdaratio": 0,
        "operatingIncome": -7246000,
        "operatingIncomeRatio": 0,
        "totalOtherIncomeExpensesNet": -1944000,
        "incomeBeforeTax": -9190000,
        "incomeBeforeTaxRatio": 0,
        "incomeTaxExpense": -6000,
        "netIncome": -9184000,
        "netIncomeRatio": 0,
        "eps": -0.0289,
        "epsdiluted": -0.0289,
        "weightedAverageShsOut": 317862000,
        "weightedAverageShsOutDil": 317862000,
        "link": "https://www.sec.gov/Archives/edgar/data/1173420/000110262415001070/0001102624-15-001070-index.htm",
        "finalLink": "https://www.sec.gov/Archives/edgar/data/1173420/000110262415001070/novagold10q.htm"
    },
    {
        "date": "2015-02-28",
        "symbol": "NG",
        "reportedCurrency": "USD",
        "cik": "0001173420",
        "fillingDate": "2015-03-31",
        "acceptedDate": "2015-03-31 16:47:50",
        "calendarYear": "2015",
        "period": "Q1",
        "revenue": 0,
        "costOfRevenue": 0,
        "grossProfit": 0,
        "grossProfitRatio": 0,
        "researchAndDevelopmentExpenses": 0,
        "generalAndAdministrativeExpenses": 8502000,
        "sellingAndMarketingExpenses": 0,
        "sellingGeneralAndAdministrativeExpenses": 8502000,
        "otherExpenses": 162000,
        "operatingExpenses": 8664000,
        "costAndExpenses": 8664000,
        "interestIncome": 178000,
        "interestExpense": 1643000,
        "depreciationAndAmortization": 9000,
        "ebitda": -8655000,
        "ebitdaratio": 0,
        "operatingIncome": -11286000,
        "operatingIncomeRatio": 0,
        "totalOtherIncomeExpensesNet": 1997000,
        "incomeBeforeTax": -9289000,
        "incomeBeforeTaxRatio": 0,
        "incomeTaxExpense": 10000,
        "netIncome": -9299000,
        "netIncomeRatio": 0,
        "eps": -0.0293,
        "epsdiluted": -0.0293,
        "weightedAverageShsOut": 317780000,
        "weightedAverageShsOutDil": 317780000,
        "link": "https://www.sec.gov/Archives/edgar/data/1173420/000110262415000498/0001102624-15-000498-index.htm",
        "finalLink": "https://www.sec.gov/Archives/edgar/data/1173420/000110262415000498/novagold10q.htm"
    },
    {
        "date": "2014-11-30",
        "symbol": "NG",
        "reportedCurrency": "USD",
        "cik": "0001173420",
        "fillingDate": "2015-01-28",
        "acceptedDate": "2015-01-28 17:05:09",
        "calendarYear": "2014",
        "period": "Q4",
        "revenue": 0,
        "costOfRevenue": 0,
        "grossProfit": 0,
        "grossProfitRatio": 0,
        "researchAndDevelopmentExpenses": 0,
        "generalAndAdministrativeExpenses": 4667000,
        "sellingAndMarketingExpenses": 0,
        "sellingGeneralAndAdministrativeExpenses": 4667000,
        "otherExpenses": 9000,
        "operatingExpenses": 4676000,
        "costAndExpenses": 4676000,
        "interestIncome": 205000,
        "interestExpense": 1609000,
        "depreciationAndAmortization": 9000,
        "ebitda": -4667000,
        "ebitdaratio": 0,
        "operatingIncome": -7656000,
        "operatingIncomeRatio": 0,
        "totalOtherIncomeExpensesNet": 821000,
        "incomeBeforeTax": -6835000,
        "incomeBeforeTaxRatio": 0,
        "incomeTaxExpense": 268000,
        "netIncome": -7103000,
        "netIncomeRatio": 0,
        "eps": -0.0224,
        "epsdiluted": -0.0224,
        "weightedAverageShsOut": 317287000,
        "weightedAverageShsOutDil": 317780000,
        "link": "https://www.sec.gov/Archives/edgar/data/1173420/000110262415000109/0001102624-15-000109-index.htm",
        "finalLink": "https://www.sec.gov/Archives/edgar/data/1173420/000110262415000109/novagold10k.htm"
    },
    {
        "date": "2014-08-31",
        "symbol": "NG",
        "reportedCurrency": "USD",
        "cik": "0001173420",
        "fillingDate": "2014-10-07",
        "acceptedDate": "2014-10-07 17:18:08",
        "calendarYear": "2014",
        "period": "Q3",
        "revenue": 0,
        "costOfRevenue": 0,
        "grossProfit": 0,
        "grossProfitRatio": 0,
        "researchAndDevelopmentExpenses": 0,
        "generalAndAdministrativeExpenses": 5037000,
        "sellingAndMarketingExpenses": 0,
        "sellingGeneralAndAdministrativeExpenses": 5037000,
        "otherExpenses": 9000,
        "operatingExpenses": 5046000,
        "costAndExpenses": 5046000,
        "interestIncome": 183000,
        "interestExpense": 1609000,
        "depreciationAndAmortization": 9000,
        "ebitda": -10755000,
        "ebitdaratio": 0,
        "operatingIncome": -10755000,
        "operatingIncomeRatio": 0,
        "totalOtherIncomeExpensesNet": -1253000,
        "incomeBeforeTax": -12008000,
        "incomeBeforeTaxRatio": 0,
        "incomeTaxExpense": 1000,
        "netIncome": -12009000,
        "netIncomeRatio": 0,
        "eps": -0.0378,
        "epsdiluted": -0.0378,
        "weightedAverageShsOut": 317288000,
        "weightedAverageShsOutDil": 317288000,
        "link": "https://www.sec.gov/Archives/edgar/data/1173420/000110262414001616/0001102624-14-001616-index.htm",
        "finalLink": "https://www.sec.gov/Archives/edgar/data/1173420/000110262414001616/novagold10q.htm"
    },
    {
        "date": "2014-05-31",
        "symbol": "NG",
        "reportedCurrency": "USD",
        "cik": "0001173420",
        "fillingDate": "2014-07-09",
        "acceptedDate": "2014-07-09 16:53:12",
        "calendarYear": "2014",
        "period": "Q2",
        "revenue": 0,
        "costOfRevenue": 0,
        "grossProfit": 0,
        "grossProfitRatio": 0,
        "researchAndDevelopmentExpenses": 0,
        "generalAndAdministrativeExpenses": 4640000,
        "sellingAndMarketingExpenses": 0,
        "sellingGeneralAndAdministrativeExpenses": 4640000,
        "otherExpenses": 8000,
        "operatingExpenses": 4648000,
        "costAndExpenses": 4648000,
        "interestIncome": 150000,
        "interestExpense": 1562000,
        "depreciationAndAmortization": 8000,
        "ebitda": -8264000,
        "ebitdaratio": 0,
        "operatingIncome": -8264000,
        "operatingIncomeRatio": 0,
        "totalOtherIncomeExpensesNet": -2373000,
        "incomeBeforeTax": -10637000,
        "incomeBeforeTaxRatio": 0,
        "incomeTaxExpense": 44000,
        "netIncome": -10681000,
        "netIncomeRatio": 0,
        "eps": -0.0337,
        "epsdiluted": -0.0337,
        "weightedAverageShsOut": 317295000,
        "weightedAverageShsOutDil": 317295000,
        "link": "https://www.sec.gov/Archives/edgar/data/1173420/000110262414001095/0001102624-14-001095-index.htm",
        "finalLink": "https://www.sec.gov/Archives/edgar/data/1173420/000110262414001095/novagold10q.htm"
    },
    {
        "date": "2014-02-28",
        "symbol": "NG",
        "reportedCurrency": "USD",
        "cik": "0001173420",
        "fillingDate": "2014-04-07",
        "acceptedDate": "2014-04-07 17:19:39",
        "calendarYear": "2014",
        "period": "Q1",
        "revenue": 0,
        "costOfRevenue": 0,
        "grossProfit": 0,
        "grossProfitRatio": 0,
        "researchAndDevelopmentExpenses": 0,
        "generalAndAdministrativeExpenses": 7702000,
        "sellingAndMarketingExpenses": 0,
        "sellingGeneralAndAdministrativeExpenses": 7702000,
        "otherExpenses": 0,
        "operatingExpenses": 7712000,
        "costAndExpenses": 7712000,
        "interestIncome": 316000,
        "interestExpense": 2058000,
        "depreciationAndAmortization": 10000,
        "ebitda": -7702000,
        "ebitdaratio": 0,
        "operatingIncome": -11333000,
        "operatingIncomeRatio": 0,
        "totalOtherIncomeExpensesNet": 592000,
        "incomeBeforeTax": -10741000,
        "incomeBeforeTaxRatio": 0,
        "incomeTaxExpense": -50000,
        "netIncome": -10691000,
        "netIncomeRatio": 0,
        "eps": -0.0337,
        "epsdiluted": -0.0337,
        "weightedAverageShsOut": 316932000,
        "weightedAverageShsOutDil": 316932000,
        "link": "https://www.sec.gov/Archives/edgar/data/1173420/000110262414000552/0001102624-14-000552-index.htm",
        "finalLink": "https://www.sec.gov/Archives/edgar/data/1173420/000110262414000552/novagold10q.htm"
    },
    {
        "date": "2013-11-30",
        "symbol": "NG",
        "reportedCurrency": "USD",
        "cik": "0001173420",
        "fillingDate": "2013-11-30",
        "acceptedDate": "2013-11-29 19:00:00",
        "calendarYear": "2013",
        "period": "Q4",
        "revenue": 0,
        "costOfRevenue": 0,
        "grossProfit": 0,
        "grossProfitRatio": 0,
        "researchAndDevelopmentExpenses": 0,
        "generalAndAdministrativeExpenses": 8060057,
        "sellingAndMarketingExpenses": 0,
        "sellingGeneralAndAdministrativeExpenses": 8060057,
        "otherExpenses": 37000,
        "operatingExpenses": 8097057,
        "costAndExpenses": 8097057,
        "interestIncome": 505650,
        "interestExpense": 7519730,
        "depreciationAndAmortization": 8542.401821,
        "ebitda": -6758000,
        "ebitdaratio": 0,
        "operatingIncome": -24234546.76532,
        "operatingIncomeRatio": 0,
        "totalOtherIncomeExpensesNet": -9685847.087839,
        "incomeBeforeTax": -16449847.087839,
        "incomeBeforeTaxRatio": 0,
        "incomeTaxExpense": 3896000,
        "netIncome": -20345847.087839,
        "netIncomeRatio": 0,
        "eps": -0.0643,
        "epsdiluted": -0.0643,
        "weightedAverageShsOut": 316636000,
        "weightedAverageShsOutDil": 316639000,
        "link": null,
        "finalLink": null
    },
    {
        "date": "2013-08-31",
        "symbol": "NG",
        "reportedCurrency": "USD",
        "cik": "0001173420",
        "fillingDate": "2013-10-09",
        "acceptedDate": "2013-10-09 17:01:41",
        "calendarYear": "2013",
        "period": "Q3",
        "revenue": 0,
        "costOfRevenue": 0,
        "grossProfit": 0,
        "grossProfitRatio": 0,
        "researchAndDevelopmentExpenses": 0,
        "generalAndAdministrativeExpenses": 5239000,
        "sellingAndMarketingExpenses": 0,
        "sellingGeneralAndAdministrativeExpenses": 5239000,
        "otherExpenses": -15000,
        "operatingExpenses": 5249000,
        "costAndExpenses": 5249000,
        "interestIncome": 240000,
        "interestExpense": 1688000,
        "depreciationAndAmortization": 10000,
        "ebitda": -18264000,
        "ebitdaratio": 0,
        "operatingIncome": -15871000,
        "operatingIncomeRatio": 0,
        "totalOtherIncomeExpensesNet": -14197000,
        "incomeBeforeTax": -19962000,
        "incomeBeforeTaxRatio": 0,
        "incomeTaxExpense": 4592107,
        "netIncome": -19962000,
        "netIncomeRatio": 0,
        "eps": -0.063,
        "epsdiluted": -0.063,
        "weightedAverageShsOut": 316639000,
        "weightedAverageShsOutDil": 316639000,
        "link": "https://www.sec.gov/Archives/edgar/data/1173420/000110262413001219/0001102624-13-001219-index.htm",
        "finalLink": "https://www.sec.gov/Archives/edgar/data/1173420/000110262413001219/exh99_1.htm"
    },
    {
        "date": "2013-05-31",
        "symbol": "NG",
        "reportedCurrency": "USD",
        "cik": "0001173420",
        "fillingDate": "2013-05-31",
        "acceptedDate": "2013-05-31 00:00:00",
        "calendarYear": "2013",
        "period": "Q2",
        "revenue": 0,
        "costOfRevenue": 0,
        "grossProfit": 0,
        "grossProfitRatio": 0,
        "researchAndDevelopmentExpenses": 0,
        "generalAndAdministrativeExpenses": 5308146,
        "sellingAndMarketingExpenses": 0,
        "sellingGeneralAndAdministrativeExpenses": 5308146,
        "otherExpenses": -5821.399464000016,
        "operatingExpenses": 5302324,
        "costAndExpenses": 5302324,
        "interestIncome": 233826,
        "interestExpense": 3294912,
        "depreciationAndAmortization": 8732.099197,
        "ebitda": -7333000,
        "ebitdaratio": 0,
        "operatingIncome": -10529941.397912,
        "operatingIncomeRatio": 0,
        "totalOtherIncomeExpensesNet": -3975354.9501300007,
        "incomeBeforeTax": -9962354.95013,
        "incomeBeforeTaxRatio": 0,
        "incomeTaxExpense": -567586.4477819987,
        "netIncome": -9962354.95013,
        "netIncomeRatio": 0,
        "eps": -0.0315,
        "epsdiluted": -0.0315,
        "weightedAverageShsOut": 316634000,
        "weightedAverageShsOutDil": 316634000,
        "link": null,
        "finalLink": null
    },
    {
        "date": "2013-02-28",
        "symbol": "NG",
        "reportedCurrency": "USD",
        "cik": "0001173420",
        "fillingDate": "2013-04-10",
        "acceptedDate": "2013-04-10 16:37:11",
        "calendarYear": "2013",
        "period": "Q1",
        "revenue": 0,
        "costOfRevenue": 0,
        "grossProfit": 0,
        "grossProfitRatio": 0,
        "researchAndDevelopmentExpenses": 0,
        "generalAndAdministrativeExpenses": 8791208,
        "sellingAndMarketingExpenses": 0,
        "sellingGeneralAndAdministrativeExpenses": 8791208,
        "otherExpenses": -8791.208790998906,
        "operatingExpenses": 8782417,
        "costAndExpenses": 8782417,
        "interestIncome": 127960,
        "interestExpense": 2139194,
        "depreciationAndAmortization": 9768.009768,
        "ebitda": -9718000,
        "ebitdaratio": 0,
        "operatingIncome": -6423443.223443,
        "operatingIncomeRatio": 0,
        "totalOtherIncomeExpensesNet": -7038827.838828001,
        "incomeBeforeTax": -13462271.062271,
        "incomeBeforeTaxRatio": 0,
        "incomeTaxExpense": 7038827,
        "netIncome": -13462271.062271,
        "netIncomeRatio": 0,
        "eps": -0.0444,
        "epsdiluted": -0.0444,
        "weightedAverageShsOut": 303126000,
        "weightedAverageShsOutDil": 303126000,
        "link": "https://www.sec.gov/Archives/edgar/data/1173420/000119907313000336/0001199073-13-000336-index.htm",
        "finalLink": "https://www.sec.gov/Archives/edgar/data/1173420/000119907313000336/exh99_1.htm"
    },
    {
        "date": "2012-11-30",
        "symbol": "NG",
        "reportedCurrency": "USD",
        "cik": "0001173420",
        "fillingDate": "2012-11-30",
        "acceptedDate": "2012-11-30 00:00:00",
        "calendarYear": "2012",
        "period": "Q4",
        "revenue": 0,
        "costOfRevenue": 7346856,
        "grossProfit": -7346856,
        "grossProfitRatio": 0,
        "researchAndDevelopmentExpenses": 0,
        "generalAndAdministrativeExpenses": 8682125,
        "sellingAndMarketingExpenses": 0,
        "sellingGeneralAndAdministrativeExpenses": 8682125,
        "otherExpenses": -870312.3239450008,
        "operatingExpenses": 7811813,
        "costAndExpenses": 15158669,
        "interestIncome": 174757,
        "interestExpense": 3982978,
        "depreciationAndAmortization": 66360,
        "ebitda": -20472436.602962,
        "ebitdaratio": 0,
        "operatingIncome": -13991377.791461,
        "operatingIncomeRatio": 0,
        "totalOtherIncomeExpensesNet": -10530397.973775001,
        "incomeBeforeTax": -24521775.765236,
        "incomeBeforeTaxRatio": 0,
        "incomeTaxExpense": -2438871.432948,
        "netIncome": -22082904.332288,
        "netIncomeRatio": 0,
        "eps": -0.0789,
        "epsdiluted": -0.0789,
        "weightedAverageShsOut": 279715000,
        "weightedAverageShsOutDil": 279715000,
        "link": null,
        "finalLink": null
    },
    {
        "date": "2012-08-31",
        "symbol": "NG",
        "reportedCurrency": "USD",
        "cik": "0001173420",
        "fillingDate": "2012-10-11",
        "acceptedDate": "2012-10-11 07:17:16",
        "calendarYear": "2012",
        "period": "Q3",
        "revenue": 0,
        "costOfRevenue": 0,
        "grossProfit": 0,
        "grossProfitRatio": 0,
        "researchAndDevelopmentExpenses": 0,
        "generalAndAdministrativeExpenses": 9884698,
        "sellingAndMarketingExpenses": 0,
        "sellingGeneralAndAdministrativeExpenses": 9884698,
        "otherExpenses": 93650,
        "operatingExpenses": 9978349,
        "costAndExpenses": 9978349,
        "interestIncome": 169175,
        "interestExpense": 4021952,
        "depreciationAndAmortization": 18125,
        "ebitda": -19956699.058456,
        "ebitdaratio": 0,
        "operatingIncome": -31604652.333719,
        "operatingIncomeRatio": 0,
        "totalOtherIncomeExpensesNet": 6383364,
        "incomeBeforeTax": -23996777.60435,
        "incomeBeforeTaxRatio": 0,
        "incomeTaxExpense": -2389607.77403,
        "netIncome": -21607169.830321,
        "netIncomeRatio": 0,
        "eps": -0.0772,
        "epsdiluted": -0.0772,
        "weightedAverageShsOut": 279715000,
        "weightedAverageShsOutDil": 279715000,
        "link": "https://www.sec.gov/Archives/edgar/data/1173420/000106299312004041/0001062993-12-004041-index.htm",
        "finalLink": "https://www.sec.gov/Archives/edgar/data/1173420/000106299312004041/exhibit99-1.htm"
    },
    {
        "date": "2012-05-31",
        "symbol": "NG",
        "reportedCurrency": "USD",
        "cik": "0001173420",
        "fillingDate": "2012-05-31",
        "acceptedDate": "2012-05-31 00:00:00",
        "calendarYear": "2012",
        "period": "Q2",
        "revenue": 0,
        "costOfRevenue": 2270786,
        "grossProfit": -2270786,
        "grossProfitRatio": 0,
        "researchAndDevelopmentExpenses": 159149,
        "generalAndAdministrativeExpenses": 8917203,
        "sellingAndMarketingExpenses": 0,
        "sellingGeneralAndAdministrativeExpenses": 8917203,
        "otherExpenses": 11477175,
        "operatingExpenses": 20553528,
        "costAndExpenses": 22824314,
        "interestIncome": 525968,
        "interestExpense": 3702158,
        "depreciationAndAmortization": 107716,
        "ebitda": 94218228,
        "ebitdaratio": 0,
        "operatingIncome": -6134034.624641,
        "operatingIncomeRatio": 0,
        "totalOtherIncomeExpensesNet": 96542387,
        "incomeBeforeTax": 90408353,
        "incomeBeforeTaxRatio": 0,
        "incomeTaxExpense": -1042232.745905,
        "netIncome": 91450586,
        "netIncomeRatio": 0,
        "eps": 0.33,
        "epsdiluted": 0.25,
        "weightedAverageShsOut": 278936000,
        "weightedAverageShsOutDil": 310256000,
        "link": null,
        "finalLink": null
    },
    {
        "date": "2012-02-29",
        "symbol": "NG",
        "reportedCurrency": "USD",
        "cik": "0001173420",
        "fillingDate": "2012-02-29",
        "acceptedDate": "2012-02-29 00:00:00",
        "calendarYear": "2012",
        "period": "Q1",
        "revenue": 0,
        "costOfRevenue": 2588938,
        "grossProfit": -2588938,
        "grossProfitRatio": 0,
        "researchAndDevelopmentExpenses": 72417,
        "generalAndAdministrativeExpenses": 15974170,
        "sellingAndMarketingExpenses": 0,
        "sellingGeneralAndAdministrativeExpenses": 15974170,
        "otherExpenses": 10330607,
        "operatingExpenses": 26377196,
        "costAndExpenses": 28966134,
        "interestIncome": 632650,
        "interestExpense": 3827082,
        "depreciationAndAmortization": 137795,
        "ebitda": 18156764,
        "ebitdaratio": 0,
        "operatingIncome": 19675527,
        "operatingIncomeRatio": 0,
        "totalOtherIncomeExpensesNet": 43395390,
        "incomeBeforeTax": 15848445,
        "incomeBeforeTaxRatio": 0,
        "incomeTaxExpense": -1017873.127948,
        "netIncome": 16866318,
        "netIncomeRatio": 0,
        "eps": 0.0704,
        "epsdiluted": -0.0101,
        "weightedAverageShsOut": 249997000,
        "weightedAverageShsOutDil": 254364000,
        "link": null,
        "finalLink": null
    },
    {
        "date": "2011-11-30",
        "symbol": "NG",
        "reportedCurrency": "USD",
        "cik": "0001173420",
        "fillingDate": "2011-12-16",
        "acceptedDate": "2011-12-16 15:13:31",
        "calendarYear": "2011",
        "period": "Q4",
        "revenue": 92104,
        "costOfRevenue": -16783887.06126,
        "grossProfit": 16875991,
        "grossProfitRatio": 183.2275579779,
        "researchAndDevelopmentExpenses": 72549,
        "generalAndAdministrativeExpenses": 65262357,
        "sellingAndMarketingExpenses": 0,
        "sellingGeneralAndAdministrativeExpenses": 65262357,
        "otherExpenses": -18175826.600254998,
        "operatingExpenses": 47159080,
        "costAndExpenses": 30375193,
        "interestIncome": 47808,
        "interestExpense": 2998475,
        "depreciationAndAmortization": 1581398,
        "ebitda": -28653882.510796,
        "ebitdaratio": -311.1035623946,
        "operatingIncome": -782996.55551,
        "operatingIncomeRatio": -8.501222048,
        "totalOtherIncomeExpensesNet": -39702637.082344,
        "incomeBeforeTax": -40485633.637854,
        "incomeBeforeTaxRatio": -439.564336379,
        "incomeTaxExpense": 354535,
        "netIncome": -30789874.831502,
        "netIncomeRatio": -334.2946542116,
        "eps": -0.13,
        "epsdiluted": -0.13,
        "weightedAverageShsOut": 238577000,
        "weightedAverageShsOutDil": 238577000,
        "link": "https://www.sec.gov/Archives/edgar/data/1173420/000106299311004946/0001062993-11-004946-index.htm",
        "finalLink": "https://www.sec.gov/Archives/edgar/data/1173420/000106299311004946/exhibit99-1.htm"
    },
    {
        "date": "2011-08-31",
        "symbol": "NG",
        "reportedCurrency": "USD",
        "cik": "0001173420",
        "fillingDate": "2011-08-31",
        "acceptedDate": "2011-08-30 20:00:00",
        "calendarYear": "2011",
        "period": "Q3",
        "revenue": 82741,
        "costOfRevenue": 5254609,
        "grossProfit": -5171868,
        "grossProfitRatio": -62.5067137211,
        "researchAndDevelopmentExpenses": 88870,
        "generalAndAdministrativeExpenses": 6656111,
        "sellingAndMarketingExpenses": 0,
        "sellingGeneralAndAdministrativeExpenses": 6656111,
        "otherExpenses": 22571122,
        "operatingExpenses": 29316103,
        "costAndExpenses": 34570713,
        "interestIncome": 84784,
        "interestExpense": 4103376,
        "depreciationAndAmortization": -876732.539922,
        "ebitda": -51020253.659489,
        "ebitdaratio": -616.6260216759,
        "operatingIncome": -37483017.51877,
        "operatingIncomeRatio": -453.0162497283,
        "totalOtherIncomeExpensesNet": -17790489.810511,
        "incomeBeforeTax": -63920527.095357,
        "incomeBeforeTaxRatio": -772.5375218496,
        "incomeTaxExpense": -113386.791971,
        "netIncome": -57742479.186884,
        "netIncomeRatio": -697.8702117074,
        "eps": -0.24,
        "epsdiluted": -0.24,
        "weightedAverageShsOut": 238577000,
        "weightedAverageShsOutDil": 238577000,
        "link": "",
        "finalLink": ""
    },
    {
        "date": "2011-05-31",
        "symbol": "NG",
        "reportedCurrency": "USD",
        "cik": "0001173420",
        "fillingDate": "2011-05-31",
        "acceptedDate": "2011-05-30 20:00:00",
        "calendarYear": "2011",
        "period": "Q2",
        "revenue": 197573,
        "costOfRevenue": 6553718,
        "grossProfit": -6356145,
        "grossProfitRatio": -32.1711215601,
        "researchAndDevelopmentExpenses": 212929,
        "generalAndAdministrativeExpenses": 6828069,
        "sellingAndMarketingExpenses": 0,
        "sellingGeneralAndAdministrativeExpenses": 6828069,
        "otherExpenses": 10375185,
        "operatingExpenses": 17416184,
        "costAndExpenses": 23969903,
        "interestIncome": 586579,
        "interestExpense": 3644367,
        "depreciationAndAmortization": 90134,
        "ebitda": 9887954,
        "ebitdaratio": 50.0470914548,
        "operatingIncome": -26995956.390439,
        "operatingIncomeRatio": -136.6378826583,
        "totalOtherIncomeExpensesNet": 46012181,
        "incomeBeforeTax": -10504171.571889,
        "incomeBeforeTaxRatio": -53.1660276044,
        "incomeTaxExpense": 307109,
        "netIncome": -7243691.457235,
        "netIncomeRatio": -36.6633672477,
        "eps": -0.031,
        "epsdiluted": -0.0261,
        "weightedAverageShsOut": 233995000,
        "weightedAverageShsOutDil": 277616000,
        "link": "",
        "finalLink": ""
    },
    {
        "date": "2011-02-28",
        "symbol": "NG",
        "reportedCurrency": "USD",
        "cik": "0001173420",
        "fillingDate": "2011-02-28",
        "acceptedDate": "2011-02-27 19:00:00",
        "calendarYear": "2011",
        "period": "Q1",
        "revenue": 16359,
        "costOfRevenue": 5210633,
        "grossProfit": -5194274,
        "grossProfitRatio": -317.5178189376,
        "researchAndDevelopmentExpenses": 110429,
        "generalAndAdministrativeExpenses": 7323108,
        "sellingAndMarketingExpenses": 0,
        "sellingGeneralAndAdministrativeExpenses": 7323108,
        "otherExpenses": 7350715,
        "operatingExpenses": 14784253,
        "costAndExpenses": 19994887,
        "interestIncome": 140081,
        "interestExpense": 3815950,
        "depreciationAndAmortization": 41922,
        "ebitda": 20396728,
        "ebitdaratio": 1246.8199767712,
        "operatingIncome": -22639059.304703,
        "operatingIncomeRatio": -1383.8901708358,
        "totalOtherIncomeExpensesNet": 39201431,
        "incomeBeforeTax": -76491820.0409,
        "incomeBeforeTaxRatio": -4675.8249306742,
        "incomeTaxExpense": -7620654.396728,
        "netIncome": -52608384.458078,
        "netIncomeRatio": -3215.867990591,
        "eps": -0.23,
        "epsdiluted": -0.22,
        "weightedAverageShsOut": 232084000,
        "weightedAverageShsOutDil": 239145000,
        "link": "",
        "finalLink": ""
    },
    {
        "date": "2010-11-30",
        "symbol": "NG",
        "reportedCurrency": "USD",
        "cik": "0001173420",
        "fillingDate": "2010-11-30",
        "acceptedDate": "2010-11-29 19:00:00",
        "calendarYear": "2010",
        "period": "Q4",
        "revenue": 184853,
        "costOfRevenue": -18686962.369315,
        "grossProfit": 18871815,
        "grossProfitRatio": 102.0909317133,
        "researchAndDevelopmentExpenses": 348023,
        "generalAndAdministrativeExpenses": 30941874,
        "sellingAndMarketingExpenses": 0,
        "sellingGeneralAndAdministrativeExpenses": 30941874,
        "otherExpenses": -8872366.738866001,
        "operatingExpenses": 22417531,
        "costAndExpenses": 3730568,
        "interestIncome": 247204,
        "interestExpense": 4201204,
        "depreciationAndAmortization": 69908,
        "ebitda": -15842380.793305,
        "ebitdaratio": -85.7025895891,
        "operatingIncome": 4526838,
        "operatingIncomeRatio": 24.4888533051,
        "totalOtherIncomeExpensesNet": -27816463.070121,
        "incomeBeforeTax": -23289625.070121,
        "incomeBeforeTaxRatio": -125.989976198,
        "incomeTaxExpense": -80679.900134,
        "netIncome": -27954324.272213,
        "netIncomeRatio": -151.2246177893,
        "eps": -0.13,
        "epsdiluted": -0.13,
        "weightedAverageShsOut": 223407000,
        "weightedAverageShsOutDil": 223407000,
        "link": "",
        "finalLink": ""
    },
    {
        "date": "2010-08-31",
        "symbol": "NG",
        "reportedCurrency": "USD",
        "cik": "0001173420",
        "fillingDate": "2010-08-31",
        "acceptedDate": "2010-08-30 20:00:00",
        "calendarYear": "2010",
        "period": "Q3",
        "revenue": 314975,
        "costOfRevenue": 6244813,
        "grossProfit": -5929838,
        "grossProfitRatio": -18.8263766966,
        "researchAndDevelopmentExpenses": 288570,
        "generalAndAdministrativeExpenses": 3505281,
        "sellingAndMarketingExpenses": 0,
        "sellingGeneralAndAdministrativeExpenses": 3505281,
        "otherExpenses": 12895133,
        "operatingExpenses": 16688985,
        "costAndExpenses": 22933798,
        "interestIncome": 120709,
        "interestExpense": 3689173,
        "depreciationAndAmortization": 156038,
        "ebitda": -22342074.953068,
        "ebitdaratio": -70.9328516646,
        "operatingIncome": -26313655.224444,
        "operatingIncomeRatio": -83.5420437319,
        "totalOtherIncomeExpensesNet": -116719162.580158,
        "incomeBeforeTax": -143031874.76424,
        "incomeBeforeTaxRatio": -454.1054838138,
        "incomeTaxExpense": -750660.128253,
        "netIncome": -139190871.369295,
        "netIncomeRatio": -441.9108544148,
        "eps": -0.62,
        "epsdiluted": -0.62,
        "weightedAverageShsOut": 223407000,
        "weightedAverageShsOutDil": 223407000,
        "link": "",
        "finalLink": ""
    },
    {
        "date": "2010-05-31",
        "symbol": "NG",
        "reportedCurrency": "USD",
        "cik": "0001173420",
        "fillingDate": "2010-05-31",
        "acceptedDate": "2010-05-30 20:00:00",
        "calendarYear": "2010",
        "period": "Q2",
        "revenue": 181969,
        "costOfRevenue": 5256274,
        "grossProfit": -5074305,
        "grossProfitRatio": -27.8855464392,
        "researchAndDevelopmentExpenses": 409432,
        "generalAndAdministrativeExpenses": 5298923,
        "sellingAndMarketingExpenses": 0,
        "sellingGeneralAndAdministrativeExpenses": 5298923,
        "otherExpenses": 4964364,
        "operatingExpenses": 10672719,
        "costAndExpenses": 15928993,
        "interestIncome": 118469,
        "interestExpense": 3571157,
        "depreciationAndAmortization": 231976,
        "ebitda": -14510422.627771,
        "ebitdaratio": -79.7411791446,
        "operatingIncome": -16191523.239063,
        "operatingIncomeRatio": -88.9795692621,
        "totalOtherIncomeExpensesNet": 0,
        "incomeBeforeTax": -15186898.17272,
        "incomeBeforeTaxRatio": -83.4587109492,
        "incomeTaxExpense": -256842.823565,
        "netIncome": -14930055.349155,
        "netIncomeRatio": -82.0472462296,
        "eps": -0.0688,
        "epsdiluted": -0.0688,
        "weightedAverageShsOut": 217112000,
        "weightedAverageShsOutDil": 217112000,
        "link": "",
        "finalLink": ""
    },
    {
        "date": "2010-02-28",
        "symbol": "NG",
        "reportedCurrency": "USD",
        "cik": "0001173420",
        "fillingDate": "2010-02-28",
        "acceptedDate": "2010-02-28 00:00:00",
        "calendarYear": "2010",
        "period": "Q1",
        "revenue": 24735,
        "costOfRevenue": 7531157,
        "grossProfit": -7506422,
        "grossProfitRatio": -303.4737012331,
        "researchAndDevelopmentExpenses": 206450,
        "generalAndAdministrativeExpenses": 4716011,
        "sellingAndMarketingExpenses": 0,
        "sellingGeneralAndAdministrativeExpenses": 4716011,
        "otherExpenses": 2574445,
        "operatingExpenses": 7496908,
        "costAndExpenses": 15028065,
        "interestIncome": 80867,
        "interestExpense": 3483017,
        "depreciationAndAmortization": 58985,
        "ebitda": -14967177.242888,
        "ebitdaratio": -605.1011620331,
        "operatingIncome": -18520597.469318,
        "operatingIncomeRatio": -748.760762859,
        "totalOtherIncomeExpensesNet": 0,
        "incomeBeforeTax": -17859385.405765,
        "incomeBeforeTaxRatio": -722.0289228124,
        "incomeTaxExpense": -52326.134526,
        "netIncome": -17807059.27124,
        "netIncomeRatio": -719.9134534562,
        "eps": -0.0948,
        "epsdiluted": -0.0948,
        "weightedAverageShsOut": 187867000,
        "weightedAverageShsOutDil": 187867000,
        "link": null,
        "finalLink": null
    },
    {
        "date": "2009-11-30",
        "symbol": "NG",
        "reportedCurrency": "USD",
        "cik": "0001173420",
        "fillingDate": "2009-12-07",
        "acceptedDate": "2009-12-07 17:28:27",
        "calendarYear": "2009",
        "period": "Q4",
        "revenue": 694929,
        "costOfRevenue": 15493161,
        "grossProfit": -14798232,
        "grossProfitRatio": -21.294595563,
        "researchAndDevelopmentExpenses": 433208,
        "generalAndAdministrativeExpenses": 5396187,
        "sellingAndMarketingExpenses": 0,
        "sellingGeneralAndAdministrativeExpenses": 5396187,
        "otherExpenses": -10097382.059504,
        "operatingExpenses": -4267986.483702,
        "costAndExpenses": 11225175,
        "interestIncome": 71853,
        "interestExpense": 2999053,
        "depreciationAndAmortization": 59492,
        "ebitda": -22432206.060891,
        "ebitdaratio": -32.2798531374,
        "operatingIncome": -24305834.042275,
        "operatingIncomeRatio": -34.9759961698,
        "totalOtherIncomeExpensesNet": -67591412.451346,
        "incomeBeforeTax": -25490752.708203,
        "incomeBeforeTaxRatio": -36.6810893029,
        "incomeTaxExpense": -3025985.351884,
        "netIncome": -22464767.356318,
        "netIncomeRatio": -32.3267087088,
        "eps": -0.12,
        "epsdiluted": -0.12,
        "weightedAverageShsOut": 184813000,
        "weightedAverageShsOutDil": 189911000,
        "link": "https://www.sec.gov/Archives/edgar/data/1173420/000106299309004274/0001062993-09-004274-index.htm",
        "finalLink": "https://www.sec.gov/Archives/edgar/data/1173420/000106299309004274/exhibit99-1.htm"
    },
    {
        "date": "2009-08-31",
        "symbol": "NG",
        "reportedCurrency": "USD",
        "cik": "0001173420",
        "fillingDate": "2009-08-31",
        "acceptedDate": "2009-08-30 20:00:00",
        "calendarYear": "2009",
        "period": "Q3",
        "revenue": 302214,
        "costOfRevenue": 8000913,
        "grossProfit": -7698699,
        "grossProfitRatio": -25.4743294487,
        "researchAndDevelopmentExpenses": 487559,
        "generalAndAdministrativeExpenses": 4101346,
        "sellingAndMarketingExpenses": 0,
        "sellingGeneralAndAdministrativeExpenses": 4101346,
        "otherExpenses": 3438484,
        "operatingExpenses": 8027391,
        "costAndExpenses": 16028304,
        "interestIncome": 96781,
        "interestExpense": 3146313,
        "depreciationAndAmortization": 34891,
        "ebitda": -16179671.391685,
        "ebitdaratio": -53.5371339239,
        "operatingIncome": -18875142.661493,
        "operatingIncomeRatio": -62.4562153358,
        "totalOtherIncomeExpensesNet": -485733.85071900114,
        "incomeBeforeTax": -17240812.599863,
        "incomeBeforeTaxRatio": -57.0483584475,
        "incomeTaxExpense": -703035.836567,
        "netIncome": -16537776.763296,
        "netIncomeRatio": -54.7220736409,
        "eps": -0.0871,
        "epsdiluted": -0.0871,
        "weightedAverageShsOut": 189911000,
        "weightedAverageShsOutDil": 189911000,
        "link": "",
        "finalLink": ""
    },
    {
        "date": "2009-05-31",
        "symbol": "NG",
        "reportedCurrency": "USD",
        "cik": "0001173420",
        "fillingDate": "2009-05-31",
        "acceptedDate": "2009-05-30 20:00:00",
        "calendarYear": "2009",
        "period": "Q2",
        "revenue": 341284,
        "costOfRevenue": 6317431,
        "grossProfit": -5976147,
        "grossProfitRatio": -17.5107740181,
        "researchAndDevelopmentExpenses": 417431,
        "generalAndAdministrativeExpenses": 8565137,
        "sellingAndMarketingExpenses": 0,
        "sellingGeneralAndAdministrativeExpenses": 8565137,
        "otherExpenses": -10722935.779817,
        "operatingExpenses": -1740366.972477,
        "costAndExpenses": 4577064,
        "interestIncome": 133944,
        "interestExpense": 3820183,
        "depreciationAndAmortization": 92535,
        "ebitda": -4143244.557867,
        "ebitdaratio": -12.1401664241,
        "operatingIncome": -8055963.302752,
        "operatingIncomeRatio": -23.6048666294,
        "totalOtherIncomeExpensesNet": 2616513,
        "incomeBeforeTax": -5439449.541284,
        "incomeBeforeTaxRatio": -15.9381908946,
        "incomeTaxExpense": -1064220.183486,
        "netIncome": -4375229.357798,
        "netIncomeRatio": -12.8199076364,
        "eps": -0.024,
        "epsdiluted": -0.024,
        "weightedAverageShsOut": 182213000,
        "weightedAverageShsOutDil": 182213000,
        "link": "",
        "finalLink": ""
    },
    {
        "date": "2009-02-28",
        "symbol": "NG",
        "reportedCurrency": "USD",
        "cik": "0001173420",
        "fillingDate": "2009-02-28",
        "acceptedDate": "2009-02-27 19:00:00",
        "calendarYear": "2009",
        "period": "Q1",
        "revenue": 351036,
        "costOfRevenue": 72007,
        "grossProfit": 279029,
        "grossProfitRatio": 0.7948728905,
        "researchAndDevelopmentExpenses": 0,
        "generalAndAdministrativeExpenses": 0,
        "sellingAndMarketingExpenses": 0,
        "sellingGeneralAndAdministrativeExpenses": 10414066,
        "otherExpenses": 5034516,
        "operatingExpenses": 15448582,
        "costAndExpenses": 15520589,
        "interestIncome": 77192,
        "interestExpense": 8080827,
        "depreciationAndAmortization": 57006,
        "ebitda": -16709070.142964,
        "ebitdaratio": -47.5993064613,
        "operatingIncome": -15169553.778898,
        "operatingIncomeRatio": -43.2136697629,
        "totalOtherIncomeExpensesNet": -8080416.683077,
        "incomeBeforeTax": -23250381.631287,
        "incomeBeforeTaxRatio": -66.2336103171,
        "incomeTaxExpense": -814083.730456,
        "netIncome": -22435297.546375,
        "netIncomeRatio": -63.9116715846,
        "eps": -0.16,
        "epsdiluted": -0.16,
        "weightedAverageShsOut": 139038000,
        "weightedAverageShsOutDil": 139038000,
        "link": "",
        "finalLink": ""
    },
    {
        "date": "2008-11-30",
        "symbol": "NG",
        "reportedCurrency": "USD",
        "cik": "0001173420",
        "fillingDate": "2008-11-30",
        "acceptedDate": "2008-11-29 19:00:00",
        "calendarYear": "2008",
        "period": "Q4",
        "revenue": 240126,
        "costOfRevenue": 39870668,
        "grossProfit": -39630542,
        "grossProfitRatio": -165.040612012,
        "researchAndDevelopmentExpenses": 0,
        "generalAndAdministrativeExpenses": 0,
        "sellingAndMarketingExpenses": 0,
        "sellingGeneralAndAdministrativeExpenses": 6180723,
        "otherExpenses": -4949290.108516,
        "operatingExpenses": 1231433,
        "costAndExpenses": 41102102,
        "interestIncome": 0,
        "interestExpense": 153809891,
        "depreciationAndAmortization": -153809891.220706,
        "ebitda": -40861975.700402,
        "ebitdaratio": -170.168893416,
        "operatingIncome": -35771440.070165,
        "operatingIncomeRatio": -148.9694579936,
        "totalOtherIncomeExpensesNet": -153810888.88557398,
        "incomeBeforeTax": -189582328.955739,
        "incomeBeforeTaxRatio": -789.5118769135,
        "incomeTaxExpense": 1633110,
        "netIncome": -191214441.411126,
        "netIncomeRatio": -796.308777105,
        "eps": -1.82,
        "epsdiluted": -1.82,
        "weightedAverageShsOut": 105170000,
        "weightedAverageShsOutDil": 105170000,
        "link": "",
        "finalLink": ""
    },
    {
        "date": "2008-08-31",
        "symbol": "NG",
        "reportedCurrency": "USD",
        "cik": "0001173420",
        "fillingDate": "2008-08-31",
        "acceptedDate": "2008-08-30 20:00:00",
        "calendarYear": "2008",
        "period": "Q3",
        "revenue": 1404975,
        "costOfRevenue": 62042,
        "grossProfit": 1342933,
        "grossProfitRatio": 0.9558412071,
        "researchAndDevelopmentExpenses": 0,
        "generalAndAdministrativeExpenses": 0,
        "sellingAndMarketingExpenses": 0,
        "sellingGeneralAndAdministrativeExpenses": 7634301,
        "otherExpenses": 247172,
        "operatingExpenses": 7881473,
        "costAndExpenses": 7943515,
        "interestIncome": 964887,
        "interestExpense": 0,
        "depreciationAndAmortization": 22211423,
        "ebitda": 771755,
        "ebitdaratio": 0.549301589,
        "operatingIncome": -11629074.649346,
        "operatingIncomeRatio": -8.2770687374,
        "totalOtherIncomeExpensesNet": 12334147,
        "incomeBeforeTax": 15672883,
        "incomeBeforeTaxRatio": 11.1552753608,
        "incomeTaxExpense": -65044.714299,
        "netIncome": 15737928,
        "netIncomeRatio": 11.2015715582,
        "eps": 0.0188,
        "epsdiluted": 0.0188,
        "weightedAverageShsOut": 105170000,
        "weightedAverageShsOutDil": 107289000,
        "link": "",
        "finalLink": ""
    },
    {
        "date": "2008-05-31",
        "symbol": "NG",
        "reportedCurrency": "USD",
        "cik": "0001173420",
        "fillingDate": "2008-05-31",
        "acceptedDate": "2008-05-30 20:00:00",
        "calendarYear": "2008",
        "period": "Q2",
        "revenue": 295156,
        "costOfRevenue": 18009,
        "grossProfit": 277147,
        "grossProfitRatio": 0.938984808,
        "researchAndDevelopmentExpenses": 0,
        "generalAndAdministrativeExpenses": 0,
        "sellingAndMarketingExpenses": 0,
        "sellingGeneralAndAdministrativeExpenses": 7976224,
        "otherExpenses": 208110,
        "operatingExpenses": 8184334,
        "costAndExpenses": 8202344,
        "interestIncome": 205169,
        "interestExpense": 560296,
        "depreciationAndAmortization": 68864,
        "ebitda": -25169295.12916,
        "ebitdaratio": -85.2745501672,
        "operatingIncome": -7907187.971437,
        "operatingIncomeRatio": -26.7898601805,
        "totalOtherIncomeExpensesNet": 192094,
        "incomeBeforeTax": -8467484.662577,
        "incomeBeforeTaxRatio": -28.6881671475,
        "incomeTaxExpense": -445235.844313,
        "netIncome": -8021248.114251,
        "netIncomeRatio": -27.1763003776,
        "eps": -0.0763,
        "epsdiluted": -0.0763,
        "weightedAverageShsOut": 105152000,
        "weightedAverageShsOutDil": 105152000,
        "link": "",
        "finalLink": ""
    },
    {
        "date": "2008-02-29",
        "symbol": "NG",
        "reportedCurrency": "USD",
        "cik": "0001173420",
        "fillingDate": "2008-02-29",
        "acceptedDate": "2008-02-29 00:00:00",
        "calendarYear": "2008",
        "period": "Q1",
        "revenue": 1749493,
        "costOfRevenue": 3009.896949,
        "grossProfit": 1746483,
        "grossProfitRatio": 0.9982795015,
        "researchAndDevelopmentExpenses": 0,
        "generalAndAdministrativeExpenses": 0,
        "sellingAndMarketingExpenses": 0,
        "sellingGeneralAndAdministrativeExpenses": 4163073,
        "otherExpenses": 62195,
        "operatingExpenses": 4225268,
        "costAndExpenses": 4228278,
        "interestIncome": 0,
        "interestExpense": 0,
        "depreciationAndAmortization": 66207,
        "ebitda": -6293764.921947,
        "ebitdaratio": -3.5974793394,
        "operatingIncome": -2478783.797572,
        "operatingIncomeRatio": -1.4168583684,
        "totalOtherIncomeExpensesNet": 37156682,
        "incomeBeforeTax": 30796710,
        "incomeBeforeTaxRatio": 17.6032199043,
        "incomeTaxExpense": 2262103,
        "netIncome": 28534606,
        "netIncomeRatio": 16.310214445,
        "eps": 0.23,
        "epsdiluted": 0.22,
        "weightedAverageShsOut": 105055722,
        "weightedAverageShsOutDil": 109830982,
        "link": null,
        "finalLink": null
    },
    {
        "date": "2007-11-30",
        "symbol": "NG",
        "reportedCurrency": "USD",
        "cik": "0001173420",
        "fillingDate": "2007-11-30",
        "acceptedDate": "2007-11-30 00:00:00",
        "calendarYear": "2007",
        "period": "Q4",
        "revenue": 2064007,
        "costOfRevenue": 61264,
        "grossProfit": 2002743,
        "grossProfitRatio": 0.9703179301,
        "researchAndDevelopmentExpenses": 0,
        "generalAndAdministrativeExpenses": 0,
        "sellingAndMarketingExpenses": 0,
        "sellingGeneralAndAdministrativeExpenses": 98077270,
        "otherExpenses": 284543,
        "operatingExpenses": 98361814,
        "costAndExpenses": 98423078,
        "interestIncome": 0,
        "interestExpense": 0,
        "depreciationAndAmortization": 82486,
        "ebitda": -96276584.062981,
        "ebitdaratio": -46.6454736166,
        "operatingIncome": -96359070.587683,
        "operatingIncomeRatio": -46.6854378826,
        "totalOtherIncomeExpensesNet": 47498237,
        "incomeBeforeTax": -48860832.860196,
        "incomeBeforeTaxRatio": -23.672803852,
        "incomeTaxExpense": -15697339.170801,
        "netIncome": -33163493.689395,
        "netIncomeRatio": -16.0675296592,
        "eps": -0.32,
        "epsdiluted": -0.32,
        "weightedAverageShsOut": 104603000,
        "weightedAverageShsOutDil": 104603000,
        "link": null,
        "finalLink": null
    },
    {
        "date": "2007-08-31",
        "symbol": "NG",
        "reportedCurrency": "USD",
        "cik": "0001173420",
        "fillingDate": "2007-08-31",
        "acceptedDate": "2007-08-30 20:00:00",
        "calendarYear": "2007",
        "period": "Q3",
        "revenue": 2122311,
        "costOfRevenue": 64918,
        "grossProfit": 2057393,
        "grossProfitRatio": 0.9694116461,
        "researchAndDevelopmentExpenses": 0,
        "generalAndAdministrativeExpenses": 0,
        "sellingAndMarketingExpenses": 0,
        "sellingGeneralAndAdministrativeExpenses": 5812636,
        "otherExpenses": 405486,
        "operatingExpenses": 6218122,
        "costAndExpenses": 6283040,
        "interestIncome": 0,
        "interestExpense": 941807,
        "depreciationAndAmortization": 73712,
        "ebitda": -4087016.572043,
        "ebitdaratio": -1.9257387687,
        "operatingIncome": -4160728.959576,
        "operatingIncomeRatio": -1.9604709016,
        "totalOtherIncomeExpensesNet": -941807.2517279997,
        "incomeBeforeTax": -5102536.211304,
        "incomeBeforeTaxRatio": -2.4042358595,
        "incomeTaxExpense": -1165523.998864,
        "netIncome": -3937013.15914,
        "netIncomeRatio": -1.855059489,
        "eps": -0.0376,
        "epsdiluted": -0.0376,
        "weightedAverageShsOut": 104603000,
        "weightedAverageShsOutDil": 104603000,
        "link": null,
        "finalLink": null
    },
    {
        "date": "2007-05-31",
        "symbol": "NG",
        "reportedCurrency": "USD",
        "cik": "0001173420",
        "fillingDate": "2007-10-17",
        "acceptedDate": "2007-10-17 15:49:31",
        "calendarYear": "2007",
        "period": "Q2",
        "revenue": 1846427,
        "costOfRevenue": 27006,
        "grossProfit": 1819421,
        "grossProfitRatio": 0.9853739141,
        "researchAndDevelopmentExpenses": 0,
        "generalAndAdministrativeExpenses": 0,
        "sellingAndMarketingExpenses": 0,
        "sellingGeneralAndAdministrativeExpenses": 5289223,
        "otherExpenses": 192044,
        "operatingExpenses": 5481268,
        "costAndExpenses": 5508274,
        "interestIncome": 0,
        "interestExpense": 0,
        "depreciationAndAmortization": 71038,
        "ebitda": -3590808.658182,
        "ebitdaratio": -1.944733617,
        "operatingIncome": -3661847.592333,
        "operatingIncomeRatio": -1.9832073471,
        "totalOtherIncomeExpensesNet": 1277295,
        "incomeBeforeTax": -2384551.659654,
        "incomeBeforeTaxRatio": -1.2914410695,
        "incomeTaxExpense": 619143,
        "netIncome": -3003695.184666,
        "netIncomeRatio": -1.6267608655,
        "eps": -0.0309,
        "epsdiluted": -0.0309,
        "weightedAverageShsOut": 97182000,
        "weightedAverageShsOutDil": 97182000,
        "link": "https://www.sec.gov/Archives/edgar/data/1173420/000094523407000623/0000945234-07-000623-index.htm",
        "finalLink": "https://www.sec.gov/Archives/edgar/data/1173420/000094523407000623/o38039e6vkza.htm"
    },
    {
        "date": "2007-02-28",
        "symbol": "NG",
        "reportedCurrency": "USD",
        "cik": "0001173420",
        "fillingDate": "2007-04-17",
        "acceptedDate": "2007-04-17 15:18:57",
        "calendarYear": "2007",
        "period": "Q1",
        "revenue": 917862,
        "costOfRevenue": 9998.718442,
        "grossProfit": 907863,
        "grossProfitRatio": 0.9891062055,
        "researchAndDevelopmentExpenses": 0,
        "generalAndAdministrativeExpenses": 0,
        "sellingAndMarketingExpenses": 0,
        "sellingGeneralAndAdministrativeExpenses": 4215369,
        "otherExpenses": 32995,
        "operatingExpenses": 4248365,
        "costAndExpenses": 4258363,
        "interestIncome": 0,
        "interestExpense": 1099834,
        "depreciationAndAmortization": 58990,
        "ebitda": -3281510.530138,
        "ebitdaratio": -3.5751676506,
        "operatingIncome": -3340500.662138,
        "operatingIncomeRatio": -3.639436715,
        "totalOtherIncomeExpensesNet": -1099835.106156,
        "incomeBeforeTax": -4440335.768294,
        "incomeBeforeTaxRatio": -4.8376943029,
        "incomeTaxExpense": -286957.153232,
        "netIncome": -4153378.615063,
        "netIncomeRatio": -4.5250578138,
        "eps": -0.0453,
        "epsdiluted": -0.0453,
        "weightedAverageShsOut": 91696000,
        "weightedAverageShsOutDil": 91696000,
        "link": "https://www.sec.gov/Archives/edgar/data/1173420/000106299307001355/0001062993-07-001355-index.htm",
        "finalLink": "https://www.sec.gov/Archives/edgar/data/1173420/000106299307001355/form6ka.htm"
    },
    {
        "date": "2006-11-30",
        "symbol": "NG",
        "reportedCurrency": "USD",
        "cik": "0001173420",
        "fillingDate": "2006-11-30",
        "acceptedDate": "2006-11-30 00:00:00",
        "calendarYear": "2006",
        "period": "Q4",
        "revenue": 1680844,
        "costOfRevenue": 31181,
        "grossProfit": 1649663,
        "grossProfitRatio": 0.9814492005,
        "researchAndDevelopmentExpenses": 0,
        "generalAndAdministrativeExpenses": 0,
        "sellingAndMarketingExpenses": 0,
        "sellingGeneralAndAdministrativeExpenses": 17721046,
        "otherExpenses": 404156,
        "operatingExpenses": 18125203,
        "costAndExpenses": 18156384,
        "interestIncome": 0,
        "interestExpense": 324483,
        "depreciationAndAmortization": -142664.24547,
        "ebitda": -16475540.139788,
        "ebitdaratio": -9.8019448205,
        "operatingIncome": -16475540.139788,
        "operatingIncomeRatio": -9.8019448205,
        "totalOtherIncomeExpensesNet": -324483.6614989992,
        "incomeBeforeTax": -16800023.801287,
        "incomeBeforeTaxRatio": -9.9949928734,
        "incomeTaxExpense": -170442.271488,
        "netIncome": -16630581.967819,
        "netIncomeRatio": -9.894185283,
        "eps": -0.19,
        "epsdiluted": -0.19,
        "weightedAverageShsOut": 89776000,
        "weightedAverageShsOutDil": 89776000,
        "link": null,
        "finalLink": null
    },
    {
        "date": "2006-09-10",
        "symbol": "NG",
        "reportedCurrency": "USD",
        "cik": "0001173420",
        "fillingDate": "2006-09-14",
        "acceptedDate": "2006-09-14 16:33:30",
        "calendarYear": "2006",
        "period": "Q3",
        "revenue": 2238391,
        "costOfRevenue": 74945,
        "grossProfit": 2163446,
        "grossProfitRatio": 0.9665183607,
        "researchAndDevelopmentExpenses": 0,
        "generalAndAdministrativeExpenses": 0,
        "sellingAndMarketingExpenses": 0,
        "sellingGeneralAndAdministrativeExpenses": 8357993,
        "otherExpenses": 0,
        "operatingExpenses": 8357993,
        "costAndExpenses": 8432939,
        "interestIncome": 0,
        "interestExpense": 0,
        "depreciationAndAmortization": 197742,
        "ebitda": -5996805.334352,
        "ebitdaratio": -2.6790696238,
        "operatingIncome": -6194548.5797,
        "operatingIncomeRatio": -2.7674113145,
        "totalOtherIncomeExpensesNet": 740467,
        "incomeBeforeTax": -5454080.875701,
        "incomeBeforeTaxRatio": -2.4366077578,
        "incomeTaxExpense": -3121756.830107,
        "netIncome": -2332324.045594,
        "netIncomeRatio": -1.0419645386,
        "eps": -0.0271,
        "epsdiluted": -0.0271,
        "weightedAverageShsOut": 85938367,
        "weightedAverageShsOutDil": 85938367,
        "link": "https://www.sec.gov/Archives/edgar/data/1173420/000106299306002836/0001062993-06-002836-index.htm",
        "finalLink": "https://www.sec.gov/Archives/edgar/data/1173420/000106299306002836/form6ka.htm"
    },
    {
        "date": "2006-05-31",
        "symbol": "NG",
        "reportedCurrency": "USD",
        "cik": "0001173420",
        "fillingDate": "2006-09-18",
        "acceptedDate": "2006-09-15 19:19:32",
        "calendarYear": "2006",
        "period": "Q2",
        "revenue": 2048054,
        "costOfRevenue": 38000,
        "grossProfit": 2010054,
        "grossProfitRatio": 0.9814458017,
        "researchAndDevelopmentExpenses": 0,
        "generalAndAdministrativeExpenses": 0,
        "sellingAndMarketingExpenses": 0,
        "sellingGeneralAndAdministrativeExpenses": 5863155,
        "otherExpenses": 0,
        "operatingExpenses": 5863155,
        "costAndExpenses": 5901156,
        "interestIncome": 0,
        "interestExpense": 2098054,
        "depreciationAndAmortization": 112076,
        "ebitda": 194077,
        "ebitdaratio": 0.0947616616,
        "operatingIncome": -3853102.038963,
        "operatingIncomeRatio": -1.8813478741,
        "totalOtherIncomeExpensesNet": -2098054.5842600004,
        "incomeBeforeTax": -5951156.623223,
        "incomeBeforeTaxRatio": -2.9057615782,
        "incomeTaxExpense": 1886049,
        "netIncome": -7837207.211298,
        "netIncomeRatio": -3.8266604354,
        "eps": -0.0908,
        "epsdiluted": -0.0908,
        "weightedAverageShsOut": 86291570,
        "weightedAverageShsOutDil": 86291570,
        "link": "https://www.sec.gov/Archives/edgar/data/1173420/000106299306002882/0001062993-06-002882-index.htm",
        "finalLink": "https://www.sec.gov/Archives/edgar/data/1173420/000106299306002882/form6ka.htm"
    },
    {
        "date": "2006-02-28",
        "symbol": "NG",
        "reportedCurrency": "USD",
        "cik": "0001173420",
        "fillingDate": "2006-05-24",
        "acceptedDate": "2006-05-23 19:07:07",
        "calendarYear": "2006",
        "period": "Q1",
        "revenue": 1276894,
        "costOfRevenue": 38935,
        "grossProfit": 1237959,
        "grossProfitRatio": 0.9695080406,
        "researchAndDevelopmentExpenses": 0,
        "generalAndAdministrativeExpenses": 0,
        "sellingAndMarketingExpenses": 0,
        "sellingGeneralAndAdministrativeExpenses": 2144462,
        "otherExpenses": 0,
        "operatingExpenses": 2144462,
        "costAndExpenses": 2183398,
        "interestIncome": 0,
        "interestExpense": 0,
        "depreciationAndAmortization": 43927,
        "ebitda": -862576.789559,
        "ebitdaratio": -0.6755273261,
        "operatingIncome": -906505.251132,
        "operatingIncomeRatio": -0.7099299168,
        "totalOtherIncomeExpensesNet": 995358,
        "incomeBeforeTax": 88853,
        "incomeBeforeTaxRatio": 0.0695852592,
        "incomeTaxExpense": -996356.285978,
        "netIncome": 89851,
        "netIncomeRatio": 0.0703668433,
        "eps": 0.0012,
        "epsdiluted": 0.0012,
        "weightedAverageShsOut": 76369000,
        "weightedAverageShsOutDil": 76369000,
        "link": "https://www.sec.gov/Archives/edgar/data/1173420/000106299306001495/0001062993-06-001495-index.htm",
        "finalLink": "https://www.sec.gov/Archives/edgar/data/1173420/000106299306001495/exhibit99-1.htm"
    },
    {
        "date": "2005-11-30",
        "symbol": "NG",
        "reportedCurrency": "USD",
        "cik": "0001173420",
        "fillingDate": "2006-05-24",
        "acceptedDate": "2006-05-23 19:07:07",
        "calendarYear": "2005",
        "period": "Q4",
        "revenue": 1274073,
        "costOfRevenue": 171062,
        "grossProfit": 1103011,
        "grossProfitRatio": 0.8657361077,
        "researchAndDevelopmentExpenses": 0,
        "generalAndAdministrativeExpenses": 0,
        "sellingAndMarketingExpenses": 0,
        "sellingGeneralAndAdministrativeExpenses": 1104535,
        "otherExpenses": 426754,
        "operatingExpenses": 1531290,
        "costAndExpenses": 1702352,
        "interestIncome": 0,
        "interestExpense": 0,
        "depreciationAndAmortization": 88526,
        "ebitda": -339752.33447,
        "ebitdaratio": -0.2666663013,
        "operatingIncome": -427278.601771,
        "operatingIncomeRatio": -0.3353643016,
        "totalOtherIncomeExpensesNet": 287496,
        "incomeBeforeTax": -140781.92275800015,
        "incomeBeforeTaxRatio": -0.1104975325,
        "incomeTaxExpense": -2514996.3686430003,
        "netIncome": 2086717,
        "netIncomeRatio": 1.6378315842,
        "eps": 0.031,
        "epsdiluted": 0.031,
        "weightedAverageShsOut": 67221488,
        "weightedAverageShsOutDil": 67221488,
        "link": "https://www.sec.gov/Archives/edgar/data/1173420/000106299306001495/0001062993-06-001495-index.htm",
        "finalLink": "https://www.sec.gov/Archives/edgar/data/1173420/000106299306001495/exhibit99-1.htm"
    },
    {
        "date": "2005-08-31",
        "symbol": "NG",
        "reportedCurrency": "USD",
        "cik": "0001173420",
        "fillingDate": "2005-08-31",
        "acceptedDate": "2005-08-31 00:00:00",
        "calendarYear": "2005",
        "period": "Q3",
        "revenue": 1035296,
        "costOfRevenue": 130911,
        "grossProfit": 904385,
        "grossProfitRatio": 0.8735521049,
        "researchAndDevelopmentExpenses": 0,
        "generalAndAdministrativeExpenses": 0,
        "sellingAndMarketingExpenses": 0,
        "sellingGeneralAndAdministrativeExpenses": 1905704,
        "otherExpenses": 0,
        "operatingExpenses": 1905704,
        "costAndExpenses": 2036616,
        "interestIncome": 0,
        "interestExpense": 220850,
        "depreciationAndAmortization": 28951,
        "ebitda": -972367.697545,
        "ebitdaratio": -0.9392170911,
        "operatingIncome": -1001320.143128,
        "operatingIncomeRatio": -0.9671824706,
        "totalOtherIncomeExpensesNet": -219850.13681300008,
        "incomeBeforeTax": -1222169.648495,
        "incomeBeforeTaxRatio": -1.1805026277,
        "incomeTaxExpense": 219850,
        "netIncome": -1221170.279941,
        "netIncomeRatio": -1.1795373303,
        "eps": -0.0182,
        "epsdiluted": -0.0182,
        "weightedAverageShsOut": 67221488,
        "weightedAverageShsOutDil": 67221488,
        "link": null,
        "finalLink": null
    },
    {
        "date": "2005-05-18",
        "symbol": "NG",
        "reportedCurrency": "USD",
        "cik": "0001173420",
        "fillingDate": "2005-08-12",
        "acceptedDate": "2005-08-11 19:25:45",
        "calendarYear": "2005",
        "period": "Q2",
        "revenue": 361909,
        "costOfRevenue": 35991,
        "grossProfit": 325918,
        "grossProfitRatio": 0.9005523488,
        "researchAndDevelopmentExpenses": 0,
        "generalAndAdministrativeExpenses": 0,
        "sellingAndMarketingExpenses": 0,
        "sellingGeneralAndAdministrativeExpenses": 1803550,
        "otherExpenses": 0,
        "operatingExpenses": 1803550,
        "costAndExpenses": 1839542,
        "interestIncome": 0,
        "interestExpense": 0,
        "depreciationAndAmortization": 17011,
        "ebitda": -1460621.441347,
        "ebitdaratio": -4.0358804046,
        "operatingIncome": -1477632.564589,
        "operatingIncomeRatio": -4.0828842736,
        "totalOtherIncomeExpensesNet": 44989,
        "incomeBeforeTax": -1432643.482142,
        "incomeBeforeTaxRatio": -3.958573791,
        "incomeTaxExpense": -45989.19401400001,
        "netIncome": -1431643.370575,
        "netIncomeRatio": -3.9558103572,
        "eps": -0.0216,
        "epsdiluted": -0.0216,
        "weightedAverageShsOut": 66181143,
        "weightedAverageShsOutDil": 66181143,
        "link": "https://www.sec.gov/Archives/edgar/data/1173420/000106299305001857/0001062993-05-001857-index.htm",
        "finalLink": "https://www.sec.gov/Archives/edgar/data/1173420/000106299305001857/form6ka.htm"
    },
    {
        "date": "2005-02-28",
        "symbol": "NG",
        "reportedCurrency": "USD",
        "cik": "0001173420",
        "fillingDate": "2005-03-31",
        "acceptedDate": "2005-03-31 16:41:02",
        "calendarYear": "2005",
        "period": "Q1",
        "revenue": 443754,
        "costOfRevenue": 0,
        "grossProfit": 443754,
        "grossProfitRatio": 1,
        "researchAndDevelopmentExpenses": 0,
        "generalAndAdministrativeExpenses": 0,
        "sellingAndMarketingExpenses": 0,
        "sellingGeneralAndAdministrativeExpenses": 4628438,
        "otherExpenses": 0,
        "operatingExpenses": 4628438,
        "costAndExpenses": 4628438,
        "interestIncome": 0,
        "interestExpense": 0,
        "depreciationAndAmortization": 49972,
        "ebitda": -4134711.641327,
        "ebitdaratio": -9.3175760474,
        "operatingIncome": -4184684.896424,
        "operatingIncomeRatio": -9.4301908184,
        "totalOtherIncomeExpensesNet": 21987,
        "incomeBeforeTax": -4162697.3449600004,
        "incomeBeforeTaxRatio": -9.3806418533,
        "incomeTaxExpense": -20988.26466100011,
        "netIncome": -4163696.631763,
        "netIncomeRatio": -9.3828937469,
        "eps": -0.0648,
        "epsdiluted": -0.0648,
        "weightedAverageShsOut": 64218775,
        "weightedAverageShsOutDil": 64218775,
        "link": "https://www.sec.gov/Archives/edgar/data/1173420/000106299305000683/0001062993-05-000683-index.htm",
        "finalLink": "https://www.sec.gov/Archives/edgar/data/1173420/000106299305000683/exhibit99-1.htm"
    },
    {
        "date": "2004-11-30",
        "symbol": "NG",
        "reportedCurrency": "USD",
        "cik": "0001173420",
        "fillingDate": "2004-11-30",
        "acceptedDate": "2004-11-30 00:00:00",
        "calendarYear": "2004",
        "period": "Q4",
        "revenue": 1118097,
        "costOfRevenue": 117206,
        "grossProfit": 1000891,
        "grossProfitRatio": 0.8951736746,
        "researchAndDevelopmentExpenses": 0,
        "generalAndAdministrativeExpenses": 0,
        "sellingAndMarketingExpenses": 0,
        "sellingGeneralAndAdministrativeExpenses": 2490632,
        "otherExpenses": 0,
        "operatingExpenses": 2490632,
        "costAndExpenses": 2607838,
        "interestIncome": 0,
        "interestExpense": 154968,
        "depreciationAndAmortization": 68169,
        "ebitda": -1421571.773659,
        "ebitdaratio": -1.2714207923,
        "operatingIncome": -1490740.475753,
        "operatingIncomeRatio": -1.3332836737,
        "totalOtherIncomeExpensesNet": -2063.1726930011064,
        "incomeBeforeTax": -1644709.89665,
        "incomeBeforeTaxRatio": -1.4709903494,
        "incomeTaxExpense": 145854,
        "netIncome": -1635595.123407,
        "netIncomeRatio": -1.4628383078,
        "eps": -0.0279,
        "epsdiluted": -0.0279,
        "weightedAverageShsOut": 58659954,
        "weightedAverageShsOutDil": 58659954,
        "link": null,
        "finalLink": null
    },
    {
        "date": "2004-08-31",
        "symbol": "NG",
        "reportedCurrency": "USD",
        "cik": "0001173420",
        "fillingDate": "2004-09-02",
        "acceptedDate": "2004-09-02 15:28:53",
        "calendarYear": "2004",
        "period": "Q3",
        "revenue": 1011203,
        "costOfRevenue": 91927,
        "grossProfit": 919276,
        "grossProfitRatio": 0.9090914485,
        "researchAndDevelopmentExpenses": 0,
        "generalAndAdministrativeExpenses": 0,
        "sellingAndMarketingExpenses": 0,
        "sellingGeneralAndAdministrativeExpenses": 1173076,
        "otherExpenses": 0,
        "operatingExpenses": 1173076,
        "costAndExpenses": 1265004,
        "interestIncome": 0,
        "interestExpense": 0,
        "depreciationAndAmortization": 39962,
        "ebitda": -213838.618353,
        "ebitdaratio": -0.2114695253,
        "operatingIncome": -253799.859829,
        "operatingIncomeRatio": -0.2509880408,
        "totalOtherIncomeExpensesNet": 43964,
        "incomeBeforeTax": -209835.60349799995,
        "incomeBeforeTaxRatio": -0.2075108593,
        "incomeTaxExpense": -35972.20952599993,
        "netIncome": -217828.412103,
        "netIncomeRatio": -0.2154151166,
        "eps": -0.0037,
        "epsdiluted": -0.0037,
        "weightedAverageShsOut": 58659954,
        "weightedAverageShsOutDil": 58659954,
        "link": "https://www.sec.gov/Archives/edgar/data/1173420/000106299304001384/0001062993-04-001384-index.htm",
        "finalLink": "https://www.sec.gov/Archives/edgar/data/1173420/000106299304001384/exhibit99-1.htm"
    },
    {
        "date": "2004-05-31",
        "symbol": "NG",
        "reportedCurrency": "USD",
        "cik": "0001173420",
        "fillingDate": "2004-05-31",
        "acceptedDate": "2004-05-31 00:00:00",
        "calendarYear": "2004",
        "period": "Q2",
        "revenue": 443697,
        "costOfRevenue": 17987,
        "grossProfit": 425710,
        "grossProfitRatio": 0.9594610737,
        "researchAndDevelopmentExpenses": 0,
        "generalAndAdministrativeExpenses": 0,
        "sellingAndMarketingExpenses": 0,
        "sellingGeneralAndAdministrativeExpenses": 5201448,
        "otherExpenses": 0,
        "operatingExpenses": 5201448,
        "costAndExpenses": 5219435,
        "interestIncome": 0,
        "interestExpense": 65954,
        "depreciationAndAmortization": 33879,
        "ebitda": -4741858.891165,
        "ebitdaratio": -10.6871556291,
        "operatingIncome": -4774740.164416,
        "operatingIncomeRatio": -10.7612631242,
        "totalOtherIncomeExpensesNet": -66953.17087499984,
        "incomeBeforeTax": -4841693.335291,
        "incomeBeforeTaxRatio": -10.9121615321,
        "incomeTaxExpense": 18987,
        "netIncome": -4794726.218438,
        "netIncomeRatio": -10.8063074991,
        "eps": -0.0886,
        "epsdiluted": -0.0886,
        "weightedAverageShsOut": 54094759,
        "weightedAverageShsOutDil": 54094759,
        "link": null,
        "finalLink": null
    },
    {
        "date": "2004-02-29",
        "symbol": "NG",
        "reportedCurrency": "USD",
        "cik": "0001173420",
        "fillingDate": "2004-02-29",
        "acceptedDate": "2004-02-28 19:00:00",
        "calendarYear": "2004",
        "period": "Q1",
        "revenue": 560163,
        "costOfRevenue": 9018.961253,
        "grossProfit": 551144,
        "grossProfitRatio": 0.9838993293,
        "researchAndDevelopmentExpenses": 0,
        "generalAndAdministrativeExpenses": 0,
        "sellingAndMarketingExpenses": 0,
        "sellingGeneralAndAdministrativeExpenses": 843752,
        "otherExpenses": 0,
        "operatingExpenses": 843752,
        "costAndExpenses": 852771,
        "interestIncome": 0,
        "interestExpense": 0,
        "depreciationAndAmortization": 35073,
        "ebitda": -257535.037098,
        "ebitdaratio": -0.4597501747,
        "operatingIncome": -292608.109121,
        "operatingIncomeRatio": -0.5223624358,
        "totalOtherIncomeExpensesNet": 25052,
        "incomeBeforeTax": -267556.02188400005,
        "incomeBeforeTaxRatio": -0.4776395833,
        "incomeTaxExpense": -72150.19111200006,
        "netIncome": -220457.918009,
        "netIncomeRatio": -0.3935602994,
        "eps": -0.0041,
        "epsdiluted": -0.0041,
        "weightedAverageShsOut": 53281145,
        "weightedAverageShsOutDil": 53281145,
        "link": "",
        "finalLink": ""
    },
    {
        "date": "2003-11-30",
        "symbol": "NG",
        "reportedCurrency": "USD",
        "cik": "0001173420",
        "fillingDate": "2003-11-30",
        "acceptedDate": "2003-11-29 19:00:00",
        "calendarYear": "2003",
        "period": "Q4",
        "revenue": 635454,
        "costOfRevenue": 158925,
        "grossProfit": 476529,
        "grossProfitRatio": 0.7499032188,
        "researchAndDevelopmentExpenses": 0,
        "generalAndAdministrativeExpenses": 0,
        "sellingAndMarketingExpenses": 0,
        "sellingGeneralAndAdministrativeExpenses": 1609336,
        "otherExpenses": 92025,
        "operatingExpenses": 1701361,
        "costAndExpenses": 1860287,
        "interestIncome": 0,
        "interestExpense": 318801,
        "depreciationAndAmortization": 60941,
        "ebitda": -1163891.661464,
        "ebitdaratio": -1.831590739,
        "operatingIncome": -1361542.251723,
        "operatingIncomeRatio": -2.1426291309,
        "totalOtherIncomeExpensesNet": 763458,
        "incomeBeforeTax": -1543634.8883639998,
        "incomeBeforeTaxRatio": -2.4291843129,
        "incomeTaxExpense": 218782,
        "netIncome": -1443615.653732,
        "netIncomeRatio": -2.2717862406,
        "eps": -0.0337,
        "epsdiluted": -0.0337,
        "weightedAverageShsOut": 42810076,
        "weightedAverageShsOutDil": 42810076,
        "link": "",
        "finalLink": ""
    },
    {
        "date": "2003-08-31",
        "symbol": "NG",
        "reportedCurrency": "USD",
        "cik": "0001173420",
        "fillingDate": "2003-08-31",
        "acceptedDate": "2003-08-30 20:00:00",
        "calendarYear": "2003",
        "period": "Q3",
        "revenue": 298449,
        "costOfRevenue": 39058,
        "grossProfit": 259391,
        "grossProfitRatio": 0.8691300691,
        "researchAndDevelopmentExpenses": 0,
        "generalAndAdministrativeExpenses": 0,
        "sellingAndMarketingExpenses": 0,
        "sellingGeneralAndAdministrativeExpenses": 755136,
        "otherExpenses": 0,
        "operatingExpenses": 755136,
        "costAndExpenses": 794194,
        "interestIncome": 0,
        "interestExpense": 0,
        "depreciationAndAmortization": 5299.170466,
        "ebitda": -490446.69387,
        "ebitdaratio": -1.6433182683,
        "operatingIncome": -495745.864336,
        "operatingIncomeRatio": -1.6610739669,
        "totalOtherIncomeExpensesNet": 29043,
        "incomeBeforeTax": -466702.30441300006,
        "incomeBeforeTaxRatio": -1.563758982,
        "incomeTaxExpense": -36054.32348400005,
        "netIncome": -459691.540851,
        "netIncomeRatio": -1.5402683234,
        "eps": -0.0107,
        "epsdiluted": -0.0107,
        "weightedAverageShsOut": 42810076,
        "weightedAverageShsOutDil": 42810076,
        "link": "",
        "finalLink": ""
    },
    {
        "date": "2003-05-31",
        "symbol": "NG",
        "reportedCurrency": "USD",
        "cik": "0001173420",
        "fillingDate": "2003-05-31",
        "acceptedDate": "2003-05-30 20:00:00",
        "calendarYear": "2003",
        "period": "Q2",
        "revenue": 93652,
        "costOfRevenue": 21918,
        "grossProfit": 71734,
        "grossProfitRatio": 0.7659633537,
        "researchAndDevelopmentExpenses": 0,
        "generalAndAdministrativeExpenses": 0,
        "sellingAndMarketingExpenses": 0,
        "sellingGeneralAndAdministrativeExpenses": 989330,
        "otherExpenses": 0,
        "operatingExpenses": 989330,
        "costAndExpenses": 1011248,
        "interestIncome": 0,
        "interestExpense": 1574161,
        "depreciationAndAmortization": 29769,
        "ebitda": 686334,
        "ebitdaratio": 7.3285567847,
        "operatingIncome": -2012534.790528,
        "operatingIncomeRatio": -21.4895014578,
        "totalOtherIncomeExpensesNet": 2012534,
        "incomeBeforeTax": -2491757.377049,
        "incomeBeforeTaxRatio": -26.6065580772,
        "incomeTaxExpense": 1574161,
        "netIncome": -2491757.377049,
        "netIncomeRatio": -26.6065580772,
        "eps": -0.0584,
        "epsdiluted": -0.0584,
        "weightedAverageShsOut": 42646739,
        "weightedAverageShsOutDil": 42646739,
        "link": "",
        "finalLink": ""
    },
    {
        "date": "2003-02-28",
        "symbol": "NG",
        "reportedCurrency": "USD",
        "cik": "0001173420",
        "fillingDate": "2003-02-28",
        "acceptedDate": "2003-02-27 19:00:00",
        "calendarYear": "2003",
        "period": "Q1",
        "revenue": 187166,
        "costOfRevenue": 34030,
        "grossProfit": 153136,
        "grossProfitRatio": 0.8181827896,
        "researchAndDevelopmentExpenses": 0,
        "generalAndAdministrativeExpenses": 0,
        "sellingAndMarketingExpenses": 0,
        "sellingGeneralAndAdministrativeExpenses": 753670,
        "otherExpenses": 0,
        "operatingExpenses": 753670,
        "costAndExpenses": 787701,
        "interestIncome": 0,
        "interestExpense": 314279,
        "depreciationAndAmortization": 26023,
        "ebitda": -574511.085653,
        "ebitdaratio": -3.0695269742,
        "operatingIncome": -601535.143878,
        "operatingIncomeRatio": -3.2139124835,
        "totalOtherIncomeExpensesNet": -313279.19671100006,
        "incomeBeforeTax": -914814.340589,
        "incomeBeforeTaxRatio": -4.8877164687,
        "incomeTaxExpense": 316281,
        "netIncome": -916815.823169,
        "netIncomeRatio": -4.8984100914,
        "eps": -0.0215,
        "epsdiluted": -0.0215,
        "weightedAverageShsOut": 42543926,
        "weightedAverageShsOutDil": 42543926,
        "link": "",
        "finalLink": ""
    },
    {
        "date": "2002-11-30",
        "symbol": "NG",
        "reportedCurrency": "USD",
        "cik": "0001173420",
        "fillingDate": "2002-11-30",
        "acceptedDate": "2002-11-29 19:00:00",
        "calendarYear": "2002",
        "period": "Q4",
        "revenue": 604005,
        "costOfRevenue": 109082,
        "grossProfit": 494923,
        "grossProfitRatio": 0.8194021573,
        "researchAndDevelopmentExpenses": 0,
        "generalAndAdministrativeExpenses": 0,
        "sellingAndMarketingExpenses": 0,
        "sellingGeneralAndAdministrativeExpenses": 721645,
        "otherExpenses": -36094.71252599999,
        "operatingExpenses": 685550,
        "costAndExpenses": 794632,
        "interestIncome": 0,
        "interestExpense": 322362,
        "depreciationAndAmortization": 11642,
        "ebitda": 143378,
        "ebitdaratio": 0.2373788296,
        "operatingIncome": -301783.248528,
        "operatingIncomeRatio": -0.4996370039,
        "totalOtherIncomeExpensesNet": -211207.19236399996,
        "incomeBeforeTax": -512990.440892,
        "incomeBeforeTaxRatio": -0.8493148913,
        "incomeTaxExpense": 157923,
        "netIncome": -348550.649488,
        "netIncomeRatio": -0.5770658347,
        "eps": -0.0086,
        "epsdiluted": -0.0086,
        "weightedAverageShsOut": 40496250,
        "weightedAverageShsOutDil": 40496250,
        "link": "",
        "finalLink": ""
    },
    {
        "date": "2002-08-31",
        "symbol": "NG",
        "reportedCurrency": "USD",
        "cik": "0001173420",
        "fillingDate": "2002-08-31",
        "acceptedDate": "2002-08-30 20:00:00",
        "calendarYear": "2002",
        "period": "Q3",
        "revenue": 415404,
        "costOfRevenue": 41960,
        "grossProfit": 373444,
        "grossProfitRatio": 0.898989899,
        "researchAndDevelopmentExpenses": 0,
        "generalAndAdministrativeExpenses": 0,
        "sellingAndMarketingExpenses": 0,
        "sellingGeneralAndAdministrativeExpenses": 881439,
        "otherExpenses": 12031,
        "operatingExpenses": 893471,
        "costAndExpenses": 935432,
        "interestIncome": 0,
        "interestExpense": 0,
        "depreciationAndAmortization": 31015,
        "ebitda": -488811.531567,
        "ebitdaratio": -1.1767135886,
        "operatingIncome": -520027.592402,
        "operatingIncomeRatio": -1.2518598579,
        "totalOtherIncomeExpensesNet": 48.12628399999812,
        "incomeBeforeTax": -519715.734086,
        "incomeBeforeTaxRatio": -1.2511091229,
        "incomeTaxExpense": -311.8583160000271,
        "netIncome": -519715.734086,
        "netIncomeRatio": -1.2511091229,
        "eps": -0.0128,
        "epsdiluted": -0.0128,
        "weightedAverageShsOut": 40500000,
        "weightedAverageShsOutDil": 40500000,
        "link": "",
        "finalLink": ""
    },
    {
        "date": "2002-05-31",
        "symbol": "NG",
        "reportedCurrency": "USD",
        "cik": "0001173420",
        "fillingDate": "2002-05-31",
        "acceptedDate": "2002-05-30 20:00:00",
        "calendarYear": "2002",
        "period": "Q2",
        "revenue": 149031,
        "costOfRevenue": 955.422349,
        "grossProfit": 148075,
        "grossProfitRatio": 0.9935852272,
        "researchAndDevelopmentExpenses": 0,
        "generalAndAdministrativeExpenses": 0,
        "sellingAndMarketingExpenses": 0,
        "sellingGeneralAndAdministrativeExpenses": 1099223,
        "otherExpenses": 12269,
        "operatingExpenses": 1111493,
        "costAndExpenses": 1112449,
        "interestIncome": 0,
        "interestExpense": 321412,
        "depreciationAndAmortization": 121182,
        "ebitda": 252717,
        "ebitdaratio": 1.6957344445,
        "operatingIncome": -1444536.423841,
        "operatingIncomeRatio": -9.6928586928,
        "totalOtherIncomeExpensesNet": 159706,
        "incomeBeforeTax": -1284830.379813,
        "incomeBeforeTaxRatio": -8.6212290048,
        "incomeTaxExpense": 500780,
        "netIncome": -1464198.492265,
        "netIncomeRatio": -9.8247914344,
        "eps": -0.0393,
        "epsdiluted": -0.0393,
        "weightedAverageShsOut": 37283333,
        "weightedAverageShsOutDil": 37283333,
        "link": "",
        "finalLink": ""
    },
    {
        "date": "2002-02-28",
        "symbol": "NG",
        "reportedCurrency": "USD",
        "cik": "0001173420",
        "fillingDate": "2002-02-28",
        "acceptedDate": "2002-02-27 19:00:00",
        "calendarYear": "2002",
        "period": "Q1",
        "revenue": 308497,
        "costOfRevenue": 0,
        "grossProfit": 308497,
        "grossProfitRatio": 1,
        "researchAndDevelopmentExpenses": 0,
        "generalAndAdministrativeExpenses": 0,
        "sellingAndMarketingExpenses": 0,
        "sellingGeneralAndAdministrativeExpenses": 482919,
        "otherExpenses": 11699,
        "operatingExpenses": 494618,
        "costAndExpenses": 494618,
        "interestIncome": 0,
        "interestExpense": 0,
        "depreciationAndAmortization": 12135,
        "ebitda": -173984.987739,
        "ebitdaratio": -0.5639762712,
        "operatingIncome": -186120.834347,
        "operatingIncomeRatio": -0.6033148924,
        "totalOtherIncomeExpensesNet": 186120,
        "incomeBeforeTax": 213678,
        "incomeBeforeTaxRatio": 0.6926420678,
        "incomeTaxExpense": -278784.418696,
        "netIncome": 92663,
        "netIncomeRatio": 0.3003692094,
        "eps": 0.0062,
        "epsdiluted": 0.0062,
        "weightedAverageShsOut": 14851100,
        "weightedAverageShsOutDil": 14851100,
        "link": "",
        "finalLink": ""
    },
    {
        "date": "2001-11-30",
        "symbol": "NG",
        "reportedCurrency": "USD",
        "cik": "0001173420",
        "fillingDate": "2001-11-30",
        "acceptedDate": "2001-11-29 19:00:00",
        "calendarYear": "2001",
        "period": "Q4",
        "revenue": 243625,
        "costOfRevenue": 0,
        "grossProfit": 243625,
        "grossProfitRatio": 1,
        "researchAndDevelopmentExpenses": 0,
        "generalAndAdministrativeExpenses": 0,
        "sellingAndMarketingExpenses": 0,
        "sellingGeneralAndAdministrativeExpenses": 662182,
        "otherExpenses": -3509.1446640000213,
        "operatingExpenses": 658673,
        "costAndExpenses": 797213,
        "interestIncome": 0,
        "interestExpense": 202495,
        "depreciationAndAmortization": 107543,
        "ebitda": -446044.002499,
        "ebitdaratio": -1.8308630169,
        "operatingIncome": -912612.103347,
        "operatingIncomeRatio": -3.7459706654,
        "totalOtherIncomeExpensesNet": -202495.35077399993,
        "incomeBeforeTax": -1115107.454121,
        "incomeBeforeTaxRatio": -4.5771470667,
        "incomeTaxExpense": -110050.29939099995,
        "netIncome": -802561.803956,
        "netIncomeRatio": -3.2942506063,
        "eps": -0.0348,
        "epsdiluted": -0.0348,
        "weightedAverageShsOut": 23045233,
        "weightedAverageShsOutDil": 23045233,
        "link": "",
        "finalLink": ""
    },
    {
        "date": "2001-08-31",
        "symbol": "NG",
        "reportedCurrency": "USD",
        "cik": "0001173420",
        "fillingDate": "2001-08-31",
        "acceptedDate": "2001-08-30 20:00:00",
        "calendarYear": "2001",
        "period": "Q3",
        "revenue": 414291,
        "costOfRevenue": 0,
        "grossProfit": 414291,
        "grossProfitRatio": 1,
        "researchAndDevelopmentExpenses": 0,
        "generalAndAdministrativeExpenses": 0,
        "sellingAndMarketingExpenses": 0,
        "sellingGeneralAndAdministrativeExpenses": 318229,
        "otherExpenses": 543.3414860000485,
        "operatingExpenses": 318773,
        "costAndExpenses": 318773,
        "interestIncome": 0,
        "interestExpense": 35325,
        "depreciationAndAmortization": -10681.77274,
        "ebitda": 138855,
        "ebitdaratio": 0.3351629652,
        "operatingIncome": 95518,
        "operatingIncomeRatio": 0.2305577481,
        "totalOtherIncomeExpensesNet": -41122,
        "incomeBeforeTax": 60192,
        "incomeBeforeTaxRatio": 0.1452891808,
        "incomeTaxExpense": 18069,
        "netIncome": 42123,
        "netIncomeRatio": 0.1016749097,
        "eps": 0.0018,
        "epsdiluted": 0.0018,
        "weightedAverageShsOut": 23045233,
        "weightedAverageShsOutDil": 23045233,
        "link": "",
        "finalLink": ""
    },
    {
        "date": "2001-05-31",
        "symbol": "NG",
        "reportedCurrency": "USD",
        "cik": "0001173420",
        "fillingDate": "2001-05-31",
        "acceptedDate": "2001-05-30 20:00:00",
        "calendarYear": "2001",
        "period": "Q2",
        "revenue": 971792,
        "costOfRevenue": 0,
        "grossProfit": 971792,
        "grossProfitRatio": 1,
        "researchAndDevelopmentExpenses": 0,
        "generalAndAdministrativeExpenses": 0,
        "sellingAndMarketingExpenses": 0,
        "sellingGeneralAndAdministrativeExpenses": 345274,
        "otherExpenses": 26414,
        "operatingExpenses": 371688,
        "costAndExpenses": 371688,
        "interestIncome": 0,
        "interestExpense": 98375,
        "depreciationAndAmortization": 37455,
        "ebitda": 637559,
        "ebitdaratio": 0.6560652897,
        "operatingIncome": 600104,
        "operatingIncomeRatio": 0.6175230914,
        "totalOtherIncomeExpensesNet": -98376,
        "incomeBeforeTax": 501728,
        "incomeBeforeTaxRatio": 0.5162915521,
        "incomeTaxExpense": 29773,
        "netIncome": 471954,
        "netIncomeRatio": 0.4856533085,
        "eps": 0.0195,
        "epsdiluted": 0.0195,
        "weightedAverageShsOut": 24188000,
        "weightedAverageShsOutDil": 24188000,
        "link": "",
        "finalLink": ""
    },
    {
        "date": "2001-02-28",
        "symbol": "NG",
        "reportedCurrency": "USD",
        "cik": "0001173420",
        "fillingDate": "2001-02-28",
        "acceptedDate": "2001-02-27 19:00:00",
        "calendarYear": "2001",
        "period": "Q1",
        "revenue": 159025,
        "costOfRevenue": 19134,
        "grossProfit": 139891,
        "grossProfitRatio": 0.8796792957,
        "researchAndDevelopmentExpenses": 0,
        "generalAndAdministrativeExpenses": 0,
        "sellingAndMarketingExpenses": 0,
        "sellingGeneralAndAdministrativeExpenses": 114770,
        "otherExpenses": 13591,
        "operatingExpenses": 128362,
        "costAndExpenses": 147497,
        "interestIncome": 0,
        "interestExpense": 10080,
        "depreciationAndAmortization": 13591,
        "ebitda": 25120,
        "ebitdaratio": 0.1579625845,
        "operatingIncome": 11528,
        "operatingIncomeRatio": 0.0724917466,
        "totalOtherIncomeExpensesNet": -10080.620446999998,
        "incomeBeforeTax": 1447.3795530000025,
        "incomeBeforeTaxRatio": 0.009101585,
        "incomeTaxExpense": 33839,
        "netIncome": -22311.381844,
        "netIncomeRatio": -0.1403010963,
        "eps": -0.001,
        "epsdiluted": -0.001,
        "weightedAverageShsOut": 22500000,
        "weightedAverageShsOutDil": 22500000,
        "link": "",
        "finalLink": ""
    },
    {
        "date": "2000-11-30",
        "symbol": "NG",
        "reportedCurrency": "USD",
        "cik": "0001173420",
        "fillingDate": "2000-11-30",
        "acceptedDate": "2000-11-29 19:00:00",
        "calendarYear": "2000",
        "period": "Q4",
        "revenue": 1534941,
        "costOfRevenue": 0,
        "grossProfit": 1534941,
        "grossProfitRatio": 1,
        "researchAndDevelopmentExpenses": 0,
        "generalAndAdministrativeExpenses": 0,
        "sellingAndMarketingExpenses": 0,
        "sellingGeneralAndAdministrativeExpenses": 283708,
        "otherExpenses": -2664.7795259999693,
        "operatingExpenses": 281044,
        "costAndExpenses": 1546009,
        "interestIncome": 0,
        "interestExpense": 0,
        "depreciationAndAmortization": -2664.779527,
        "ebitda": -13732.444191,
        "ebitdaratio": -0.0089465616,
        "operatingIncome": 2850707,
        "operatingIncomeRatio": 1.8572094953,
        "totalOtherIncomeExpensesNet": 0,
        "incomeBeforeTax": 0,
        "incomeBeforeTaxRatio": 0,
        "incomeTaxExpense": 214060,
        "netIncome": 2636646,
        "netIncomeRatio": 1.7177507148,
        "eps": 0.12,
        "epsdiluted": 0.12,
        "weightedAverageShsOut": 22500000,
        "weightedAverageShsOutDil": 22500000,
        "link": "",
        "finalLink": ""
    },
    {
        "date": "2000-08-31",
        "symbol": "NG",
        "reportedCurrency": "USD",
        "cik": "0001173420",
        "fillingDate": "2000-08-31",
        "acceptedDate": "2000-08-30 20:00:00",
        "calendarYear": "2000",
        "period": "Q3",
        "revenue": 77811,
        "costOfRevenue": 0,
        "grossProfit": 77811,
        "grossProfitRatio": 1,
        "researchAndDevelopmentExpenses": 0,
        "generalAndAdministrativeExpenses": 0,
        "sellingAndMarketingExpenses": 0,
        "sellingGeneralAndAdministrativeExpenses": 333580,
        "otherExpenses": 44088,
        "operatingExpenses": 377669,
        "costAndExpenses": 377669,
        "interestIncome": 0,
        "interestExpense": 30855,
        "depreciationAndAmortization": 44088,
        "ebitda": -255769.726926,
        "ebitdaratio": -3.2870638718,
        "operatingIncome": -299858.099208,
        "operatingIncomeRatio": -3.8536723498,
        "totalOtherIncomeExpensesNet": -30855.61424700002,
        "incomeBeforeTax": -330713.713455,
        "incomeBeforeTaxRatio": -4.2502180084,
        "incomeTaxExpense": -67895.115625,
        "netIncome": -262818.59783,
        "netIncomeRatio": -3.3776535172,
        "eps": -0.0117,
        "epsdiluted": -0.0117,
        "weightedAverageShsOut": 22500000,
        "weightedAverageShsOutDil": 22500000,
        "link": "",
        "finalLink": ""
    },
    {
        "date": "2000-05-31",
        "symbol": "NG",
        "reportedCurrency": "USD",
        "cik": "0001173420",
        "fillingDate": "2000-05-31",
        "acceptedDate": "2000-05-30 20:00:00",
        "calendarYear": "2000",
        "period": "Q2",
        "revenue": 133480,
        "costOfRevenue": 0,
        "grossProfit": 133480,
        "grossProfitRatio": 1,
        "researchAndDevelopmentExpenses": 0,
        "generalAndAdministrativeExpenses": 0,
        "sellingAndMarketingExpenses": 0,
        "sellingGeneralAndAdministrativeExpenses": 133480,
        "otherExpenses": 0,
        "operatingExpenses": 133480,
        "costAndExpenses": 133480,
        "interestIncome": 0,
        "interestExpense": 0,
        "depreciationAndAmortization": 0,
        "ebitda": -266960.323022,
        "ebitdaratio": -2.00000242,
        "operatingIncome": -266960.323022,
        "operatingIncomeRatio": -2.00000242,
        "totalOtherIncomeExpensesNet": 0,
        "incomeBeforeTax": 0,
        "incomeBeforeTaxRatio": 0,
        "incomeTaxExpense": 266960,
        "netIncome": -266960.323022,
        "netIncomeRatio": -2.00000242,
        "eps": -0.0133,
        "epsdiluted": -0.0133,
        "weightedAverageShsOut": 20000000,
        "weightedAverageShsOutDil": 20000000,
        "link": "",
        "finalLink": ""
    },
    {
        "date": "2000-02-29",
        "symbol": "NG",
        "reportedCurrency": "USD",
        "cik": "0001173420",
        "fillingDate": "2000-02-29",
        "acceptedDate": "2000-02-28 19:00:00",
        "calendarYear": "2000",
        "period": "Q1",
        "revenue": 68915,
        "costOfRevenue": 0,
        "grossProfit": 68915,
        "grossProfitRatio": 1,
        "researchAndDevelopmentExpenses": 0,
        "generalAndAdministrativeExpenses": 0,
        "sellingAndMarketingExpenses": 0,
        "sellingGeneralAndAdministrativeExpenses": 275660,
        "otherExpenses": 0,
        "operatingExpenses": 275660,
        "costAndExpenses": 275660,
        "interestIncome": 0,
        "interestExpense": 0,
        "depreciationAndAmortization": -137830.27579800002,
        "ebitda": -206745.413698,
        "ebitdaratio": -3.000006003,
        "operatingIncome": -206745.413698,
        "operatingIncomeRatio": -3.000006003,
        "totalOtherIncomeExpensesNet": 0,
        "incomeBeforeTax": 0,
        "incomeBeforeTaxRatio": 0,
        "incomeTaxExpense": 137830,
        "netIncome": -344575.689496,
        "netIncomeRatio": -5.000010005,
        "eps": -0.0138,
        "epsdiluted": -0.0138,
        "weightedAverageShsOut": 25000000,
        "weightedAverageShsOutDil": 25000000,
        "link": "",
        "finalLink": ""
    },
    {
        "date": "1999-11-30",
        "symbol": "NG",
        "reportedCurrency": "USD",
        "cik": "0001173420",
        "fillingDate": "1999-11-30",
        "acceptedDate": "1999-11-29 19:00:00",
        "calendarYear": "1999",
        "period": "Q4",
        "revenue": 2038296,
        "costOfRevenue": 1222377,
        "grossProfit": 815919,
        "grossProfitRatio": 0.4002946579,
        "researchAndDevelopmentExpenses": 0,
        "generalAndAdministrativeExpenses": 0,
        "sellingAndMarketingExpenses": 0,
        "sellingGeneralAndAdministrativeExpenses": 488370,
        "otherExpenses": 204729,
        "operatingExpenses": 693100,
        "costAndExpenses": 1915477,
        "interestIncome": 0,
        "interestExpense": 1077557,
        "depreciationAndAmortization": -137819.93573799997,
        "ebitda": 122818,
        "ebitdaratio": 0.0602552328,
        "operatingIncome": -888828.897356,
        "operatingIncomeRatio": -0.4360646821,
        "totalOtherIncomeExpensesNet": -1077557.039694,
        "incomeBeforeTax": -1966385.93705,
        "incomeBeforeTaxRatio": -0.9647205004,
        "incomeTaxExpense": 137819,
        "netIncome": -1026648.833094,
        "netIncomeRatio": -0.5036799528,
        "eps": -0.0684,
        "epsdiluted": -0.0684,
        "weightedAverageShsOut": 15000000,
        "weightedAverageShsOutDil": 15000000,
        "link": "",
        "finalLink": ""
    },
    {
        "date": "1999-08-31",
        "symbol": "NG",
        "reportedCurrency": "USD",
        "cik": "0001173420",
        "fillingDate": "1999-08-31",
        "acceptedDate": "1999-08-30 20:00:00",
        "calendarYear": "1999",
        "period": "Q3",
        "revenue": 66909,
        "costOfRevenue": 0,
        "grossProfit": 66909,
        "grossProfitRatio": 1,
        "researchAndDevelopmentExpenses": 0,
        "generalAndAdministrativeExpenses": 0,
        "sellingAndMarketingExpenses": 0,
        "sellingGeneralAndAdministrativeExpenses": 468368,
        "otherExpenses": 66909,
        "operatingExpenses": 535278,
        "costAndExpenses": 535278,
        "interestIncome": 0,
        "interestExpense": 1.00000761449337e-06,
        "depreciationAndAmortization": -1.00000761449337e-06,
        "ebitda": -468368.405206,
        "ebitdaratio": -7.0000807844,
        "operatingIncome": -133819.544344,
        "operatingIncomeRatio": -2.0000230813,
        "totalOtherIncomeExpensesNet": 0,
        "incomeBeforeTax": -133819.544344,
        "incomeBeforeTaxRatio": -2.0000230813,
        "incomeTaxExpense": 66909,
        "netIncome": -200729.316517,
        "netIncomeRatio": -3.0000346219,
        "eps": -0.0134,
        "epsdiluted": -0.0134,
        "weightedAverageShsOut": 15000000,
        "weightedAverageShsOutDil": 15000000,
        "link": "",
        "finalLink": ""
    },
    {
        "date": "1999-05-31",
        "symbol": "NG",
        "reportedCurrency": "USD",
        "cik": "0001173420",
        "fillingDate": "1999-05-31",
        "acceptedDate": "1999-05-30 20:00:00",
        "calendarYear": "1999",
        "period": "Q2",
        "revenue": 67820,
        "costOfRevenue": 67820,
        "grossProfit": 0,
        "grossProfitRatio": 0,
        "researchAndDevelopmentExpenses": 0,
        "generalAndAdministrativeExpenses": 0,
        "sellingAndMarketingExpenses": 0,
        "sellingGeneralAndAdministrativeExpenses": 203460,
        "otherExpenses": 0,
        "operatingExpenses": 203460,
        "costAndExpenses": 271280,
        "interestIncome": 0,
        "interestExpense": 0,
        "depreciationAndAmortization": 67820,
        "ebitda": -203460.179452,
        "ebitdaratio": -3.000002646,
        "operatingIncome": -203460.179452,
        "operatingIncomeRatio": -3.000002646,
        "totalOtherIncomeExpensesNet": 135640,
        "incomeBeforeTax": -67820.059817,
        "incomeBeforeTaxRatio": -1.000000882,
        "incomeTaxExpense": -67820.059817,
        "netIncome": -135640.119635,
        "netIncomeRatio": -2.000001764,
        "eps": -0.0136,
        "epsdiluted": -0.0136,
        "weightedAverageShsOut": 10000000,
        "weightedAverageShsOutDil": 10000000,
        "link": "",
        "finalLink": ""
    },
    {
        "date": "1999-02-28",
        "symbol": "NG",
        "reportedCurrency": "USD",
        "cik": "0001173420",
        "fillingDate": "1999-02-28",
        "acceptedDate": "1999-02-27 19:00:00",
        "calendarYear": "1999",
        "period": "Q1",
        "revenue": 66291,
        "costOfRevenue": 0,
        "grossProfit": 66291,
        "grossProfitRatio": 1,
        "researchAndDevelopmentExpenses": 0,
        "generalAndAdministrativeExpenses": 0,
        "sellingAndMarketingExpenses": 0,
        "sellingGeneralAndAdministrativeExpenses": 132582,
        "otherExpenses": 0,
        "operatingExpenses": 132582,
        "costAndExpenses": 132582,
        "interestIncome": 0,
        "interestExpense": 0,
        "depreciationAndAmortization": -132582.035134,
        "ebitda": -66291.017567,
        "ebitdaratio": -1.000000265,
        "operatingIncome": -66291.017567,
        "operatingIncomeRatio": -1.000000265,
        "totalOtherIncomeExpensesNet": 0,
        "incomeBeforeTax": 0,
        "incomeBeforeTaxRatio": 0,
        "incomeTaxExpense": 132582,
        "netIncome": -198873.052701,
        "netIncomeRatio": -3.000000795,
        "eps": -0.0133,
        "epsdiluted": -0.0133,
        "weightedAverageShsOut": 15000000,
        "weightedAverageShsOutDil": 15000000,
        "link": "",
        "finalLink": ""
    },
    {
        "date": "1998-11-30",
        "symbol": "NG",
        "reportedCurrency": "USD",
        "cik": "0001173420",
        "fillingDate": "1998-11-30",
        "acceptedDate": "1998-11-29 19:00:00",
        "calendarYear": "1998",
        "period": "Q4",
        "revenue": 1829.046444,
        "costOfRevenue": 0,
        "grossProfit": 1829.046444,
        "grossProfitRatio": 1,
        "researchAndDevelopmentExpenses": 0,
        "generalAndAdministrativeExpenses": 0,
        "sellingAndMarketingExpenses": 0,
        "sellingGeneralAndAdministrativeExpenses": 284194,
        "otherExpenses": 262245,
        "operatingExpenses": 546439,
        "costAndExpenses": 546439,
        "interestIncome": 0,
        "interestExpense": 0,
        "depreciationAndAmortization": -3658.092888000421,
        "ebitda": -544610.937105,
        "ebitdaratio": -297.756756747,
        "operatingIncome": -4581069.270438,
        "operatingIncomeRatio": -2504.6216215371,
        "totalOtherIncomeExpensesNet": 0,
        "incomeBeforeTax": 0,
        "incomeBeforeTaxRatio": 0,
        "incomeTaxExpense": 3658.092888000421,
        "netIncome": -4584727.363326,
        "netIncomeRatio": -2506.6216215371,
        "eps": -0.64,
        "epsdiluted": -0.64,
        "weightedAverageShsOut": 7142857,
        "weightedAverageShsOutDil": 7142857,
        "link": "",
        "finalLink": ""
    },
    {
        "date": "1998-08-31",
        "symbol": "NG",
        "reportedCurrency": "USD",
        "cik": "0001173420",
        "fillingDate": "1998-08-31",
        "acceptedDate": "1998-08-30 20:00:00",
        "calendarYear": "1998",
        "period": "Q3",
        "revenue": 63275,
        "costOfRevenue": 0,
        "grossProfit": 63275,
        "grossProfitRatio": 1,
        "researchAndDevelopmentExpenses": 0,
        "generalAndAdministrativeExpenses": 0,
        "sellingAndMarketingExpenses": 0,
        "sellingGeneralAndAdministrativeExpenses": 316375,
        "otherExpenses": 63275,
        "operatingExpenses": 379650,
        "costAndExpenses": 379650,
        "interestIncome": 0,
        "interestExpense": 0,
        "depreciationAndAmortization": 0,
        "ebitda": -316375.601114,
        "ebitdaratio": -5.0000095,
        "operatingIncome": -316375.601114,
        "operatingIncomeRatio": -5.0000095,
        "totalOtherIncomeExpensesNet": 316375,
        "incomeBeforeTax": 0,
        "incomeBeforeTaxRatio": 0,
        "incomeTaxExpense": 316375,
        "netIncome": -316375.601114,
        "netIncomeRatio": -5.0000095,
        "eps": -0.0443,
        "epsdiluted": -0.0443,
        "weightedAverageShsOut": 7142857,
        "weightedAverageShsOutDil": 7142857,
        "link": "",
        "finalLink": ""
    },
    {
        "date": "1998-05-31",
        "symbol": "NG",
        "reportedCurrency": "USD",
        "cik": "0001173420",
        "fillingDate": "1998-05-31",
        "acceptedDate": "1998-05-30 20:00:00",
        "calendarYear": "1998",
        "period": "Q2",
        "revenue": 68653,
        "costOfRevenue": 0,
        "grossProfit": 68653,
        "grossProfitRatio": 1,
        "researchAndDevelopmentExpenses": 0,
        "generalAndAdministrativeExpenses": 0,
        "sellingAndMarketingExpenses": 0,
        "sellingGeneralAndAdministrativeExpenses": 274612,
        "otherExpenses": 0,
        "operatingExpenses": 274612,
        "costAndExpenses": 274612,
        "interestIncome": 0,
        "interestExpense": 0,
        "depreciationAndAmortization": -137306.05519699998,
        "ebitda": -205959.082796,
        "ebitdaratio": -3.000001206,
        "operatingIncome": -205959.082796,
        "operatingIncomeRatio": -3.000001206,
        "totalOtherIncomeExpensesNet": 0,
        "incomeBeforeTax": 0,
        "incomeBeforeTaxRatio": 0,
        "incomeTaxExpense": 137306,
        "netIncome": -343265.137993,
        "netIncomeRatio": -5.00000201,
        "eps": -0.0412,
        "epsdiluted": -0.0412,
        "weightedAverageShsOut": 8333333,
        "weightedAverageShsOutDil": 8333333,
        "link": "",
        "finalLink": ""
    },
    {
        "date": "1998-02-28",
        "symbol": "NG",
        "reportedCurrency": "USD",
        "cik": "0001173420",
        "fillingDate": "1998-02-28",
        "acceptedDate": "1998-02-27 19:00:00",
        "calendarYear": "1998",
        "period": "Q1",
        "revenue": 70264,
        "costOfRevenue": 0,
        "grossProfit": 70264,
        "grossProfitRatio": 1,
        "researchAndDevelopmentExpenses": 0,
        "generalAndAdministrativeExpenses": 0,
        "sellingAndMarketingExpenses": 0,
        "sellingGeneralAndAdministrativeExpenses": 351320,
        "otherExpenses": 0,
        "operatingExpenses": 351320,
        "costAndExpenses": 351320,
        "interestIncome": 0,
        "interestExpense": 0,
        "depreciationAndAmortization": -70264.19336700003,
        "ebitda": -281056.773468,
        "ebitdaratio": -4.000011008,
        "operatingIncome": -281056.773468,
        "operatingIncomeRatio": -4.000011008,
        "totalOtherIncomeExpensesNet": 0,
        "incomeBeforeTax": 0,
        "incomeBeforeTaxRatio": 0,
        "incomeTaxExpense": 70264,
        "netIncome": -351320.966835,
        "netIncomeRatio": -5.00001376,
        "eps": -0.0422,
        "epsdiluted": -0.0422,
        "weightedAverageShsOut": 8333333,
        "weightedAverageShsOutDil": 8333333,
        "link": "",
        "finalLink": ""
    },
    {
        "date": "1997-11-30",
        "symbol": "NG",
        "reportedCurrency": "USD",
        "cik": "0001173420",
        "fillingDate": "1997-11-30",
        "acceptedDate": "1997-11-29 19:00:00",
        "calendarYear": "1997",
        "period": "Q4",
        "revenue": -1720.171592,
        "costOfRevenue": 0,
        "grossProfit": -1720.171592,
        "grossProfitRatio": 1,
        "researchAndDevelopmentExpenses": 0,
        "generalAndAdministrativeExpenses": 0,
        "sellingAndMarketingExpenses": 0,
        "sellingGeneralAndAdministrativeExpenses": 128506,
        "otherExpenses": 63393,
        "operatingExpenses": 191900,
        "costAndExpenses": 191900,
        "interestIncome": 0,
        "interestExpense": 0,
        "depreciationAndAmortization": 282816,
        "ebitda": -193620.490684,
        "ebitdaratio": 112.5588235409,
        "operatingIncome": -1599101.868056,
        "operatingIncomeRatio": 929.6176471539,
        "totalOtherIncomeExpensesNet": 0,
        "incomeBeforeTax": 0,
        "incomeBeforeTaxRatio": 0,
        "incomeTaxExpense": -282816.447067,
        "netIncome": -1316285.420989,
        "netIncomeRatio": 765.2058824309,
        "eps": -0.26,
        "epsdiluted": -0.26,
        "weightedAverageShsOut": 5000000,
        "weightedAverageShsOutDil": 5000000,
        "link": "",
        "finalLink": ""
    },
    {
        "date": "1997-08-31",
        "symbol": "NG",
        "reportedCurrency": "USD",
        "cik": "0001173420",
        "fillingDate": "1997-08-31",
        "acceptedDate": "1997-08-30 20:00:00",
        "calendarYear": "1997",
        "period": "Q3",
        "revenue": 71994,
        "costOfRevenue": 0,
        "grossProfit": 71994,
        "grossProfitRatio": 1,
        "researchAndDevelopmentExpenses": 0,
        "generalAndAdministrativeExpenses": 0,
        "sellingAndMarketingExpenses": 0,
        "sellingGeneralAndAdministrativeExpenses": 143988,
        "otherExpenses": 215982,
        "operatingExpenses": 359971,
        "costAndExpenses": 359971,
        "interestIncome": 0,
        "interestExpense": 0,
        "depreciationAndAmortization": -71994.24046099995,
        "ebitda": -287976.961843,
        "ebitdaratio": -4.00001336,
        "operatingIncome": -287976.961843,
        "operatingIncomeRatio": -4.00001336,
        "totalOtherIncomeExpensesNet": 0,
        "incomeBeforeTax": 0,
        "incomeBeforeTaxRatio": 0,
        "incomeTaxExpense": 71994,
        "netIncome": -359971.202304,
        "netIncomeRatio": -5.0000167001,
        "eps": -0.072,
        "epsdiluted": -0.072,
        "weightedAverageShsOut": 5000000,
        "weightedAverageShsOutDil": 5000000,
        "link": "",
        "finalLink": ""
    },
    {
        "date": "1997-05-31",
        "symbol": "NG",
        "reportedCurrency": "USD",
        "cik": "0001173420",
        "fillingDate": "1997-05-31",
        "acceptedDate": "1997-05-30 20:00:00",
        "calendarYear": "1997",
        "period": "Q2",
        "revenue": 72558,
        "costOfRevenue": 0,
        "grossProfit": 72558,
        "grossProfitRatio": 1,
        "researchAndDevelopmentExpenses": 0,
        "generalAndAdministrativeExpenses": 0,
        "sellingAndMarketingExpenses": 0,
        "sellingGeneralAndAdministrativeExpenses": 217675,
        "otherExpenses": 72558,
        "operatingExpenses": 290233,
        "costAndExpenses": 290233,
        "interestIncome": 0,
        "interestExpense": 0,
        "depreciationAndAmortization": -72558.40951999999,
        "ebitda": -217675.228559,
        "ebitdaratio": -3.0000169321,
        "operatingIncome": -217675.228559,
        "operatingIncomeRatio": -3.0000169321,
        "totalOtherIncomeExpensesNet": 0,
        "incomeBeforeTax": 0,
        "incomeBeforeTaxRatio": 0,
        "incomeTaxExpense": 72558,
        "netIncome": -290233.638079,
        "netIncomeRatio": -4.0000225761,
        "eps": -0.058,
        "epsdiluted": -0.058,
        "weightedAverageShsOut": 5000000,
        "weightedAverageShsOutDil": 5000000,
        "link": "",
        "finalLink": ""
    },
    {
        "date": "1997-02-28",
        "symbol": "NG",
        "reportedCurrency": "USD",
        "cik": "0001173420",
        "fillingDate": "1997-02-28",
        "acceptedDate": "1997-02-27 19:00:00",
        "calendarYear": "1997",
        "period": "Q1",
        "revenue": 73067,
        "costOfRevenue": 0,
        "grossProfit": 73067,
        "grossProfitRatio": 1,
        "researchAndDevelopmentExpenses": 0,
        "generalAndAdministrativeExpenses": 0,
        "sellingAndMarketingExpenses": 0,
        "sellingGeneralAndAdministrativeExpenses": 146134,
        "otherExpenses": 0,
        "operatingExpenses": 146134,
        "costAndExpenses": 146134,
        "interestIncome": 0,
        "interestExpense": 0,
        "depreciationAndAmortization": -73067.36811399998,
        "ebitda": -73067.368113,
        "ebitdaratio": -1.000005038,
        "operatingIncome": -73067.368113,
        "operatingIncomeRatio": -1.000005038,
        "totalOtherIncomeExpensesNet": 0,
        "incomeBeforeTax": 0,
        "incomeBeforeTaxRatio": 0,
        "incomeTaxExpense": 73067,
        "netIncome": -146134.736227,
        "netIncomeRatio": -2.0000100761,
        "eps": -0.0292,
        "epsdiluted": -0.0292,
        "weightedAverageShsOut": 5000000,
        "weightedAverageShsOutDil": 5000000,
        "link": "",
        "finalLink": ""
    }
]