[
    {
        "date": "2025-08-31",
        "symbol": "NKE",
        "reportedCurrency": "USD",
        "cik": "0000320187",
        "fillingDate": "2025-10-01",
        "acceptedDate": "2025-10-01 16:50:25",
        "calendarYear": "2026",
        "period": "Q1",
        "revenue": 11720000000,
        "costOfRevenue": 6777000000,
        "grossProfit": 4943000000,
        "grossProfitRatio": 0.4217576792,
        "researchAndDevelopmentExpenses": 0,
        "generalAndAdministrativeExpenses": 2828000000,
        "sellingAndMarketingExpenses": 1188000000,
        "sellingGeneralAndAdministrativeExpenses": 4016000000,
        "otherExpenses": 0,
        "operatingExpenses": 4016000000,
        "costAndExpenses": 10793000000,
        "interestIncome": 83000000,
        "interestExpense": 63000000,
        "depreciationAndAmortization": 190000000,
        "ebitda": 1117000000,
        "ebitdaratio": 0.0953071672,
        "operatingIncome": 927000000,
        "operatingIncomeRatio": 0.0790955631,
        "totalOtherIncomeExpensesNet": -5000000,
        "incomeBeforeTax": 922000000,
        "incomeBeforeTaxRatio": 0.078668942,
        "incomeTaxExpense": 195000000,
        "netIncome": 727000000,
        "netIncomeRatio": 0.0620307167,
        "eps": 0.49,
        "epsdiluted": 0.49,
        "weightedAverageShsOut": 1476600000,
        "weightedAverageShsOutDil": 1479000000,
        "link": "https://www.sec.gov/Archives/edgar/data/320187/000032018725000097/0000320187-25-000097-index.htm",
        "finalLink": "https://www.sec.gov/Archives/edgar/data/320187/000032018725000097/nke-20250831.htm"
    },
    {
        "date": "2025-05-31",
        "symbol": "NKE",
        "reportedCurrency": "USD",
        "cik": "0000320187",
        "fillingDate": "2025-07-17",
        "acceptedDate": "2025-07-17 16:25:25",
        "calendarYear": "2025",
        "period": "Q4",
        "revenue": 11097000000,
        "costOfRevenue": 6628000000,
        "grossProfit": 4469000000,
        "grossProfitRatio": 0.4027214562,
        "researchAndDevelopmentExpenses": 0,
        "generalAndAdministrativeExpenses": 2895000000,
        "sellingAndMarketingExpenses": 1253000000,
        "sellingGeneralAndAdministrativeExpenses": 4148000000,
        "otherExpenses": 0,
        "operatingExpenses": 4148000000,
        "costAndExpenses": 10776000000,
        "interestIncome": 90000000,
        "interestExpense": 66000000,
        "depreciationAndAmortization": 197000000,
        "ebitda": 518000000,
        "ebitdaratio": 0.0466792827,
        "operatingIncome": 321000000,
        "operatingIncomeRatio": 0.028926737,
        "totalOtherIncomeExpensesNet": -3000000,
        "incomeBeforeTax": 318000000,
        "incomeBeforeTaxRatio": 0.0286563936,
        "incomeTaxExpense": 107000000,
        "netIncome": 211000000,
        "netIncomeRatio": 0.019014148,
        "eps": 0.14,
        "epsdiluted": 0.14,
        "weightedAverageShsOut": 1476700000,
        "weightedAverageShsOutDil": 1477700000,
        "link": "https://www.sec.gov/Archives/edgar/data/320187/000032018725000047/0000320187-25-000047-index.htm",
        "finalLink": "https://www.sec.gov/Archives/edgar/data/320187/000032018725000047/nke-20250531.htm"
    },
    {
        "date": "2025-02-28",
        "symbol": "NKE",
        "reportedCurrency": "USD",
        "cik": "0000320187",
        "fillingDate": "2025-04-03",
        "acceptedDate": "2025-04-03 16:23:02",
        "calendarYear": "2025",
        "period": "Q3",
        "revenue": 11269000000,
        "costOfRevenue": 6594000000,
        "grossProfit": 4675000000,
        "grossProfitRatio": 0.4148549117,
        "researchAndDevelopmentExpenses": 0,
        "generalAndAdministrativeExpenses": 2799000000,
        "sellingAndMarketingExpenses": 1088000000,
        "sellingGeneralAndAdministrativeExpenses": 3887000000,
        "otherExpenses": 0,
        "operatingExpenses": 3887000000,
        "costAndExpenses": 10481000000,
        "interestIncome": 97000000,
        "interestExpense": 77000000,
        "depreciationAndAmortization": 242000000,
        "ebitda": 1030000000,
        "ebitdaratio": 0.0914011891,
        "operatingIncome": 788000000,
        "operatingIncomeRatio": 0.0699263466,
        "totalOtherIncomeExpensesNet": 56000000,
        "incomeBeforeTax": 844000000,
        "incomeBeforeTaxRatio": 0.0748957317,
        "incomeTaxExpense": 50000000,
        "netIncome": 794000000,
        "netIncomeRatio": 0.0704587807,
        "eps": 0.54,
        "epsdiluted": 0.54,
        "weightedAverageShsOut": 1487600000,
        "weightedAverageShsOutDil": 1491000000,
        "link": "https://www.sec.gov/Archives/edgar/data/320187/000032018725000016/0000320187-25-000016-index.htm",
        "finalLink": "https://www.sec.gov/Archives/edgar/data/320187/000032018725000016/nke-20250228.htm"
    },
    {
        "date": "2024-11-30",
        "symbol": "NKE",
        "reportedCurrency": "USD",
        "cik": "0000320187",
        "fillingDate": "2025-01-03",
        "acceptedDate": "2025-01-03 16:20:18",
        "calendarYear": "2025",
        "period": "Q2",
        "revenue": 12354000000,
        "costOfRevenue": 6965000000,
        "grossProfit": 5389000000,
        "grossProfitRatio": 0.4362149911,
        "researchAndDevelopmentExpenses": 0,
        "generalAndAdministrativeExpenses": 2883000000,
        "sellingAndMarketingExpenses": 1122000000,
        "sellingGeneralAndAdministrativeExpenses": 4005000000,
        "otherExpenses": 0,
        "operatingExpenses": 4005000000,
        "costAndExpenses": 10970000000,
        "interestIncome": 97000000,
        "interestExpense": 71000000,
        "depreciationAndAmortization": 185000000,
        "ebitda": 1569000000,
        "ebitdaratio": 0.1270033997,
        "operatingIncome": 1384000000,
        "operatingIncomeRatio": 0.1120284928,
        "totalOtherIncomeExpensesNet": 32000000,
        "incomeBeforeTax": 1416000000,
        "incomeBeforeTaxRatio": 0.114618747,
        "incomeTaxExpense": 253000000,
        "netIncome": 1163000000,
        "netIncomeRatio": 0.0941395499,
        "eps": 0.78,
        "epsdiluted": 0.78,
        "weightedAverageShsOut": 1486800000,
        "weightedAverageShsOutDil": 1490000000,
        "link": "https://www.sec.gov/Archives/edgar/data/320187/000032018725000004/0000320187-25-000004-index.htm",
        "finalLink": "https://www.sec.gov/Archives/edgar/data/320187/000032018725000004/nke-20241130.htm"
    },
    {
        "date": "2024-08-31",
        "symbol": "NKE",
        "reportedCurrency": "USD",
        "cik": "0000320187",
        "fillingDate": "2024-10-07",
        "acceptedDate": "2024-10-07 16:20:15",
        "calendarYear": "2025",
        "period": "Q1",
        "revenue": 11589000000,
        "costOfRevenue": 6332000000,
        "grossProfit": 5257000000,
        "grossProfitRatio": 0.4536198119,
        "researchAndDevelopmentExpenses": 0,
        "generalAndAdministrativeExpenses": 2822000000,
        "sellingAndMarketingExpenses": 1226000000,
        "sellingGeneralAndAdministrativeExpenses": 4048000000,
        "otherExpenses": 0,
        "operatingExpenses": 4048000000,
        "costAndExpenses": 10380000000,
        "interestIncome": 120000000,
        "interestExpense": 75000000,
        "depreciationAndAmortization": 184000000,
        "ebitda": 1393000000,
        "ebitdaratio": 0.1202001898,
        "operatingIncome": 1209000000,
        "operatingIncomeRatio": 0.104323065,
        "totalOtherIncomeExpensesNet": 98000000,
        "incomeBeforeTax": 1307000000,
        "incomeBeforeTaxRatio": 0.1127793597,
        "incomeTaxExpense": 256000000,
        "netIncome": 1051000000,
        "netIncomeRatio": 0.0906894469,
        "eps": 0.7,
        "epsdiluted": 0.7,
        "weightedAverageShsOut": 1497700000,
        "weightedAverageShsOutDil": 1502000000,
        "link": "https://www.sec.gov/Archives/edgar/data/320187/000032018724000065/0000320187-24-000065-index.htm",
        "finalLink": "https://www.sec.gov/Archives/edgar/data/320187/000032018724000065/nke-20240831.htm"
    },
    {
        "date": "2024-05-31",
        "symbol": "NKE",
        "reportedCurrency": "USD",
        "cik": "0000320187",
        "fillingDate": "2024-07-25",
        "acceptedDate": "2024-07-25 16:16:58",
        "calendarYear": "2024",
        "period": "Q4",
        "revenue": 12606000000,
        "costOfRevenue": 6972000000,
        "grossProfit": 5634000000,
        "grossProfitRatio": 0.4469300333,
        "researchAndDevelopmentExpenses": 0,
        "generalAndAdministrativeExpenses": 2997000000,
        "sellingAndMarketingExpenses": 1091000000,
        "sellingGeneralAndAdministrativeExpenses": 4088000000,
        "otherExpenses": 0,
        "operatingExpenses": 4088000000,
        "costAndExpenses": 11060000000,
        "interestIncome": 126000000,
        "interestExpense": 71000000,
        "depreciationAndAmortization": 204000000,
        "ebitda": 1750000000,
        "ebitdaratio": 0.1388227828,
        "operatingIncome": 1546000000,
        "operatingIncomeRatio": 0.1226400127,
        "totalOtherIncomeExpensesNet": 180000000,
        "incomeBeforeTax": 1726000000,
        "incomeBeforeTaxRatio": 0.1369189275,
        "incomeTaxExpense": 226000000,
        "netIncome": 1500000000,
        "netIncomeRatio": 0.1189909567,
        "eps": 0.99,
        "epsdiluted": 0.99,
        "weightedAverageShsOut": 1515152000,
        "weightedAverageShsOutDil": 1516700000,
        "link": "https://www.sec.gov/Archives/edgar/data/320187/000032018724000044/0000320187-24-000044-index.htm",
        "finalLink": "https://www.sec.gov/Archives/edgar/data/320187/000032018724000044/nke-20240531.htm"
    },
    {
        "date": "2024-02-29",
        "symbol": "NKE",
        "reportedCurrency": "USD",
        "cik": "0000320187",
        "fillingDate": "2024-04-04",
        "acceptedDate": "2024-04-04 16:16:10",
        "calendarYear": "2024",
        "period": "Q3",
        "revenue": 12429000000,
        "costOfRevenue": 6867000000,
        "grossProfit": 5562000000,
        "grossProfitRatio": 0.4475018103,
        "researchAndDevelopmentExpenses": 0,
        "generalAndAdministrativeExpenses": 3215000000,
        "sellingAndMarketingExpenses": 1011000000,
        "sellingGeneralAndAdministrativeExpenses": 4226000000,
        "otherExpenses": 0,
        "operatingExpenses": 4226000000,
        "costAndExpenses": 11093000000,
        "interestIncome": 113000000,
        "interestExpense": 59000000,
        "depreciationAndAmortization": 270000000,
        "ebitda": 1606000000,
        "ebitdaratio": 0.1292139352,
        "operatingIncome": 1336000000,
        "operatingIncomeRatio": 0.1074905463,
        "totalOtherIncomeExpensesNet": 68000000,
        "incomeBeforeTax": 1404000000,
        "incomeBeforeTaxRatio": 0.112961622,
        "incomeTaxExpense": 232000000,
        "netIncome": 1172000000,
        "netIncomeRatio": 0.094295599,
        "eps": 0.77,
        "epsdiluted": 0.77,
        "weightedAverageShsOut": 1522078000,
        "weightedAverageShsOutDil": 1526500000,
        "link": "https://www.sec.gov/Archives/edgar/data/320187/000032018724000019/0000320187-24-000019-index.htm",
        "finalLink": "https://www.sec.gov/Archives/edgar/data/320187/000032018724000019/nke-20240229.htm"
    },
    {
        "date": "2023-11-30",
        "symbol": "NKE",
        "reportedCurrency": "USD",
        "cik": "0000320187",
        "fillingDate": "2024-01-05",
        "acceptedDate": "2024-01-05 16:17:45",
        "calendarYear": "2024",
        "period": "Q2",
        "revenue": 13388000000,
        "costOfRevenue": 7417000000,
        "grossProfit": 5971000000,
        "grossProfitRatio": 0.4459964147,
        "researchAndDevelopmentExpenses": 0,
        "generalAndAdministrativeExpenses": 3032000000,
        "sellingAndMarketingExpenses": 1114000000,
        "sellingGeneralAndAdministrativeExpenses": 4146000000,
        "otherExpenses": 0,
        "operatingExpenses": 4146000000,
        "costAndExpenses": 11563000000,
        "interestIncome": 92000000,
        "interestExpense": 68000000,
        "depreciationAndAmortization": 184000000,
        "ebitda": 2009000000,
        "ebitdaratio": 0.150059755,
        "operatingIncome": 1825000000,
        "operatingIncomeRatio": 0.136316104,
        "totalOtherIncomeExpensesNet": 97000000,
        "incomeBeforeTax": 1922000000,
        "incomeBeforeTaxRatio": 0.1435613983,
        "incomeTaxExpense": 344000000,
        "netIncome": 1578000000,
        "netIncomeRatio": 0.1178667463,
        "eps": 1.04,
        "epsdiluted": 1.03,
        "weightedAverageShsOut": 1532039000,
        "weightedAverageShsOutDil": 1532100000,
        "link": "https://www.sec.gov/Archives/edgar/data/320187/000032018724000004/0000320187-24-000004-index.htm",
        "finalLink": "https://www.sec.gov/Archives/edgar/data/320187/000032018724000004/nke-20231130.htm"
    },
    {
        "date": "2023-08-31",
        "symbol": "NKE",
        "reportedCurrency": "USD",
        "cik": "0000320187",
        "fillingDate": "2023-10-06",
        "acceptedDate": "2023-10-06 16:22:11",
        "calendarYear": "2024",
        "period": "Q1",
        "revenue": 12939000000,
        "costOfRevenue": 7219000000,
        "grossProfit": 5720000000,
        "grossProfitRatio": 0.4420743489,
        "researchAndDevelopmentExpenses": 0,
        "generalAndAdministrativeExpenses": 3047000000,
        "sellingAndMarketingExpenses": 1069000000,
        "sellingGeneralAndAdministrativeExpenses": 4116000000,
        "otherExpenses": 0,
        "operatingExpenses": 4116000000,
        "costAndExpenses": 11335000000,
        "interestIncome": 99000000,
        "interestExpense": 63000000,
        "depreciationAndAmortization": 186000000,
        "ebitda": 1790000000,
        "ebitdaratio": 0.1383414483,
        "operatingIncome": 1604000000,
        "operatingIncomeRatio": 0.1239663034,
        "totalOtherIncomeExpensesNet": 44000000,
        "incomeBeforeTax": 1648000000,
        "incomeBeforeTaxRatio": 0.1273668753,
        "incomeTaxExpense": 198000000,
        "netIncome": 1450000000,
        "netIncomeRatio": 0.1120643017,
        "eps": 0.95,
        "epsdiluted": 0.94,
        "weightedAverageShsOut": 1542553000,
        "weightedAverageShsOutDil": 1543300000,
        "link": "https://www.sec.gov/Archives/edgar/data/320187/000032018723000052/0000320187-23-000052-index.htm",
        "finalLink": "https://www.sec.gov/Archives/edgar/data/320187/000032018723000052/nke-20230831.htm"
    },
    {
        "date": "2023-05-31",
        "symbol": "NKE",
        "reportedCurrency": "USD",
        "cik": "0000320187",
        "fillingDate": "2023-07-20",
        "acceptedDate": "2023-07-20 16:20:36",
        "calendarYear": "2023",
        "period": "Q4",
        "revenue": 12825000000,
        "costOfRevenue": 7230000000,
        "grossProfit": 5595000000,
        "grossProfitRatio": 0.4362573099,
        "researchAndDevelopmentExpenses": 0,
        "generalAndAdministrativeExpenses": 3282000000,
        "sellingAndMarketingExpenses": 1092000000,
        "sellingGeneralAndAdministrativeExpenses": 4374000000,
        "otherExpenses": 0,
        "operatingExpenses": 4374000000,
        "costAndExpenses": 11604000000,
        "interestIncome": 101000000,
        "interestExpense": 71000000,
        "depreciationAndAmortization": 236000000,
        "ebitda": 1457000000,
        "ebitdaratio": 0.1136062378,
        "operatingIncome": 1221000000,
        "operatingIncomeRatio": 0.0952046784,
        "totalOtherIncomeExpensesNet": 25000000,
        "incomeBeforeTax": 1246000000,
        "incomeBeforeTaxRatio": 0.0971539961,
        "incomeTaxExpense": 215000000,
        "netIncome": 1031000000,
        "netIncomeRatio": 0.0803898635,
        "eps": 0.67,
        "epsdiluted": 0.66,
        "weightedAverageShsOut": 1536500000,
        "weightedAverageShsOutDil": 1556300000,
        "link": "https://www.sec.gov/Archives/edgar/data/320187/000032018723000039/0000320187-23-000039-index.htm",
        "finalLink": "https://www.sec.gov/Archives/edgar/data/320187/000032018723000039/nke-20230531.htm"
    },
    {
        "date": "2023-02-28",
        "symbol": "NKE",
        "reportedCurrency": "USD",
        "cik": "0000320187",
        "fillingDate": "2023-04-06",
        "acceptedDate": "2023-04-06 16:18:27",
        "calendarYear": "2023",
        "period": "Q3",
        "revenue": 12390000000,
        "costOfRevenue": 7019000000,
        "grossProfit": 5371000000,
        "grossProfitRatio": 0.4334947538,
        "researchAndDevelopmentExpenses": 0,
        "generalAndAdministrativeExpenses": 3036000000,
        "sellingAndMarketingExpenses": 923000000,
        "sellingGeneralAndAdministrativeExpenses": 3959000000,
        "otherExpenses": 0,
        "operatingExpenses": 3959000000,
        "costAndExpenses": 10978000000,
        "interestIncome": 83000000,
        "interestExpense": 74000000,
        "depreciationAndAmortization": 144000000,
        "ebitda": 1556000000,
        "ebitdaratio": 0.1255851493,
        "operatingIncome": 1412000000,
        "operatingIncomeRatio": 0.1139628733,
        "totalOtherIncomeExpensesNet": 65000000,
        "incomeBeforeTax": 1477000000,
        "incomeBeforeTaxRatio": 0.1192090395,
        "incomeTaxExpense": 237000000,
        "netIncome": 1240000000,
        "netIncomeRatio": 0.1000807103,
        "eps": 0.8,
        "epsdiluted": 0.79,
        "weightedAverageShsOut": 1543800000,
        "weightedAverageShsOutDil": 1564800000,
        "link": "https://www.sec.gov/Archives/edgar/data/320187/000032018723000013/0000320187-23-000013-index.htm",
        "finalLink": "https://www.sec.gov/Archives/edgar/data/320187/000032018723000013/nke-20230228.htm"
    },
    {
        "date": "2022-11-30",
        "symbol": "NKE",
        "reportedCurrency": "USD",
        "cik": "0000320187",
        "fillingDate": "2023-01-05",
        "acceptedDate": "2023-01-05 16:16:31",
        "calendarYear": "2023",
        "period": "Q2",
        "revenue": 13315000000,
        "costOfRevenue": 7604000000,
        "grossProfit": 5711000000,
        "grossProfitRatio": 0.4289147578,
        "researchAndDevelopmentExpenses": 0,
        "generalAndAdministrativeExpenses": 3022000000,
        "sellingAndMarketingExpenses": 1102000000,
        "sellingGeneralAndAdministrativeExpenses": 4124000000,
        "otherExpenses": 0,
        "operatingExpenses": 4124000000,
        "costAndExpenses": 11728000000,
        "interestIncome": 49000000,
        "interestExpense": 63000000,
        "depreciationAndAmortization": 319000000,
        "ebitda": 1906000000,
        "ebitdaratio": 0.1431468269,
        "operatingIncome": 1587000000,
        "operatingIncomeRatio": 0.1191888847,
        "totalOtherIncomeExpensesNet": 63000000,
        "incomeBeforeTax": 1650000000,
        "incomeBeforeTaxRatio": 0.1239203905,
        "incomeTaxExpense": 319000000,
        "netIncome": 1331000000,
        "netIncomeRatio": 0.0999624484,
        "eps": 0.85,
        "epsdiluted": 0.85,
        "weightedAverageShsOut": 1565882352,
        "weightedAverageShsOutDil": 1572400000,
        "link": "https://www.sec.gov/Archives/edgar/data/320187/000032018723000003/0000320187-23-000003-index.htm",
        "finalLink": "https://www.sec.gov/Archives/edgar/data/320187/000032018723000003/nke-20221130.htm"
    },
    {
        "date": "2022-08-31",
        "symbol": "NKE",
        "reportedCurrency": "USD",
        "cik": "0000320187",
        "fillingDate": "2022-10-06",
        "acceptedDate": "2022-10-06 16:17:47",
        "calendarYear": "2023",
        "period": "Q1",
        "revenue": 12687000000,
        "costOfRevenue": 7072000000,
        "grossProfit": 5615000000,
        "grossProfitRatio": 0.4425790179,
        "researchAndDevelopmentExpenses": 0,
        "generalAndAdministrativeExpenses": 2977000000,
        "sellingAndMarketingExpenses": 943000000,
        "sellingGeneralAndAdministrativeExpenses": 3920000000,
        "otherExpenses": 0,
        "operatingExpenses": 3920000000,
        "costAndExpenses": 10992000000,
        "interestIncome": 65000000,
        "interestExpense": 76000000,
        "depreciationAndAmortization": 160000000,
        "ebitda": 1855000000,
        "ebitdaratio": 0.1462126586,
        "operatingIncome": 1695000000,
        "operatingIncomeRatio": 0.1336013242,
        "totalOtherIncomeExpensesNet": 133000000,
        "incomeBeforeTax": 1828000000,
        "incomeBeforeTaxRatio": 0.1440844959,
        "incomeTaxExpense": 360000000,
        "netIncome": 1468000000,
        "netIncomeRatio": 0.1157089935,
        "eps": 0.94,
        "epsdiluted": 0.93,
        "weightedAverageShsOut": 1567100000,
        "weightedAverageShsOutDil": 1585800000,
        "link": "https://www.sec.gov/Archives/edgar/data/320187/000032018722000058/0000320187-22-000058-index.htm",
        "finalLink": "https://www.sec.gov/Archives/edgar/data/320187/000032018722000058/nke-20220831.htm"
    },
    {
        "date": "2022-05-31",
        "symbol": "NKE",
        "reportedCurrency": "USD",
        "cik": "0000320187",
        "fillingDate": "2022-07-21",
        "acceptedDate": "2022-07-21 16:05:53",
        "calendarYear": "2022",
        "period": "Q4",
        "revenue": 12234000000,
        "costOfRevenue": 6731000000,
        "grossProfit": 5503000000,
        "grossProfitRatio": 0.4498119993,
        "researchAndDevelopmentExpenses": 0,
        "generalAndAdministrativeExpenses": 2974000000,
        "sellingAndMarketingExpenses": 1061000000,
        "sellingGeneralAndAdministrativeExpenses": 4035000000,
        "otherExpenses": 0,
        "operatingExpenses": 4035000000,
        "costAndExpenses": 10766000000,
        "interestIncome": 37000000,
        "interestExpense": 75000000,
        "depreciationAndAmortization": 296000000,
        "ebitda": 1764000000,
        "ebitdaratio": 0.1441883276,
        "operatingIncome": 1468000000,
        "operatingIncomeRatio": 0.1199934608,
        "totalOtherIncomeExpensesNet": -94000000,
        "incomeBeforeTax": 1374000000,
        "incomeBeforeTaxRatio": 0.1123099559,
        "incomeTaxExpense": -65000000,
        "netIncome": 1439000000,
        "netIncomeRatio": 0.1176230178,
        "eps": 0.92,
        "epsdiluted": 0.9,
        "weightedAverageShsOut": 1572000000,
        "weightedAverageShsOutDil": 1595000000,
        "link": "https://www.sec.gov/Archives/edgar/data/320187/000032018722000038/0000320187-22-000038-index.htm",
        "finalLink": "https://www.sec.gov/Archives/edgar/data/320187/000032018722000038/nke-20220531.htm"
    },
    {
        "date": "2022-02-28",
        "symbol": "NKE",
        "reportedCurrency": "USD",
        "cik": "0000320187",
        "fillingDate": "2022-04-05",
        "acceptedDate": "2022-04-05 16:17:29",
        "calendarYear": "2022",
        "period": "Q3",
        "revenue": 10871000000,
        "costOfRevenue": 5804000000,
        "grossProfit": 5067000000,
        "grossProfitRatio": 0.4661024745,
        "researchAndDevelopmentExpenses": 0,
        "generalAndAdministrativeExpenses": 2584000000,
        "sellingAndMarketingExpenses": 854000000,
        "sellingGeneralAndAdministrativeExpenses": 3438000000,
        "otherExpenses": 0,
        "operatingExpenses": 3438000000,
        "costAndExpenses": 9242000000,
        "interestIncome": 22000000,
        "interestExpense": 73000000,
        "depreciationAndAmortization": 183000000,
        "ebitda": 1812000000,
        "ebitdaratio": 0.166681998,
        "operatingIncome": 1629000000,
        "operatingIncomeRatio": 0.14984822,
        "totalOtherIncomeExpensesNet": 41000000,
        "incomeBeforeTax": 1670000000,
        "incomeBeforeTaxRatio": 0.1536197222,
        "incomeTaxExpense": 274000000,
        "netIncome": 1396000000,
        "netIncomeRatio": 0.1284150492,
        "eps": 0.88,
        "epsdiluted": 0.87,
        "weightedAverageShsOut": 1579000000,
        "weightedAverageShsOutDil": 1610700000,
        "link": "https://www.sec.gov/Archives/edgar/data/320187/000032018722000017/0000320187-22-000017-index.htm",
        "finalLink": "https://www.sec.gov/Archives/edgar/data/320187/000032018722000017/nke-20220228.htm"
    },
    {
        "date": "2021-11-30",
        "symbol": "NKE",
        "reportedCurrency": "USD",
        "cik": "0000320187",
        "fillingDate": "2022-01-06",
        "acceptedDate": "2022-01-06 16:35:33",
        "calendarYear": "2022",
        "period": "Q2",
        "revenue": 11357000000,
        "costOfRevenue": 6144000000,
        "grossProfit": 5213000000,
        "grossProfitRatio": 0.459012063,
        "researchAndDevelopmentExpenses": 0,
        "generalAndAdministrativeExpenses": 2742000000,
        "sellingAndMarketingExpenses": 1017000000,
        "sellingGeneralAndAdministrativeExpenses": 3759000000,
        "otherExpenses": 0,
        "operatingExpenses": 3759000000,
        "costAndExpenses": 9903000000,
        "interestIncome": 18000000,
        "interestExpense": 72000000,
        "depreciationAndAmortization": 193000000,
        "ebitda": 1647000000,
        "ebitdaratio": 0.1450206921,
        "operatingIncome": 1454000000,
        "operatingIncomeRatio": 0.1280267676,
        "totalOtherIncomeExpensesNet": 47000000,
        "incomeBeforeTax": 1501000000,
        "incomeBeforeTaxRatio": 0.1321651845,
        "incomeTaxExpense": 164000000,
        "netIncome": 1337000000,
        "netIncomeRatio": 0.1177247513,
        "eps": 0.84,
        "epsdiluted": 0.83,
        "weightedAverageShsOut": 1582400000,
        "weightedAverageShsOutDil": 1617400000,
        "link": "https://www.sec.gov/Archives/edgar/data/320187/000032018722000004/0000320187-22-000004-index.htm",
        "finalLink": "https://www.sec.gov/Archives/edgar/data/320187/000032018722000004/nke-20211130.htm"
    },
    {
        "date": "2021-08-31",
        "symbol": "NKE",
        "reportedCurrency": "USD",
        "cik": "0000320187",
        "fillingDate": "2021-10-05",
        "acceptedDate": "2021-10-05 16:03:18",
        "calendarYear": "2022",
        "period": "Q1",
        "revenue": 12248000000,
        "costOfRevenue": 6552000000,
        "grossProfit": 5696000000,
        "grossProfitRatio": 0.4650555193,
        "researchAndDevelopmentExpenses": 0,
        "generalAndAdministrativeExpenses": 2654000000,
        "sellingAndMarketingExpenses": 918000000,
        "sellingGeneralAndAdministrativeExpenses": 3572000000,
        "otherExpenses": 0,
        "operatingExpenses": 3572000000,
        "costAndExpenses": 10124000000,
        "interestIncome": 17000000,
        "interestExpense": 74000000,
        "depreciationAndAmortization": 168000000,
        "ebitda": 2292000000,
        "ebitdaratio": 0.1871325931,
        "operatingIncome": 2124000000,
        "operatingIncomeRatio": 0.1734160679,
        "totalOtherIncomeExpensesNet": -18000000,
        "incomeBeforeTax": 2106000000,
        "incomeBeforeTaxRatio": 0.1719464402,
        "incomeTaxExpense": 232000000,
        "netIncome": 1874000000,
        "netIncomeRatio": 0.1530045722,
        "eps": 1.18,
        "epsdiluted": 1.16,
        "weightedAverageShsOut": 1581900000,
        "weightedAverageShsOutDil": 1619600000,
        "link": "https://www.sec.gov/Archives/edgar/data/320187/000032018721000045/0000320187-21-000045-index.htm",
        "finalLink": "https://www.sec.gov/Archives/edgar/data/320187/000032018721000045/nke-20210831.htm"
    },
    {
        "date": "2021-05-31",
        "symbol": "NKE",
        "reportedCurrency": "USD",
        "cik": "0000320187",
        "fillingDate": "2021-07-20",
        "acceptedDate": "2021-07-20 16:11:03",
        "calendarYear": "2021",
        "period": "Q4",
        "revenue": 12344000000,
        "costOfRevenue": 6689000000,
        "grossProfit": 5655000000,
        "grossProfitRatio": 0.458117304,
        "researchAndDevelopmentExpenses": 0,
        "generalAndAdministrativeExpenses": 2745000000,
        "sellingAndMarketingExpenses": 997000000,
        "sellingGeneralAndAdministrativeExpenses": 3742000000,
        "otherExpenses": 0,
        "operatingExpenses": 3742000000,
        "costAndExpenses": 10431000000,
        "interestIncome": 13000000,
        "interestExpense": 74000000,
        "depreciationAndAmortization": 221000000,
        "ebitda": 2134000000,
        "ebitdaratio": 0.1728775113,
        "operatingIncome": 1913000000,
        "operatingIncomeRatio": 0.1549740765,
        "totalOtherIncomeExpensesNet": -59000000,
        "incomeBeforeTax": 1854000000,
        "incomeBeforeTaxRatio": 0.1501944264,
        "incomeTaxExpense": 345000000,
        "netIncome": 1509000000,
        "netIncomeRatio": 0.1222456254,
        "eps": 0.96,
        "epsdiluted": 0.93,
        "weightedAverageShsOut": 1579000000,
        "weightedAverageShsOutDil": 1614900000,
        "link": "https://www.sec.gov/Archives/edgar/data/320187/000032018721000028/0000320187-21-000028-index.htm",
        "finalLink": "https://www.sec.gov/Archives/edgar/data/320187/000032018721000028/nke-20210531.htm"
    },
    {
        "date": "2021-02-28",
        "symbol": "NKE",
        "reportedCurrency": "USD",
        "cik": "0000320187",
        "fillingDate": "2021-04-02",
        "acceptedDate": "2021-04-02 16:07:59",
        "calendarYear": "2021",
        "period": "Q3",
        "revenue": 10357000000,
        "costOfRevenue": 5638000000,
        "grossProfit": 4719000000,
        "grossProfitRatio": 0.4556338708,
        "researchAndDevelopmentExpenses": 0,
        "generalAndAdministrativeExpenses": 2330000000,
        "sellingAndMarketingExpenses": 711000000,
        "sellingGeneralAndAdministrativeExpenses": 3041000000,
        "otherExpenses": 0,
        "operatingExpenses": 3041000000,
        "costAndExpenses": 8679000000,
        "interestIncome": 8000000,
        "interestExpense": 70000000,
        "depreciationAndAmortization": 112000000,
        "ebitda": 1790000000,
        "ebitdaratio": 0.1728299701,
        "operatingIncome": 1678000000,
        "operatingIncomeRatio": 0.1620160278,
        "totalOtherIncomeExpensesNet": -42000000,
        "incomeBeforeTax": 1636000000,
        "incomeBeforeTaxRatio": 0.1579607995,
        "incomeTaxExpense": 187000000,
        "netIncome": 1449000000,
        "netIncomeRatio": 0.139905378,
        "eps": 0.92,
        "epsdiluted": 0.9,
        "weightedAverageShsOut": 1578000000,
        "weightedAverageShsOutDil": 1616900000,
        "link": "https://www.sec.gov/Archives/edgar/data/320187/000032018721000012/0000320187-21-000012-index.htm",
        "finalLink": "https://www.sec.gov/Archives/edgar/data/320187/000032018721000012/nke-20210228.htm"
    },
    {
        "date": "2020-11-30",
        "symbol": "NKE",
        "reportedCurrency": "USD",
        "cik": "0000320187",
        "fillingDate": "2021-01-05",
        "acceptedDate": "2021-01-05 16:12:56",
        "calendarYear": "2021",
        "period": "Q2",
        "revenue": 11243000000,
        "costOfRevenue": 6396000000,
        "grossProfit": 4847000000,
        "grossProfitRatio": 0.4311126923,
        "researchAndDevelopmentExpenses": 0,
        "generalAndAdministrativeExpenses": 2538000000,
        "sellingAndMarketingExpenses": 729000000,
        "sellingGeneralAndAdministrativeExpenses": 3267000000,
        "otherExpenses": 0,
        "operatingExpenses": 3267000000,
        "costAndExpenses": 9663000000,
        "interestIncome": 6000000,
        "interestExpense": 75000000,
        "depreciationAndAmortization": 247000000,
        "ebitda": 1827000000,
        "ebitdaratio": 0.1625011118,
        "operatingIncome": 1580000000,
        "operatingIncomeRatio": 0.1405318865,
        "totalOtherIncomeExpensesNet": -124000000,
        "incomeBeforeTax": 1456000000,
        "incomeBeforeTaxRatio": 0.1295028017,
        "incomeTaxExpense": 205000000,
        "netIncome": 1251000000,
        "netIncomeRatio": 0.1112692342,
        "eps": 0.8,
        "epsdiluted": 0.78,
        "weightedAverageShsOut": 1573000000,
        "weightedAverageShsOutDil": 1609500000,
        "link": "https://www.sec.gov/Archives/edgar/data/320187/000032018721000003/0000320187-21-000003-index.htm",
        "finalLink": "https://www.sec.gov/Archives/edgar/data/320187/000032018721000003/nke-20201130.htm"
    },
    {
        "date": "2020-08-31",
        "symbol": "NKE",
        "reportedCurrency": "USD",
        "cik": "0000320187",
        "fillingDate": "2020-10-08",
        "acceptedDate": "2020-10-08 16:10:03",
        "calendarYear": "2021",
        "period": "Q1",
        "revenue": 10594000000,
        "costOfRevenue": 5853000000,
        "grossProfit": 4741000000,
        "grossProfitRatio": 0.4475174627,
        "researchAndDevelopmentExpenses": 0,
        "generalAndAdministrativeExpenses": 2298000000,
        "sellingAndMarketingExpenses": 677000000,
        "sellingGeneralAndAdministrativeExpenses": 2975000000,
        "otherExpenses": 0,
        "operatingExpenses": 2975000000,
        "costAndExpenses": 8828000000,
        "interestIncome": 7000000,
        "interestExpense": 70000000,
        "depreciationAndAmortization": 217000000,
        "ebitda": 1983000000,
        "ebitdaratio": 0.1871814234,
        "operatingIncome": 1766000000,
        "operatingIncomeRatio": 0.166698131,
        "totalOtherIncomeExpensesNet": -51000000,
        "incomeBeforeTax": 1715000000,
        "incomeBeforeTaxRatio": 0.1618840853,
        "incomeTaxExpense": 197000000,
        "netIncome": 1518000000,
        "netIncomeRatio": 0.143288654,
        "eps": 0.97,
        "epsdiluted": 0.95,
        "weightedAverageShsOut": 1561800000,
        "weightedAverageShsOutDil": 1593300000,
        "link": "https://www.sec.gov/Archives/edgar/data/320187/000032018720000061/0000320187-20-000061-index.htm",
        "finalLink": "https://www.sec.gov/Archives/edgar/data/320187/000032018720000061/nke-20200831.htm"
    },
    {
        "date": "2020-05-31",
        "symbol": "NKE",
        "reportedCurrency": "USD",
        "cik": "0000320187",
        "fillingDate": "2020-07-24",
        "acceptedDate": "2020-07-24 16:07:45",
        "calendarYear": "2020",
        "period": "Q4",
        "revenue": 6313000000,
        "costOfRevenue": 3960000000,
        "grossProfit": 2353000000,
        "grossProfitRatio": 0.3727229526,
        "researchAndDevelopmentExpenses": 0,
        "generalAndAdministrativeExpenses": 2368000000,
        "sellingAndMarketingExpenses": 823000000,
        "sellingGeneralAndAdministrativeExpenses": 3191000000,
        "otherExpenses": 0,
        "operatingExpenses": 3191000000,
        "costAndExpenses": 7151000000,
        "interestIncome": 11000000,
        "interestExpense": 59000000,
        "depreciationAndAmortization": 223000000,
        "ebitda": -615000000,
        "ebitdaratio": -0.0974180263,
        "operatingIncome": -838000000,
        "operatingIncomeRatio": -0.132741961,
        "totalOtherIncomeExpensesNet": 34000000,
        "incomeBeforeTax": -804000000,
        "incomeBeforeTaxRatio": -0.127356249,
        "incomeTaxExpense": -14000000,
        "netIncome": -790000000,
        "netIncomeRatio": -0.1251386029,
        "eps": -0.51,
        "epsdiluted": -0.51,
        "weightedAverageShsOut": 1555700000,
        "weightedAverageShsOutDil": 1555700000,
        "link": "https://www.sec.gov/Archives/edgar/data/320187/000032018720000047/0000320187-20-000047-index.htm",
        "finalLink": "https://www.sec.gov/Archives/edgar/data/320187/000032018720000047/nke-531202010k.htm"
    },
    {
        "date": "2020-02-29",
        "symbol": "NKE",
        "reportedCurrency": "USD",
        "cik": "0000320187",
        "fillingDate": "2020-04-07",
        "acceptedDate": "2020-04-07 16:07:19",
        "calendarYear": "2020",
        "period": "Q3",
        "revenue": 10104000000,
        "costOfRevenue": 5631000000,
        "grossProfit": 4473000000,
        "grossProfitRatio": 0.442695962,
        "researchAndDevelopmentExpenses": 0,
        "generalAndAdministrativeExpenses": 2413000000,
        "sellingAndMarketingExpenses": 870000000,
        "sellingGeneralAndAdministrativeExpenses": 3283000000,
        "otherExpenses": 0,
        "operatingExpenses": 3283000000,
        "costAndExpenses": 8914000000,
        "interestIncome": 16000000,
        "interestExpense": 26000000,
        "depreciationAndAmortization": 534000000,
        "ebitda": 1724000000,
        "ebitdaratio": 0.1706254949,
        "operatingIncome": 1190000000,
        "operatingIncomeRatio": 0.1177751386,
        "totalOtherIncomeExpensesNet": -309000000,
        "incomeBeforeTax": 881000000,
        "incomeBeforeTaxRatio": 0.0871931908,
        "incomeTaxExpense": 34000000,
        "netIncome": 847000000,
        "netIncomeRatio": 0.0838281869,
        "eps": 0.54,
        "epsdiluted": 0.53,
        "weightedAverageShsOut": 1556300000,
        "weightedAverageShsOutDil": 1591600000,
        "link": "https://www.sec.gov/Archives/edgar/data/320187/000032018720000018/0000320187-20-000018-index.htm",
        "finalLink": "https://www.sec.gov/Archives/edgar/data/320187/000032018720000018/nke-229202010q.htm"
    },
    {
        "date": "2019-11-30",
        "symbol": "NKE",
        "reportedCurrency": "USD",
        "cik": "0000320187",
        "fillingDate": "2020-01-07",
        "acceptedDate": "2020-01-07 16:03:25",
        "calendarYear": "2020",
        "period": "Q2",
        "revenue": 10326000000,
        "costOfRevenue": 5782000000,
        "grossProfit": 4544000000,
        "grossProfitRatio": 0.440054232,
        "researchAndDevelopmentExpenses": 0,
        "generalAndAdministrativeExpenses": 2443000000,
        "sellingAndMarketingExpenses": 881000000,
        "sellingGeneralAndAdministrativeExpenses": 3324000000,
        "otherExpenses": 0,
        "operatingExpenses": 3324000000,
        "costAndExpenses": 9106000000,
        "interestIncome": 14000000,
        "interestExpense": 25000000,
        "depreciationAndAmortization": 187000000,
        "ebitda": 1407000000,
        "ebitdaratio": 0.1362579895,
        "operatingIncome": 1220000000,
        "operatingIncomeRatio": 0.1181483634,
        "totalOtherIncomeExpensesNet": 29000000,
        "incomeBeforeTax": 1249000000,
        "incomeBeforeTaxRatio": 0.1209568081,
        "incomeTaxExpense": 134000000,
        "netIncome": 1115000000,
        "netIncomeRatio": 0.1079798567,
        "eps": 0.71,
        "epsdiluted": 0.7,
        "weightedAverageShsOut": 1560600000,
        "weightedAverageShsOutDil": 1594400000,
        "link": "https://www.sec.gov/Archives/edgar/data/320187/000032018720000004/0000320187-20-000004-index.htm",
        "finalLink": "https://www.sec.gov/Archives/edgar/data/320187/000032018720000004/nke-1130201910q.htm"
    },
    {
        "date": "2019-08-31",
        "symbol": "NKE",
        "reportedCurrency": "USD",
        "cik": "0000320187",
        "fillingDate": "2019-10-04",
        "acceptedDate": "2019-10-04 16:05:38",
        "calendarYear": "2020",
        "period": "Q1",
        "revenue": 10660000000,
        "costOfRevenue": 5789000000,
        "grossProfit": 4871000000,
        "grossProfitRatio": 0.4569418386,
        "researchAndDevelopmentExpenses": 0,
        "generalAndAdministrativeExpenses": 2310000000,
        "sellingAndMarketingExpenses": 1018000000,
        "sellingGeneralAndAdministrativeExpenses": 3328000000,
        "otherExpenses": 0,
        "operatingExpenses": 3328000000,
        "costAndExpenses": 9117000000,
        "interestIncome": 21000000,
        "interestExpense": 34000000,
        "depreciationAndAmortization": 175000000,
        "ebitda": 1718000000,
        "ebitdaratio": 0.161163227,
        "operatingIncome": 1543000000,
        "operatingIncomeRatio": 0.1447467167,
        "totalOtherIncomeExpensesNet": 18000000,
        "incomeBeforeTax": 1561000000,
        "incomeBeforeTaxRatio": 0.146435272,
        "incomeTaxExpense": 194000000,
        "netIncome": 1367000000,
        "netIncomeRatio": 0.1282363977,
        "eps": 0.87,
        "epsdiluted": 0.86,
        "weightedAverageShsOut": 1562400000,
        "weightedAverageShsOutDil": 1597500000,
        "link": "https://www.sec.gov/Archives/edgar/data/320187/000032018719000071/0000320187-19-000071-index.htm",
        "finalLink": "https://www.sec.gov/Archives/edgar/data/320187/000032018719000071/nke-831201910q.htm"
    },
    {
        "date": "2019-05-31",
        "symbol": "NKE",
        "reportedCurrency": "USD",
        "cik": "0000320187",
        "fillingDate": "2019-07-23",
        "acceptedDate": "2019-07-23 16:13:55",
        "calendarYear": "2019",
        "period": "Q4",
        "revenue": 10184000000,
        "costOfRevenue": 5551000000,
        "grossProfit": 4633000000,
        "grossProfitRatio": 0.4549293009,
        "researchAndDevelopmentExpenses": 0,
        "generalAndAdministrativeExpenses": 2392000000,
        "sellingAndMarketingExpenses": 1014000000,
        "sellingGeneralAndAdministrativeExpenses": 3406000000,
        "otherExpenses": 0,
        "operatingExpenses": 3406000000,
        "costAndExpenses": 8957000000,
        "interestIncome": 22000000,
        "interestExpense": 32000000,
        "depreciationAndAmortization": 184000000,
        "ebitda": 1411000000,
        "ebitdaratio": 0.1385506677,
        "operatingIncome": 1227000000,
        "operatingIncomeRatio": 0.1204831108,
        "totalOtherIncomeExpensesNet": 16000000,
        "incomeBeforeTax": 1243000000,
        "incomeBeforeTaxRatio": 0.1220542027,
        "incomeTaxExpense": 254000000,
        "netIncome": 989000000,
        "netIncomeRatio": 0.0971131186,
        "eps": 0.63,
        "epsdiluted": 0.62,
        "weightedAverageShsOut": 1570200000,
        "weightedAverageShsOutDil": 1607500000,
        "link": "https://www.sec.gov/Archives/edgar/data/320187/000032018719000051/0000320187-19-000051-index.htm",
        "finalLink": "https://www.sec.gov/Archives/edgar/data/320187/000032018719000051/nke-531201910k.htm"
    },
    {
        "date": "2019-02-28",
        "symbol": "NKE",
        "reportedCurrency": "USD",
        "cik": "0000320187",
        "fillingDate": "2019-04-04",
        "acceptedDate": "2019-04-04 16:07:14",
        "calendarYear": "2019",
        "period": "Q3",
        "revenue": 9611000000,
        "costOfRevenue": 5272000000,
        "grossProfit": 4339000000,
        "grossProfitRatio": 0.4514618666,
        "researchAndDevelopmentExpenses": 0,
        "generalAndAdministrativeExpenses": 2226000000,
        "sellingAndMarketingExpenses": 865000000,
        "sellingGeneralAndAdministrativeExpenses": 3091000000,
        "otherExpenses": 0,
        "operatingExpenses": 3091000000,
        "costAndExpenses": 8363000000,
        "interestIncome": 20000000,
        "interestExpense": 30000000,
        "depreciationAndAmortization": 177000000,
        "ebitda": 1425000000,
        "ebitdaratio": 0.14826761,
        "operatingIncome": 1248000000,
        "operatingIncomeRatio": 0.1298512122,
        "totalOtherIncomeExpensesNet": 43000000,
        "incomeBeforeTax": 1291000000,
        "incomeBeforeTaxRatio": 0.1343252523,
        "incomeTaxExpense": 190000000,
        "netIncome": 1101000000,
        "netIncomeRatio": 0.1145562376,
        "eps": 0.7,
        "epsdiluted": 0.68,
        "weightedAverageShsOut": 1572800000,
        "weightedAverageShsOutDil": 1609600000,
        "link": "https://www.sec.gov/Archives/edgar/data/320187/000032018719000030/0000320187-19-000030-index.htm",
        "finalLink": "https://www.sec.gov/Archives/edgar/data/320187/000032018719000030/nke-02282019x10q.htm"
    },
    {
        "date": "2018-11-30",
        "symbol": "NKE",
        "reportedCurrency": "USD",
        "cik": "0000320187",
        "fillingDate": "2019-01-08",
        "acceptedDate": "2019-01-08 16:08:39",
        "calendarYear": "2019",
        "period": "Q2",
        "revenue": 9374000000,
        "costOfRevenue": 5269000000,
        "grossProfit": 4105000000,
        "grossProfitRatio": 0.4379133774,
        "researchAndDevelopmentExpenses": 0,
        "generalAndAdministrativeExpenses": 2232000000,
        "sellingAndMarketingExpenses": 910000000,
        "sellingGeneralAndAdministrativeExpenses": 3142000000,
        "otherExpenses": 0,
        "operatingExpenses": 3142000000,
        "costAndExpenses": 8411000000,
        "interestIncome": 20000000,
        "interestExpense": 33000000,
        "depreciationAndAmortization": 178000000,
        "ebitda": 1141000000,
        "ebitdaratio": 0.1217196501,
        "operatingIncome": 963000000,
        "operatingIncomeRatio": 0.102730958,
        "totalOtherIncomeExpensesNet": 34000000,
        "incomeBeforeTax": 997000000,
        "incomeBeforeTaxRatio": 0.1063580115,
        "incomeTaxExpense": 150000000,
        "netIncome": 847000000,
        "netIncomeRatio": 0.0903563047,
        "eps": 0.54,
        "epsdiluted": 0.52,
        "weightedAverageShsOut": 1581400000,
        "weightedAverageShsOutDil": 1620700000,
        "link": "https://www.sec.gov/Archives/edgar/data/320187/000032018719000007/0000320187-19-000007-index.htm",
        "finalLink": "https://www.sec.gov/Archives/edgar/data/320187/000032018719000007/nke-11302018x10q.htm"
    },
    {
        "date": "2018-08-31",
        "symbol": "NKE",
        "reportedCurrency": "USD",
        "cik": "0000320187",
        "fillingDate": "2018-10-05",
        "acceptedDate": "2018-10-05 16:28:22",
        "calendarYear": "2019",
        "period": "Q1",
        "revenue": 9948000000,
        "costOfRevenue": 5551000000,
        "grossProfit": 4397000000,
        "grossProfitRatio": 0.4419983916,
        "researchAndDevelopmentExpenses": 0,
        "generalAndAdministrativeExpenses": 2099000000,
        "sellingAndMarketingExpenses": 964000000,
        "sellingGeneralAndAdministrativeExpenses": 3063000000,
        "otherExpenses": 0,
        "operatingExpenses": 3063000000,
        "costAndExpenses": 8614000000,
        "interestIncome": 20000000,
        "interestExpense": 29000000,
        "depreciationAndAmortization": 181000000,
        "ebitda": 1515000000,
        "ebitdaratio": 0.152291918,
        "operatingIncome": 1334000000,
        "operatingIncomeRatio": 0.134097306,
        "totalOtherIncomeExpensesNet": -64000000,
        "incomeBeforeTax": 1270000000,
        "incomeBeforeTaxRatio": 0.127663852,
        "incomeTaxExpense": 178000000,
        "netIncome": 1092000000,
        "netIncomeRatio": 0.1097708082,
        "eps": 0.69,
        "epsdiluted": 0.67,
        "weightedAverageShsOut": 1594000000,
        "weightedAverageShsOutDil": 1634400000,
        "link": "https://www.sec.gov/Archives/edgar/data/320187/000032018718000213/0000320187-18-000213-index.htm",
        "finalLink": "https://www.sec.gov/Archives/edgar/data/320187/000032018718000213/nke-08312018x10q.htm"
    },
    {
        "date": "2018-05-31",
        "symbol": "NKE",
        "reportedCurrency": "USD",
        "cik": "0000320187",
        "fillingDate": "2018-07-25",
        "acceptedDate": "2018-07-24 18:22:39",
        "calendarYear": "2018",
        "period": "Q4",
        "revenue": 9789000000,
        "costOfRevenue": 5411000000,
        "grossProfit": 4378000000,
        "grossProfitRatio": 0.4472366942,
        "researchAndDevelopmentExpenses": 0,
        "generalAndAdministrativeExpenses": 2137000000,
        "sellingAndMarketingExpenses": 983000000,
        "sellingGeneralAndAdministrativeExpenses": 3120000000,
        "otherExpenses": 0,
        "operatingExpenses": 3120000000,
        "costAndExpenses": 8531000000,
        "interestIncome": 34000000,
        "interestExpense": 44000000,
        "depreciationAndAmortization": 200000000,
        "ebitda": 1458000000,
        "ebitdaratio": 0.1489426908,
        "operatingIncome": 1258000000,
        "operatingIncomeRatio": 0.1285115946,
        "totalOtherIncomeExpensesNet": -43000000,
        "incomeBeforeTax": 1215000000,
        "incomeBeforeTaxRatio": 0.124118909,
        "incomeTaxExpense": 78000000,
        "netIncome": 1137000000,
        "netIncomeRatio": 0.1161507815,
        "eps": 0.71,
        "epsdiluted": 0.69,
        "weightedAverageShsOut": 1605700000,
        "weightedAverageShsOutDil": 1641200000,
        "link": "https://www.sec.gov/Archives/edgar/data/320187/000032018718000142/0000320187-18-000142-index.htm",
        "finalLink": "https://www.sec.gov/Archives/edgar/data/320187/000032018718000142/nke-5312018x10k.htm"
    },
    {
        "date": "2018-02-28",
        "symbol": "NKE",
        "reportedCurrency": "USD",
        "cik": "0000320187",
        "fillingDate": "2018-04-05",
        "acceptedDate": "2018-04-05 16:10:22",
        "calendarYear": "2018",
        "period": "Q3",
        "revenue": 8984000000,
        "costOfRevenue": 5046000000,
        "grossProfit": 3938000000,
        "grossProfitRatio": 0.4383348175,
        "researchAndDevelopmentExpenses": 0,
        "generalAndAdministrativeExpenses": 1905000000,
        "sellingAndMarketingExpenses": 862000000,
        "sellingGeneralAndAdministrativeExpenses": 2767000000,
        "otherExpenses": 0,
        "operatingExpenses": 2767000000,
        "costAndExpenses": 7813000000,
        "interestIncome": 12000000,
        "interestExpense": 24000000,
        "depreciationAndAmortization": 198000000,
        "ebitda": 1369000000,
        "ebitdaratio": 0.1523820125,
        "operatingIncome": 1171000000,
        "operatingIncomeRatio": 0.1303428317,
        "totalOtherIncomeExpensesNet": -12000000,
        "incomeBeforeTax": 1159000000,
        "incomeBeforeTaxRatio": 0.1290071238,
        "incomeTaxExpense": 2080000000,
        "netIncome": -921000000,
        "netIncomeRatio": -0.1025155833,
        "eps": -0.57,
        "epsdiluted": -0.57,
        "weightedAverageShsOut": 1615789473,
        "weightedAverageShsOutDil": 1623500000,
        "link": "https://www.sec.gov/Archives/edgar/data/320187/000032018718000041/0000320187-18-000041-index.htm",
        "finalLink": "https://www.sec.gov/Archives/edgar/data/320187/000032018718000041/nke-02282018x10q.htm"
    },
    {
        "date": "2017-11-30",
        "symbol": "NKE",
        "reportedCurrency": "USD",
        "cik": "0000320187",
        "fillingDate": "2018-01-05",
        "acceptedDate": "2018-01-05 16:11:45",
        "calendarYear": "2018",
        "period": "Q2",
        "revenue": 8554000000,
        "costOfRevenue": 4876000000,
        "grossProfit": 3678000000,
        "grossProfitRatio": 0.429974281,
        "researchAndDevelopmentExpenses": 0,
        "generalAndAdministrativeExpenses": 1891000000,
        "sellingAndMarketingExpenses": 877000000,
        "sellingGeneralAndAdministrativeExpenses": 2768000000,
        "otherExpenses": 0,
        "operatingExpenses": 2768000000,
        "costAndExpenses": 7644000000,
        "interestIncome": 13000000,
        "interestExpense": 24000000,
        "depreciationAndAmortization": 191000000,
        "ebitda": 1101000000,
        "ebitdaratio": 0.1287117138,
        "operatingIncome": 910000000,
        "operatingIncomeRatio": 0.1063829787,
        "totalOtherIncomeExpensesNet": -31000000,
        "incomeBeforeTax": 879000000,
        "incomeBeforeTaxRatio": 0.1027589432,
        "incomeTaxExpense": 112000000,
        "netIncome": 767000000,
        "netIncomeRatio": 0.0896656535,
        "eps": 0.47,
        "epsdiluted": 0.46,
        "weightedAverageShsOut": 1627000000,
        "weightedAverageShsOutDil": 1660900000,
        "link": "https://www.sec.gov/Archives/edgar/data/320187/000032018718000007/0000320187-18-000007-index.htm",
        "finalLink": "https://www.sec.gov/Archives/edgar/data/320187/000032018718000007/nke-11302017x10q.htm"
    },
    {
        "date": "2017-08-31",
        "symbol": "NKE",
        "reportedCurrency": "USD",
        "cik": "0000320187",
        "fillingDate": "2017-10-06",
        "acceptedDate": "2017-10-06 16:17:00",
        "calendarYear": "2018",
        "period": "Q1",
        "revenue": 9070000000,
        "costOfRevenue": 5108000000,
        "grossProfit": 3962000000,
        "grossProfitRatio": 0.4368246968,
        "researchAndDevelopmentExpenses": 0,
        "generalAndAdministrativeExpenses": 2001000000,
        "sellingAndMarketingExpenses": 855000000,
        "sellingGeneralAndAdministrativeExpenses": 2856000000,
        "otherExpenses": 0,
        "operatingExpenses": 2856000000,
        "costAndExpenses": 7964000000,
        "interestIncome": 11000000,
        "interestExpense": 25000000,
        "depreciationAndAmortization": 185000000,
        "ebitda": 1291000000,
        "ebitdaratio": 0.142337376,
        "operatingIncome": 1106000000,
        "operatingIncomeRatio": 0.1219404631,
        "totalOtherIncomeExpensesNet": -34000000,
        "incomeBeforeTax": 1072000000,
        "incomeBeforeTaxRatio": 0.1181918412,
        "incomeTaxExpense": 122000000,
        "netIncome": 950000000,
        "netIncomeRatio": 0.1047409041,
        "eps": 0.58,
        "epsdiluted": 0.57,
        "weightedAverageShsOut": 1639100000,
        "weightedAverageShsOutDil": 1676900000,
        "link": "https://www.sec.gov/Archives/edgar/data/320187/000032018717000184/0000320187-17-000184-index.htm",
        "finalLink": "https://www.sec.gov/Archives/edgar/data/320187/000032018717000184/nke-08312017x10q.htm"
    },
    {
        "date": "2017-05-31",
        "symbol": "NKE",
        "reportedCurrency": "USD",
        "cik": "0000320187",
        "fillingDate": "2017-07-20",
        "acceptedDate": "2017-07-20 16:18:16",
        "calendarYear": "2017",
        "period": "Q4",
        "revenue": 8677000000,
        "costOfRevenue": 4854000000,
        "grossProfit": 3823000000,
        "grossProfitRatio": 0.4405900657,
        "researchAndDevelopmentExpenses": 0,
        "generalAndAdministrativeExpenses": 1876000000,
        "sellingAndMarketingExpenses": 789000000,
        "sellingGeneralAndAdministrativeExpenses": 2665000000,
        "otherExpenses": 0,
        "operatingExpenses": 2665000000,
        "costAndExpenses": 7519000000,
        "interestIncome": 10000000,
        "interestExpense": 26000000,
        "depreciationAndAmortization": 188000000,
        "ebitda": 1346000000,
        "ebitdaratio": 0.1551227383,
        "operatingIncome": 1158000000,
        "operatingIncomeRatio": 0.1334562637,
        "totalOtherIncomeExpensesNet": 10000000,
        "incomeBeforeTax": 1168000000,
        "incomeBeforeTaxRatio": 0.1346087357,
        "incomeTaxExpense": 160000000,
        "netIncome": 1008000000,
        "netIncomeRatio": 0.1161691829,
        "eps": 0.61,
        "epsdiluted": 0.6,
        "weightedAverageShsOut": 1646900000,
        "weightedAverageShsOutDil": 1678600000,
        "link": "https://www.sec.gov/Archives/edgar/data/320187/000032018717000090/0000320187-17-000090-index.htm",
        "finalLink": "https://www.sec.gov/Archives/edgar/data/320187/000032018717000090/nke-5312017x10k.htm"
    },
    {
        "date": "2017-02-28",
        "symbol": "NKE",
        "reportedCurrency": "USD",
        "cik": "0000320187",
        "fillingDate": "2017-04-04",
        "acceptedDate": "2017-04-04 16:20:26",
        "calendarYear": "2017",
        "period": "Q3",
        "revenue": 8432000000,
        "costOfRevenue": 4682000000,
        "grossProfit": 3750000000,
        "grossProfitRatio": 0.4447343454,
        "researchAndDevelopmentExpenses": 0,
        "generalAndAdministrativeExpenses": 1747000000,
        "sellingAndMarketingExpenses": 749000000,
        "sellingGeneralAndAdministrativeExpenses": 2496000000,
        "otherExpenses": 0,
        "operatingExpenses": 2496000000,
        "costAndExpenses": 7178000000,
        "interestIncome": 8000000,
        "interestExpense": 25000000,
        "depreciationAndAmortization": 170000000,
        "ebitda": 1424000000,
        "ebitdaratio": 0.1688804554,
        "operatingIncome": 1254000000,
        "operatingIncomeRatio": 0.1487191651,
        "totalOtherIncomeExpensesNet": 69000000,
        "incomeBeforeTax": 1323000000,
        "incomeBeforeTaxRatio": 0.156902277,
        "incomeTaxExpense": 182000000,
        "netIncome": 1141000000,
        "netIncomeRatio": 0.1353178368,
        "eps": 0.69,
        "epsdiluted": 0.68,
        "weightedAverageShsOut": 1653100000,
        "weightedAverageShsOutDil": 1686300000,
        "link": "https://www.sec.gov/Archives/edgar/data/320187/000032018717000031/0000320187-17-000031-index.htm",
        "finalLink": "https://www.sec.gov/Archives/edgar/data/320187/000032018717000031/nke-02282017x10q.htm"
    },
    {
        "date": "2016-11-30",
        "symbol": "NKE",
        "reportedCurrency": "USD",
        "cik": "0000320187",
        "fillingDate": "2017-01-05",
        "acceptedDate": "2017-01-05 16:21:57",
        "calendarYear": "2017",
        "period": "Q2",
        "revenue": 8180000000,
        "costOfRevenue": 4564000000,
        "grossProfit": 3616000000,
        "grossProfitRatio": 0.4420537897,
        "researchAndDevelopmentExpenses": 0,
        "generalAndAdministrativeExpenses": 1743000000,
        "sellingAndMarketingExpenses": 762000000,
        "sellingGeneralAndAdministrativeExpenses": 2505000000,
        "otherExpenses": 0,
        "operatingExpenses": 2505000000,
        "costAndExpenses": 7069000000,
        "interestIncome": 5000000,
        "interestExpense": 20000000,
        "depreciationAndAmortization": 178000000,
        "ebitda": 1289000000,
        "ebitdaratio": 0.1575794621,
        "operatingIncome": 1111000000,
        "operatingIncomeRatio": 0.1358190709,
        "totalOtherIncomeExpensesNet": 3000000,
        "incomeBeforeTax": 1114000000,
        "incomeBeforeTaxRatio": 0.1361858191,
        "incomeTaxExpense": 272000000,
        "netIncome": 842000000,
        "netIncomeRatio": 0.1029339853,
        "eps": 0.51,
        "epsdiluted": 0.5,
        "weightedAverageShsOut": 1659100000,
        "weightedAverageShsOutDil": 1693200000,
        "link": "https://www.sec.gov/Archives/edgar/data/320187/000032018717000003/0000320187-17-000003-index.htm",
        "finalLink": "https://www.sec.gov/Archives/edgar/data/320187/000032018717000003/nke-11302016x10q.htm"
    },
    {
        "date": "2016-08-31",
        "symbol": "NKE",
        "reportedCurrency": "USD",
        "cik": "0000320187",
        "fillingDate": "2016-10-11",
        "acceptedDate": "2016-10-11 08:46:57",
        "calendarYear": "2017",
        "period": "Q1",
        "revenue": 9061000000,
        "costOfRevenue": 4938000000,
        "grossProfit": 4123000000,
        "grossProfitRatio": 0.455027039,
        "researchAndDevelopmentExpenses": 0,
        "generalAndAdministrativeExpenses": 1856000000,
        "sellingAndMarketingExpenses": 1041000000,
        "sellingGeneralAndAdministrativeExpenses": 2897000000,
        "otherExpenses": 0,
        "operatingExpenses": 2897000000,
        "costAndExpenses": 7835000000,
        "interestIncome": 4000000,
        "interestExpense": 11000000,
        "depreciationAndAmortization": 180000000,
        "ebitda": 1406000000,
        "ebitdaratio": 0.155170511,
        "operatingIncome": 1226000000,
        "operatingIncomeRatio": 0.135305154,
        "totalOtherIncomeExpensesNet": 55000000,
        "incomeBeforeTax": 1281000000,
        "incomeBeforeTaxRatio": 0.1413751242,
        "incomeTaxExpense": 32000000,
        "netIncome": 1249000000,
        "netIncomeRatio": 0.1378435051,
        "eps": 0.75,
        "epsdiluted": 0.73,
        "weightedAverageShsOut": 1672000000,
        "weightedAverageShsOutDil": 1708900000,
        "link": "https://www.sec.gov/Archives/edgar/data/320187/000032018716000381/0000320187-16-000381-index.htm",
        "finalLink": "https://www.sec.gov/Archives/edgar/data/320187/000032018716000381/nke-8312016x10q.htm"
    },
    {
        "date": "2016-05-31",
        "symbol": "NKE",
        "reportedCurrency": "USD",
        "cik": "0000320187",
        "fillingDate": "2016-07-21",
        "acceptedDate": "2016-07-21 16:11:03",
        "calendarYear": "2016",
        "period": "Q4",
        "revenue": 8244000000,
        "costOfRevenue": 4458000000,
        "grossProfit": 3786000000,
        "grossProfitRatio": 0.4592430859,
        "researchAndDevelopmentExpenses": 0,
        "generalAndAdministrativeExpenses": 1893000000,
        "sellingAndMarketingExpenses": 873000000,
        "sellingGeneralAndAdministrativeExpenses": 2766000000,
        "otherExpenses": 0,
        "operatingExpenses": 2766000000,
        "costAndExpenses": 7224000000,
        "interestIncome": 0,
        "interestExpense": 5000000,
        "depreciationAndAmortization": 163000000,
        "ebitda": 1183000000,
        "ebitdaratio": 0.1434983018,
        "operatingIncome": 1020000000,
        "operatingIncomeRatio": 0.1237263464,
        "totalOtherIncomeExpensesNet": 53000000,
        "incomeBeforeTax": 1073000000,
        "incomeBeforeTaxRatio": 0.1301552644,
        "incomeTaxExpense": 227000000,
        "netIncome": 846000000,
        "netIncomeRatio": 0.1026200873,
        "eps": 0.5,
        "epsdiluted": 0.49,
        "weightedAverageShsOut": 1682400000,
        "weightedAverageShsOutDil": 1723100000,
        "link": "https://www.sec.gov/Archives/edgar/data/320187/000032018716000336/0000320187-16-000336-index.htm",
        "finalLink": "https://www.sec.gov/Archives/edgar/data/320187/000032018716000336/nke-5312016x10k.htm"
    },
    {
        "date": "2016-02-29",
        "symbol": "NKE",
        "reportedCurrency": "USD",
        "cik": "0000320187",
        "fillingDate": "2016-04-05",
        "acceptedDate": "2016-04-05 16:14:43",
        "calendarYear": "2016",
        "period": "Q3",
        "revenue": 8032000000,
        "costOfRevenue": 4343000000,
        "grossProfit": 3689000000,
        "grossProfitRatio": 0.4592878486,
        "researchAndDevelopmentExpenses": 0,
        "generalAndAdministrativeExpenses": 1762000000,
        "sellingAndMarketingExpenses": 804000000,
        "sellingGeneralAndAdministrativeExpenses": 2566000000,
        "otherExpenses": 0,
        "operatingExpenses": 2566000000,
        "costAndExpenses": 6909000000,
        "interestIncome": 0,
        "interestExpense": 5000000,
        "depreciationAndAmortization": 177000000,
        "ebitda": 1300000000,
        "ebitdaratio": 0.1618525896,
        "operatingIncome": 1123000000,
        "operatingIncomeRatio": 0.1398157371,
        "totalOtherIncomeExpensesNet": 12000000,
        "incomeBeforeTax": 1135000000,
        "incomeBeforeTaxRatio": 0.141309761,
        "incomeTaxExpense": 185000000,
        "netIncome": 950000000,
        "netIncomeRatio": 0.1182768924,
        "eps": 0.56,
        "epsdiluted": 0.55,
        "weightedAverageShsOut": 1693800000,
        "weightedAverageShsOutDil": 1737300000,
        "link": "https://www.sec.gov/Archives/edgar/data/320187/000032018716000264/0000320187-16-000264-index.htm",
        "finalLink": "https://www.sec.gov/Archives/edgar/data/320187/000032018716000264/nke-2292016x10q.htm"
    },
    {
        "date": "2015-11-30",
        "symbol": "NKE",
        "reportedCurrency": "USD",
        "cik": "0000320187",
        "fillingDate": "2016-01-06",
        "acceptedDate": "2016-01-06 17:17:58",
        "calendarYear": "2016",
        "period": "Q2",
        "revenue": 7686000000,
        "costOfRevenue": 4185000000,
        "grossProfit": 3501000000,
        "grossProfitRatio": 0.4555035129,
        "researchAndDevelopmentExpenses": 0,
        "generalAndAdministrativeExpenses": 1791000000,
        "sellingAndMarketingExpenses": 769000000,
        "sellingGeneralAndAdministrativeExpenses": 2560000000,
        "otherExpenses": 0,
        "operatingExpenses": 2560000000,
        "costAndExpenses": 6745000000,
        "interestIncome": 0,
        "interestExpense": 5000000,
        "depreciationAndAmortization": 157000000,
        "ebitda": 1098000000,
        "ebitdaratio": 0.1428571429,
        "operatingIncome": 941000000,
        "operatingIncomeRatio": 0.1224303929,
        "totalOtherIncomeExpensesNet": 29000000,
        "incomeBeforeTax": 970000000,
        "incomeBeforeTaxRatio": 0.1262034869,
        "incomeTaxExpense": 185000000,
        "netIncome": 785000000,
        "netIncomeRatio": 0.1021337497,
        "eps": 0.46,
        "epsdiluted": 0.45,
        "weightedAverageShsOut": 1706600000,
        "weightedAverageShsOutDil": 1751400000,
        "link": "https://www.sec.gov/Archives/edgar/data/320187/000032018716000242/0000320187-16-000242-index.htm",
        "finalLink": "https://www.sec.gov/Archives/edgar/data/320187/000032018716000242/nke-11302015x10q.htm"
    },
    {
        "date": "2015-08-31",
        "symbol": "NKE",
        "reportedCurrency": "USD",
        "cik": "0000320187",
        "fillingDate": "2015-10-06",
        "acceptedDate": "2015-10-06 16:27:58",
        "calendarYear": "2016",
        "period": "Q1",
        "revenue": 8414000000,
        "costOfRevenue": 4419000000,
        "grossProfit": 3995000000,
        "grossProfitRatio": 0.4748038983,
        "researchAndDevelopmentExpenses": 0,
        "generalAndAdministrativeExpenses": 1745000000,
        "sellingAndMarketingExpenses": 832000000,
        "sellingGeneralAndAdministrativeExpenses": 2577000000,
        "otherExpenses": 0,
        "operatingExpenses": 2577000000,
        "costAndExpenses": 6996000000,
        "interestIncome": 0,
        "interestExpense": 4000000,
        "depreciationAndAmortization": 165000000,
        "ebitda": 1583000000,
        "ebitdaratio": 0.1881388163,
        "operatingIncome": 1418000000,
        "operatingIncomeRatio": 0.1685286427,
        "totalOtherIncomeExpensesNet": 27000000,
        "incomeBeforeTax": 1445000000,
        "incomeBeforeTaxRatio": 0.1717375802,
        "incomeTaxExpense": 266000000,
        "netIncome": 1179000000,
        "netIncomeRatio": 0.1401236035,
        "eps": 0.69,
        "epsdiluted": 0.67,
        "weightedAverageShsOut": 1709000000,
        "weightedAverageShsOutDil": 1754600000,
        "link": "https://www.sec.gov/Archives/edgar/data/320187/000032018715000208/0000320187-15-000208-index.htm",
        "finalLink": "https://www.sec.gov/Archives/edgar/data/320187/000032018715000208/nke-8312015x10q.htm"
    },
    {
        "date": "2015-05-31",
        "symbol": "NKE",
        "reportedCurrency": "USD",
        "cik": "0000320187",
        "fillingDate": "2015-07-23",
        "acceptedDate": "2015-07-23 17:26:50",
        "calendarYear": "2015",
        "period": "Q4",
        "revenue": 7779000000,
        "costOfRevenue": 4186000000,
        "grossProfit": 3593000000,
        "grossProfitRatio": 0.461884561,
        "researchAndDevelopmentExpenses": 0,
        "generalAndAdministrativeExpenses": 1776000000,
        "sellingAndMarketingExpenses": 819000000,
        "sellingGeneralAndAdministrativeExpenses": 2595000000,
        "otherExpenses": 0,
        "operatingExpenses": 2595000000,
        "costAndExpenses": 6781000000,
        "interestIncome": 0,
        "interestExpense": 4000000,
        "depreciationAndAmortization": 168000000,
        "ebitda": 1166000000,
        "ebitdaratio": 0.1498907315,
        "operatingIncome": 998000000,
        "operatingIncomeRatio": 0.1282941252,
        "totalOtherIncomeExpensesNet": 54000000,
        "incomeBeforeTax": 1052000000,
        "incomeBeforeTaxRatio": 0.1352358915,
        "incomeTaxExpense": 187000000,
        "netIncome": 865000000,
        "netIncomeRatio": 0.1111968119,
        "eps": 0.5,
        "epsdiluted": 0.49,
        "weightedAverageShsOut": 1715000000,
        "weightedAverageShsOutDil": 1759600000,
        "link": "https://www.sec.gov/Archives/edgar/data/320187/000032018715000113/0000320187-15-000113-index.htm",
        "finalLink": "https://www.sec.gov/Archives/edgar/data/320187/000032018715000113/nke-5312015x10k.htm"
    },
    {
        "date": "2015-02-28",
        "symbol": "NKE",
        "reportedCurrency": "USD",
        "cik": "0000320187",
        "fillingDate": "2015-04-07",
        "acceptedDate": "2015-04-07 16:33:16",
        "calendarYear": "2015",
        "period": "Q3",
        "revenue": 7460000000,
        "costOfRevenue": 4034000000,
        "grossProfit": 3426000000,
        "grossProfitRatio": 0.4592493298,
        "researchAndDevelopmentExpenses": 0,
        "generalAndAdministrativeExpenses": 1648000000,
        "sellingAndMarketingExpenses": 731000000,
        "sellingGeneralAndAdministrativeExpenses": 2379000000,
        "otherExpenses": 0,
        "operatingExpenses": 2379000000,
        "costAndExpenses": 6413000000,
        "interestIncome": 0,
        "interestExpense": 6000000,
        "depreciationAndAmortization": 165000000,
        "ebitda": 1212000000,
        "ebitdaratio": 0.1624664879,
        "operatingIncome": 1047000000,
        "operatingIncomeRatio": 0.1403485255,
        "totalOtherIncomeExpensesNet": -1000000,
        "incomeBeforeTax": 1046000000,
        "incomeBeforeTaxRatio": 0.1402144772,
        "incomeTaxExpense": 255000000,
        "netIncome": 791000000,
        "netIncomeRatio": 0.1060321716,
        "eps": 0.46,
        "epsdiluted": 0.45,
        "weightedAverageShsOut": 1722800000,
        "weightedAverageShsOutDil": 1767600000,
        "link": "https://www.sec.gov/Archives/edgar/data/320187/000032018715000044/0000320187-15-000044-index.htm",
        "finalLink": "https://www.sec.gov/Archives/edgar/data/320187/000032018715000044/nke-2282015x10q.htm"
    },
    {
        "date": "2014-11-30",
        "symbol": "NKE",
        "reportedCurrency": "USD",
        "cik": "0000320187",
        "fillingDate": "2015-01-07",
        "acceptedDate": "2015-01-07 16:56:03",
        "calendarYear": "2015",
        "period": "Q2",
        "revenue": 7380000000,
        "costOfRevenue": 4053000000,
        "grossProfit": 3327000000,
        "grossProfitRatio": 0.4508130081,
        "researchAndDevelopmentExpenses": 0,
        "generalAndAdministrativeExpenses": 1672000000,
        "sellingAndMarketingExpenses": 766000000,
        "sellingGeneralAndAdministrativeExpenses": 2438000000,
        "otherExpenses": 0,
        "operatingExpenses": 2438000000,
        "costAndExpenses": 6491000000,
        "interestIncome": 0,
        "interestExpense": 9000000,
        "depreciationAndAmortization": 161000000,
        "ebitda": 1050000000,
        "ebitdaratio": 0.1422764228,
        "operatingIncome": 889000000,
        "operatingIncomeRatio": 0.1204607046,
        "totalOtherIncomeExpensesNet": -11000000,
        "incomeBeforeTax": 878000000,
        "incomeBeforeTaxRatio": 0.1189701897,
        "incomeTaxExpense": 223000000,
        "netIncome": 655000000,
        "netIncomeRatio": 0.0887533875,
        "eps": 0.38,
        "epsdiluted": 0.37,
        "weightedAverageShsOut": 1726200000,
        "weightedAverageShsOutDil": 1769600000,
        "link": "https://www.sec.gov/Archives/edgar/data/320187/000032018715000003/0000320187-15-000003-index.htm",
        "finalLink": "https://www.sec.gov/Archives/edgar/data/320187/000032018715000003/nke-11302014x10q.htm"
    },
    {
        "date": "2014-08-31",
        "symbol": "NKE",
        "reportedCurrency": "USD",
        "cik": "0000320187",
        "fillingDate": "2014-10-07",
        "acceptedDate": "2014-10-07 16:58:23",
        "calendarYear": "2015",
        "period": "Q1",
        "revenue": 7982000000,
        "costOfRevenue": 4261000000,
        "grossProfit": 3721000000,
        "grossProfitRatio": 0.4661738913,
        "researchAndDevelopmentExpenses": 0,
        "generalAndAdministrativeExpenses": 1583000000,
        "sellingAndMarketingExpenses": 897000000,
        "sellingGeneralAndAdministrativeExpenses": 2480000000,
        "otherExpenses": 0,
        "operatingExpenses": 2480000000,
        "costAndExpenses": 6741000000,
        "interestIncome": 0,
        "interestExpense": 9000000,
        "depreciationAndAmortization": 155000000,
        "ebitda": 1396000000,
        "ebitdaratio": 0.1748935104,
        "operatingIncome": 1241000000,
        "operatingIncomeRatio": 0.1554748183,
        "totalOtherIncomeExpensesNet": -12000000,
        "incomeBeforeTax": 1229000000,
        "incomeBeforeTaxRatio": 0.1539714357,
        "incomeTaxExpense": 267000000,
        "netIncome": 962000000,
        "netIncomeRatio": 0.1205211726,
        "eps": 0.56,
        "epsdiluted": 0.54,
        "weightedAverageShsOut": 1729800000,
        "weightedAverageShsOutDil": 1772400000,
        "link": "https://www.sec.gov/Archives/edgar/data/320187/000032018714000158/0000320187-14-000158-index.htm",
        "finalLink": "https://www.sec.gov/Archives/edgar/data/320187/000032018714000158/nke-8312014x10q.htm"
    },
    {
        "date": "2014-05-31",
        "symbol": "NKE",
        "reportedCurrency": "USD",
        "cik": "0000320187",
        "fillingDate": "2014-07-25",
        "acceptedDate": "2014-07-25 16:22:20",
        "calendarYear": "2014",
        "period": "Q4",
        "revenue": 7425000000,
        "costOfRevenue": 4040000000,
        "grossProfit": 3385000000,
        "grossProfitRatio": 0.4558922559,
        "researchAndDevelopmentExpenses": 0,
        "generalAndAdministrativeExpenses": 1580000000,
        "sellingAndMarketingExpenses": 876000000,
        "sellingGeneralAndAdministrativeExpenses": 2456000000,
        "otherExpenses": 0,
        "operatingExpenses": 2456000000,
        "costAndExpenses": 6496000000,
        "interestIncome": 0,
        "interestExpense": 8000000,
        "depreciationAndAmortization": 152000000,
        "ebitda": 1081000000,
        "ebitdaratio": 0.1455892256,
        "operatingIncome": 929000000,
        "operatingIncomeRatio": 0.1251178451,
        "totalOtherIncomeExpensesNet": -25000000,
        "incomeBeforeTax": 904000000,
        "incomeBeforeTaxRatio": 0.1217508418,
        "incomeTaxExpense": 213000000,
        "netIncome": 691000000,
        "netIncomeRatio": 0.0930639731,
        "eps": 0.4,
        "epsdiluted": 0.39,
        "weightedAverageShsOut": 1747400000,
        "weightedAverageShsOutDil": 1790400000,
        "link": "https://www.sec.gov/Archives/edgar/data/320187/000032018714000097/0000320187-14-000097-index.htm",
        "finalLink": "https://www.sec.gov/Archives/edgar/data/320187/000032018714000097/nke-5312014x10k.htm"
    },
    {
        "date": "2014-02-28",
        "symbol": "NKE",
        "reportedCurrency": "USD",
        "cik": "0000320187",
        "fillingDate": "2014-04-07",
        "acceptedDate": "2014-04-04 18:10:26",
        "calendarYear": "2014",
        "period": "Q3",
        "revenue": 6972000000,
        "costOfRevenue": 3869000000,
        "grossProfit": 3103000000,
        "grossProfitRatio": 0.4450659782,
        "researchAndDevelopmentExpenses": 0,
        "generalAndAdministrativeExpenses": 1436000000,
        "sellingAndMarketingExpenses": 733000000,
        "sellingGeneralAndAdministrativeExpenses": 2169000000,
        "otherExpenses": 0,
        "operatingExpenses": 2169000000,
        "costAndExpenses": 6038000000,
        "interestIncome": 0,
        "interestExpense": 9000000,
        "depreciationAndAmortization": 134000000,
        "ebitda": 1068000000,
        "ebitdaratio": 0.1531841652,
        "operatingIncome": 934000000,
        "operatingIncomeRatio": 0.1339644291,
        "totalOtherIncomeExpensesNet": -54000000,
        "incomeBeforeTax": 880000000,
        "incomeBeforeTaxRatio": 0.1262191624,
        "incomeTaxExpense": 198000000,
        "netIncome": 682000000,
        "netIncomeRatio": 0.0978198508,
        "eps": 0.39,
        "epsdiluted": 0.38,
        "weightedAverageShsOut": 1764600000,
        "weightedAverageShsOutDil": 1809600000,
        "link": "https://www.sec.gov/Archives/edgar/data/320187/000032018714000030/0000320187-14-000030-index.htm",
        "finalLink": "https://www.sec.gov/Archives/edgar/data/320187/000032018714000030/nke-2282014x10q.htm"
    },
    {
        "date": "2013-11-30",
        "symbol": "NKE",
        "reportedCurrency": "USD",
        "cik": "0000320187",
        "fillingDate": "2014-01-07",
        "acceptedDate": "2014-01-07 16:38:02",
        "calendarYear": "2014",
        "period": "Q2",
        "revenue": 6431000000,
        "costOfRevenue": 3605000000,
        "grossProfit": 2826000000,
        "grossProfitRatio": 0.4394339916,
        "researchAndDevelopmentExpenses": 0,
        "generalAndAdministrativeExpenses": 1400000000,
        "sellingAndMarketingExpenses": 691000000,
        "sellingGeneralAndAdministrativeExpenses": 2091000000,
        "otherExpenses": 0,
        "operatingExpenses": 2091000000,
        "costAndExpenses": 5696000000,
        "interestIncome": 0,
        "interestExpense": 8000000,
        "depreciationAndAmortization": 145000000,
        "ebitda": 880000000,
        "ebitdaratio": 0.1368371948,
        "operatingIncome": 735000000,
        "operatingIncomeRatio": 0.1142901571,
        "totalOtherIncomeExpensesNet": -21000000,
        "incomeBeforeTax": 714000000,
        "incomeBeforeTaxRatio": 0.111024724,
        "incomeTaxExpense": 180000000,
        "netIncome": 534000000,
        "netIncomeRatio": 0.0830352978,
        "eps": 0.3,
        "epsdiluted": 0.29,
        "weightedAverageShsOut": 1776000000,
        "weightedAverageShsOutDil": 1821200000,
        "link": "https://www.sec.gov/Archives/edgar/data/320187/000032018714000003/0000320187-14-000003-index.htm",
        "finalLink": "https://www.sec.gov/Archives/edgar/data/320187/000032018714000003/nke-11302013x10q.htm"
    },
    {
        "date": "2013-08-31",
        "symbol": "NKE",
        "reportedCurrency": "USD",
        "cik": "0000320187",
        "fillingDate": "2013-10-07",
        "acceptedDate": "2013-10-07 17:12:00",
        "calendarYear": "2014",
        "period": "Q1",
        "revenue": 6971000000,
        "costOfRevenue": 3839000000,
        "grossProfit": 3132000000,
        "grossProfitRatio": 0.4492899154,
        "researchAndDevelopmentExpenses": 0,
        "generalAndAdministrativeExpenses": 1327000000,
        "sellingAndMarketingExpenses": 731000000,
        "sellingGeneralAndAdministrativeExpenses": 2058000000,
        "otherExpenses": 0,
        "operatingExpenses": 2058000000,
        "costAndExpenses": 5897000000,
        "interestIncome": 0,
        "interestExpense": 8000000,
        "depreciationAndAmortization": 152000000,
        "ebitda": 1226000000,
        "ebitdaratio": 0.1758714675,
        "operatingIncome": 1074000000,
        "operatingIncomeRatio": 0.1540668484,
        "totalOtherIncomeExpensesNet": -36000000,
        "incomeBeforeTax": 1038000000,
        "incomeBeforeTaxRatio": 0.1489025965,
        "incomeTaxExpense": 259000000,
        "netIncome": 779000000,
        "netIncomeRatio": 0.1117486731,
        "eps": 0.44,
        "epsdiluted": 0.43,
        "weightedAverageShsOut": 1778800000,
        "weightedAverageShsOutDil": 1821400000,
        "link": "https://www.sec.gov/Archives/edgar/data/320187/000032018713000183/0000320187-13-000183-index.htm",
        "finalLink": "https://www.sec.gov/Archives/edgar/data/320187/000032018713000183/nke-8312013x10q.htm"
    },
    {
        "date": "2013-05-31",
        "symbol": "NKE",
        "reportedCurrency": "USD",
        "cik": "0000320187",
        "fillingDate": "2013-07-23",
        "acceptedDate": "2013-07-23 16:32:32",
        "calendarYear": "2013",
        "period": "Q4",
        "revenue": 6697000000,
        "costOfRevenue": 3757000000,
        "grossProfit": 2940000000,
        "grossProfitRatio": 0.4390025385,
        "researchAndDevelopmentExpenses": 0,
        "generalAndAdministrativeExpenses": 1380000000,
        "sellingAndMarketingExpenses": 642000000,
        "sellingGeneralAndAdministrativeExpenses": 2022000000,
        "otherExpenses": 0,
        "operatingExpenses": 2022000000,
        "costAndExpenses": 5779000000,
        "interestIncome": 0,
        "interestExpense": 3000000,
        "depreciationAndAmortization": 154000000,
        "ebitda": 1072000000,
        "ebitdaratio": 0.1600716739,
        "operatingIncome": 918000000,
        "operatingIncomeRatio": 0.1370763028,
        "totalOtherIncomeExpensesNet": -16000000,
        "incomeBeforeTax": 902000000,
        "incomeBeforeTaxRatio": 0.1346871734,
        "incomeTaxExpense": 206000000,
        "netIncome": 668000000,
        "netIncomeRatio": 0.099746155,
        "eps": 0.37,
        "epsdiluted": 0.37,
        "weightedAverageShsOut": 1785200000,
        "weightedAverageShsOutDil": 1826800000,
        "link": "https://www.sec.gov/Archives/edgar/data/320187/000032018713000092/0000320187-13-000092-index.htm",
        "finalLink": "https://www.sec.gov/Archives/edgar/data/320187/000032018713000092/nke-5312013x10k.htm"
    },
    {
        "date": "2013-02-28",
        "symbol": "NKE",
        "reportedCurrency": "USD",
        "cik": "0000320187",
        "fillingDate": "2013-04-04",
        "acceptedDate": "2013-04-04 16:46:36",
        "calendarYear": "2013",
        "period": "Q3",
        "revenue": 6187000000,
        "costOfRevenue": 3451000000,
        "grossProfit": 2736000000,
        "grossProfitRatio": 0.4422175529,
        "researchAndDevelopmentExpenses": 0,
        "generalAndAdministrativeExpenses": 1244000000,
        "sellingAndMarketingExpenses": 619000000,
        "sellingGeneralAndAdministrativeExpenses": 1863000000,
        "otherExpenses": 0,
        "operatingExpenses": 1863000000,
        "costAndExpenses": 5314000000,
        "interestIncome": 0,
        "interestExpense": -2000000,
        "depreciationAndAmortization": 93000000,
        "ebitda": 966000000,
        "ebitdaratio": 0.156133829,
        "operatingIncome": 873000000,
        "operatingIncomeRatio": 0.1411023113,
        "totalOtherIncomeExpensesNet": -15000000,
        "incomeBeforeTax": 858000000,
        "incomeBeforeTaxRatio": 0.138677873,
        "incomeTaxExpense": 196000000,
        "netIncome": 866000000,
        "netIncomeRatio": 0.1399709067,
        "eps": 0.48,
        "epsdiluted": 0.47,
        "weightedAverageShsOut": 1787800000,
        "weightedAverageShsOutDil": 1823400000,
        "link": "https://www.sec.gov/Archives/edgar/data/320187/000119312513142156/0001193125-13-142156-index.htm",
        "finalLink": "https://www.sec.gov/Archives/edgar/data/320187/000119312513142156/d481614d10q.htm"
    },
    {
        "date": "2012-11-30",
        "symbol": "NKE",
        "reportedCurrency": "USD",
        "cik": "0000320187",
        "fillingDate": "2013-01-09",
        "acceptedDate": "2013-01-09 16:16:23",
        "calendarYear": "2013",
        "period": "Q2",
        "revenue": 5955000000,
        "costOfRevenue": 3425000000,
        "grossProfit": 2530000000,
        "grossProfitRatio": 0.4248530647,
        "researchAndDevelopmentExpenses": 0,
        "generalAndAdministrativeExpenses": 1223000000,
        "sellingAndMarketingExpenses": 613000000,
        "sellingGeneralAndAdministrativeExpenses": 1836000000,
        "otherExpenses": 0,
        "operatingExpenses": 1836000000,
        "costAndExpenses": 5261000000,
        "interestIncome": 0,
        "interestExpense": -1000000,
        "depreciationAndAmortization": 129000000,
        "ebitda": 823000000,
        "ebitdaratio": 0.1382031906,
        "operatingIncome": 694000000,
        "operatingIncomeRatio": 0.1165407221,
        "totalOtherIncomeExpensesNet": 18000000,
        "incomeBeforeTax": 712000000,
        "incomeBeforeTaxRatio": 0.1195633921,
        "incomeTaxExpense": 191000000,
        "netIncome": 384000000,
        "netIncomeRatio": 0.0644836272,
        "eps": 0.21,
        "epsdiluted": 0.21,
        "weightedAverageShsOut": 1794000000,
        "weightedAverageShsOutDil": 1826400000,
        "link": "https://www.sec.gov/Archives/edgar/data/320187/000119312513008172/0001193125-13-008172-index.htm",
        "finalLink": "https://www.sec.gov/Archives/edgar/data/320187/000119312513008172/d433378d10q.htm"
    },
    {
        "date": "2012-08-31",
        "symbol": "NKE",
        "reportedCurrency": "USD",
        "cik": "0000320187",
        "fillingDate": "2012-10-09",
        "acceptedDate": "2012-10-09 16:16:09",
        "calendarYear": "2013",
        "period": "Q1",
        "revenue": 6474000000,
        "costOfRevenue": 3646000000,
        "grossProfit": 2828000000,
        "grossProfitRatio": 0.43682422,
        "researchAndDevelopmentExpenses": 0,
        "generalAndAdministrativeExpenses": 1188000000,
        "sellingAndMarketingExpenses": 871000000,
        "sellingGeneralAndAdministrativeExpenses": 2059000000,
        "otherExpenses": 0,
        "operatingExpenses": 2059000000,
        "costAndExpenses": 5705000000,
        "interestIncome": 0,
        "interestExpense": -3000000,
        "depreciationAndAmortization": 137000000,
        "ebitda": 906000000,
        "ebitdaratio": 0.139944393,
        "operatingIncome": 769000000,
        "operatingIncomeRatio": 0.1187828236,
        "totalOtherIncomeExpensesNet": 31000000,
        "incomeBeforeTax": 800000000,
        "incomeBeforeTaxRatio": 0.1235712079,
        "incomeTaxExpense": 215000000,
        "netIncome": 567000000,
        "netIncomeRatio": 0.0875810936,
        "eps": 0.31,
        "epsdiluted": 0.31,
        "weightedAverageShsOut": 1811200000,
        "weightedAverageShsOutDil": 1845600000,
        "link": "https://www.sec.gov/Archives/edgar/data/320187/000119312512418554/0001193125-12-418554-index.htm",
        "finalLink": "https://www.sec.gov/Archives/edgar/data/320187/000119312512418554/d400209d10q.htm"
    },
    {
        "date": "2012-05-31",
        "symbol": "NKE",
        "reportedCurrency": "USD",
        "cik": "0000320187",
        "fillingDate": "2012-07-24",
        "acceptedDate": "2012-07-24 16:16:23",
        "calendarYear": "2012",
        "period": "Q4",
        "revenue": 6470000000,
        "costOfRevenue": 3703000000,
        "grossProfit": 2767000000,
        "grossProfitRatio": 0.4276661515,
        "researchAndDevelopmentExpenses": 0,
        "generalAndAdministrativeExpenses": 0,
        "sellingAndMarketingExpenses": 0,
        "sellingGeneralAndAdministrativeExpenses": 1986000000,
        "otherExpenses": 0,
        "operatingExpenses": 1986000000,
        "costAndExpenses": 5689000000,
        "interestIncome": 0,
        "interestExpense": 0,
        "depreciationAndAmortization": 85000000,
        "ebitda": 882000000,
        "ebitdaratio": 0.1363214838,
        "operatingIncome": 781000000,
        "operatingIncomeRatio": 0.1207109737,
        "totalOtherIncomeExpensesNet": -38000000,
        "incomeBeforeTax": 743000000,
        "incomeBeforeTaxRatio": 0.1148377125,
        "incomeTaxExpense": 194000000,
        "netIncome": 549000000,
        "netIncomeRatio": 0.0848531685,
        "eps": 0.3,
        "epsdiluted": 0.29,
        "weightedAverageShsOut": 1832400000,
        "weightedAverageShsOutDil": 1872400000,
        "link": "https://www.sec.gov/Archives/edgar/data/320187/000119312512312306/0001193125-12-312306-index.htm",
        "finalLink": "https://www.sec.gov/Archives/edgar/data/320187/000119312512312306/d341264d10k.htm"
    },
    {
        "date": "2012-02-29",
        "symbol": "NKE",
        "reportedCurrency": "USD",
        "cik": "0000320187",
        "fillingDate": "2012-04-06",
        "acceptedDate": "2012-04-06 16:23:59",
        "calendarYear": "2012",
        "period": "Q3",
        "revenue": 5656000000,
        "costOfRevenue": 3171000000,
        "grossProfit": 2485000000,
        "grossProfitRatio": 0.4393564356,
        "researchAndDevelopmentExpenses": 0,
        "generalAndAdministrativeExpenses": 1116000000,
        "sellingAndMarketingExpenses": 592000000,
        "sellingGeneralAndAdministrativeExpenses": 1708000000,
        "otherExpenses": 0,
        "operatingExpenses": 1708000000,
        "costAndExpenses": 4879000000,
        "interestIncome": 0,
        "interestExpense": 0,
        "depreciationAndAmortization": 122000000,
        "ebitda": 899000000,
        "ebitdaratio": 0.1589462518,
        "operatingIncome": 777000000,
        "operatingIncomeRatio": 0.1373762376,
        "totalOtherIncomeExpensesNet": 10000000,
        "incomeBeforeTax": 787000000,
        "incomeBeforeTaxRatio": 0.1391442716,
        "incomeTaxExpense": 218000000,
        "netIncome": 560000000,
        "netIncomeRatio": 0.099009901,
        "eps": 0.31,
        "epsdiluted": 0.3,
        "weightedAverageShsOut": 1830000000,
        "weightedAverageShsOutDil": 1869200000,
        "link": "https://www.sec.gov/Archives/edgar/data/320187/000119312512153669/0001193125-12-153669-index.htm",
        "finalLink": "https://www.sec.gov/Archives/edgar/data/320187/000119312512153669/d299216d10q.htm"
    },
    {
        "date": "2011-11-30",
        "symbol": "NKE",
        "reportedCurrency": "USD",
        "cik": "0000320187",
        "fillingDate": "2012-01-05",
        "acceptedDate": "2012-01-05 16:49:23",
        "calendarYear": "2012",
        "period": "Q2",
        "revenue": 5546000000,
        "costOfRevenue": 3170000000,
        "grossProfit": 2376000000,
        "grossProfitRatio": 0.428416877,
        "researchAndDevelopmentExpenses": 0,
        "generalAndAdministrativeExpenses": 0,
        "sellingAndMarketingExpenses": 0,
        "sellingGeneralAndAdministrativeExpenses": 1731000000,
        "otherExpenses": 0,
        "operatingExpenses": 1731000000,
        "costAndExpenses": 4901000000,
        "interestIncome": 0,
        "interestExpense": 3000000,
        "depreciationAndAmortization": 87000000,
        "ebitda": 732000000,
        "ebitdaratio": 0.1319870177,
        "operatingIncome": 645000000,
        "operatingIncomeRatio": 0.1163000361,
        "totalOtherIncomeExpensesNet": -13000000,
        "incomeBeforeTax": 632000000,
        "incomeBeforeTaxRatio": 0.1139560043,
        "incomeTaxExpense": 152000000,
        "netIncome": 469000000,
        "netIncomeRatio": 0.0845654526,
        "eps": 0.26,
        "epsdiluted": 0.25,
        "weightedAverageShsOut": 1836800000,
        "weightedAverageShsOutDil": 1874000000,
        "link": "https://www.sec.gov/Archives/edgar/data/320187/000119312512003655/0001193125-12-003655-index.htm",
        "finalLink": "https://www.sec.gov/Archives/edgar/data/320187/000119312512003655/d259313d10q.htm"
    },
    {
        "date": "2011-08-31",
        "symbol": "NKE",
        "reportedCurrency": "USD",
        "cik": "0000320187",
        "fillingDate": "2011-10-06",
        "acceptedDate": "2011-10-06 16:01:53",
        "calendarYear": "2012",
        "period": "Q1",
        "revenue": 6081000000,
        "costOfRevenue": 3388000000,
        "grossProfit": 2693000000,
        "grossProfitRatio": 0.4428547936,
        "researchAndDevelopmentExpenses": 0,
        "generalAndAdministrativeExpenses": 0,
        "sellingAndMarketingExpenses": 0,
        "sellingGeneralAndAdministrativeExpenses": 1823000000,
        "otherExpenses": 0,
        "operatingExpenses": 1823000000,
        "costAndExpenses": 5211000000,
        "interestIncome": 0,
        "interestExpense": 0,
        "depreciationAndAmortization": 111000000,
        "ebitda": 981000000,
        "ebitdaratio": 0.161322151,
        "operatingIncome": 870000000,
        "operatingIncomeRatio": 0.1430685742,
        "totalOtherIncomeExpensesNet": -18000000,
        "incomeBeforeTax": 852000000,
        "incomeBeforeTaxRatio": 0.1401085348,
        "incomeTaxExpense": 207000000,
        "netIncome": 645000000,
        "netIncomeRatio": 0.1060680809,
        "eps": 0.35,
        "epsdiluted": 0.34,
        "weightedAverageShsOut": 1860000000,
        "weightedAverageShsOutDil": 1897200000,
        "link": "https://www.sec.gov/Archives/edgar/data/320187/000119312511265731/0001193125-11-265731-index.htm",
        "finalLink": "https://www.sec.gov/Archives/edgar/data/320187/000119312511265731/d225418d10q.htm"
    },
    {
        "date": "2011-05-31",
        "symbol": "NKE",
        "reportedCurrency": "USD",
        "cik": "0000320187",
        "fillingDate": "2011-07-22",
        "acceptedDate": "2011-07-22 16:16:31",
        "calendarYear": "2011",
        "period": "Q4",
        "revenue": 5766000000,
        "costOfRevenue": 3212000000,
        "grossProfit": 2554000000,
        "grossProfitRatio": 0.4429413805,
        "researchAndDevelopmentExpenses": 0,
        "generalAndAdministrativeExpenses": 0,
        "sellingAndMarketingExpenses": 0,
        "sellingGeneralAndAdministrativeExpenses": 1772000000,
        "otherExpenses": 0,
        "operatingExpenses": 1772000000,
        "costAndExpenses": 4984000000,
        "interestIncome": 0,
        "interestExpense": 4000000,
        "depreciationAndAmortization": 98000000,
        "ebitda": 913000000,
        "ebitdaratio": 0.1583420049,
        "operatingIncome": 782000000,
        "operatingIncomeRatio": 0.1356226153,
        "totalOtherIncomeExpensesNet": -9000000,
        "incomeBeforeTax": 773000000,
        "incomeBeforeTaxRatio": 0.1340617412,
        "incomeTaxExpense": 179000000,
        "netIncome": 594000000,
        "netIncomeRatio": 0.1030176899,
        "eps": 0.32,
        "epsdiluted": 0.32,
        "weightedAverageShsOut": 1860000000,
        "weightedAverageShsOutDil": 1860000000,
        "link": "https://www.sec.gov/Archives/edgar/data/320187/000119312511194791/0001193125-11-194791-index.htm",
        "finalLink": "https://www.sec.gov/Archives/edgar/data/320187/000119312511194791/d10k.htm"
    },
    {
        "date": "2011-02-28",
        "symbol": "NKE",
        "reportedCurrency": "USD",
        "cik": "0000320187",
        "fillingDate": "2011-04-06",
        "acceptedDate": "2011-04-06 16:43:42",
        "calendarYear": "2011",
        "period": "Q3",
        "revenue": 5079000000,
        "costOfRevenue": 2752000000,
        "grossProfit": 2327000000,
        "grossProfitRatio": 0.4581610553,
        "researchAndDevelopmentExpenses": 0,
        "generalAndAdministrativeExpenses": 0,
        "sellingAndMarketingExpenses": 0,
        "sellingGeneralAndAdministrativeExpenses": 1637000000,
        "otherExpenses": 0,
        "operatingExpenses": 1637000000,
        "costAndExpenses": 4389000000,
        "interestIncome": 0,
        "interestExpense": 0,
        "depreciationAndAmortization": 85000000,
        "ebitda": 792000000,
        "ebitdaratio": 0.1559362079,
        "operatingIncome": 690000000,
        "operatingIncomeRatio": 0.1358535145,
        "totalOtherIncomeExpensesNet": 17000000,
        "incomeBeforeTax": 707000000,
        "incomeBeforeTaxRatio": 0.13920063,
        "incomeTaxExpense": 184000000,
        "netIncome": 523000000,
        "netIncomeRatio": 0.1029730262,
        "eps": 0.28,
        "epsdiluted": 0.27,
        "weightedAverageShsOut": 1901200000,
        "weightedAverageShsOutDil": 1942000000,
        "link": "https://www.sec.gov/Archives/edgar/data/320187/000119312511090259/0001193125-11-090259-index.htm",
        "finalLink": "https://www.sec.gov/Archives/edgar/data/320187/000119312511090259/d10q.htm"
    },
    {
        "date": "2010-11-30",
        "symbol": "NKE",
        "reportedCurrency": "USD",
        "cik": "0000320187",
        "fillingDate": "2011-01-06",
        "acceptedDate": "2011-01-06 17:02:58",
        "calendarYear": "2011",
        "period": "Q2",
        "revenue": 4842000000,
        "costOfRevenue": 2649000000,
        "grossProfit": 2193000000,
        "grossProfitRatio": 0.4529120198,
        "researchAndDevelopmentExpenses": 0,
        "generalAndAdministrativeExpenses": 0,
        "sellingAndMarketingExpenses": 0,
        "sellingGeneralAndAdministrativeExpenses": 1611000000,
        "otherExpenses": 0,
        "operatingExpenses": 1611000000,
        "costAndExpenses": 4260000000,
        "interestIncome": 0,
        "interestExpense": 1000000,
        "depreciationAndAmortization": 113000000,
        "ebitda": 723000000,
        "ebitdaratio": 0.1493184634,
        "operatingIncome": 582000000,
        "operatingIncomeRatio": 0.1201982652,
        "totalOtherIncomeExpensesNet": 27000000,
        "incomeBeforeTax": 609000000,
        "incomeBeforeTaxRatio": 0.1257744734,
        "incomeTaxExpense": 152000000,
        "netIncome": 457000000,
        "netIncomeRatio": 0.0943824866,
        "eps": 0.24,
        "epsdiluted": 0.23,
        "weightedAverageShsOut": 1911600000,
        "weightedAverageShsOutDil": 1950400000,
        "link": "https://www.sec.gov/Archives/edgar/data/320187/000119312511002957/0001193125-11-002957-index.htm",
        "finalLink": "https://www.sec.gov/Archives/edgar/data/320187/000119312511002957/d10q.htm"
    },
    {
        "date": "2010-08-31",
        "symbol": "NKE",
        "reportedCurrency": "USD",
        "cik": "0000320187",
        "fillingDate": "2010-10-06",
        "acceptedDate": "2010-10-06 16:05:05",
        "calendarYear": "2011",
        "period": "Q1",
        "revenue": 5175000000,
        "costOfRevenue": 2741000000,
        "grossProfit": 2434000000,
        "grossProfitRatio": 0.4703381643,
        "researchAndDevelopmentExpenses": 0,
        "generalAndAdministrativeExpenses": 0,
        "sellingAndMarketingExpenses": 0,
        "sellingGeneralAndAdministrativeExpenses": 1673000000,
        "otherExpenses": 0,
        "operatingExpenses": 1673000000,
        "costAndExpenses": 4414000000,
        "interestIncome": 0,
        "interestExpense": -1000000,
        "depreciationAndAmortization": 62000000,
        "ebitda": 823000000,
        "ebitdaratio": 0.1590338164,
        "operatingIncome": 761000000,
        "operatingIncomeRatio": 0.1470531401,
        "totalOtherIncomeExpensesNet": -6000000,
        "incomeBeforeTax": 755000000,
        "incomeBeforeTaxRatio": 0.1458937198,
        "incomeTaxExpense": 196000000,
        "netIncome": 559000000,
        "netIncomeRatio": 0.1080193237,
        "eps": 0.29,
        "epsdiluted": 0.29,
        "weightedAverageShsOut": 1918400000,
        "weightedAverageShsOutDil": 1954400000,
        "link": "https://www.sec.gov/Archives/edgar/data/320187/000119312510224858/0001193125-10-224858-index.htm",
        "finalLink": "https://www.sec.gov/Archives/edgar/data/320187/000119312510224858/d10q.htm"
    },
    {
        "date": "2010-05-31",
        "symbol": "NKE",
        "reportedCurrency": "USD",
        "cik": "0000320187",
        "fillingDate": "2010-07-20",
        "acceptedDate": "2010-07-20 17:18:30",
        "calendarYear": "2010",
        "period": "Q4",
        "revenue": 5076900000,
        "costOfRevenue": 2670700000,
        "grossProfit": 2406200000,
        "grossProfitRatio": 0.4739506392,
        "researchAndDevelopmentExpenses": 0,
        "generalAndAdministrativeExpenses": 0,
        "sellingAndMarketingExpenses": 0,
        "sellingGeneralAndAdministrativeExpenses": 1737900000,
        "otherExpenses": 0,
        "operatingExpenses": 1737900000,
        "costAndExpenses": 4408600000,
        "interestIncome": 0,
        "interestExpense": -9700000,
        "depreciationAndAmortization": 133200000,
        "ebitda": 801500000,
        "ebitdaratio": 0.1578719297,
        "operatingIncome": 668300000,
        "operatingIncomeRatio": 0.1316354468,
        "totalOtherIncomeExpensesNet": 14500000,
        "incomeBeforeTax": 682800000,
        "incomeBeforeTaxRatio": 0.1344915204,
        "incomeTaxExpense": 160900000,
        "netIncome": 521900000,
        "netIncomeRatio": 0.1027989521,
        "eps": 0.27,
        "epsdiluted": 0.27,
        "weightedAverageShsOut": 1918400000,
        "weightedAverageShsOutDil": 1918400000,
        "link": "https://www.sec.gov/Archives/edgar/data/320187/000119312510161874/0001193125-10-161874-index.htm",
        "finalLink": "https://www.sec.gov/Archives/edgar/data/320187/000119312510161874/d10k.htm"
    },
    {
        "date": "2010-02-28",
        "symbol": "NKE",
        "reportedCurrency": "USD",
        "cik": "0000320187",
        "fillingDate": "2010-04-07",
        "acceptedDate": "2010-04-07 17:10:32",
        "calendarYear": "2010",
        "period": "Q3",
        "revenue": 4733000000,
        "costOfRevenue": 2515000000,
        "grossProfit": 2218000000,
        "grossProfitRatio": 0.468624551,
        "researchAndDevelopmentExpenses": 0,
        "generalAndAdministrativeExpenses": 0,
        "sellingAndMarketingExpenses": 0,
        "sellingGeneralAndAdministrativeExpenses": 1563000000,
        "otherExpenses": 0,
        "operatingExpenses": 1563000000,
        "costAndExpenses": 4078000000,
        "interestIncome": -100000,
        "interestExpense": 900000,
        "depreciationAndAmortization": 87000000,
        "ebitda": 742000000,
        "ebitdaratio": 0.1567716036,
        "operatingIncome": 655000000,
        "operatingIncomeRatio": 0.1383900275,
        "totalOtherIncomeExpensesNet": 7000000,
        "incomeBeforeTax": 662000000,
        "incomeBeforeTaxRatio": 0.1398690049,
        "incomeTaxExpense": 165000000,
        "netIncome": 497000000,
        "netIncomeRatio": 0.1050073949,
        "eps": 0.26,
        "epsdiluted": 0.25,
        "weightedAverageShsOut": 1937600000,
        "weightedAverageShsOutDil": 1969200000,
        "link": "https://www.sec.gov/Archives/edgar/data/320187/000119312510078534/0001193125-10-078534-index.htm",
        "finalLink": "https://www.sec.gov/Archives/edgar/data/320187/000119312510078534/d10q.htm"
    },
    {
        "date": "2009-11-30",
        "symbol": "NKE",
        "reportedCurrency": "USD",
        "cik": "0000320187",
        "fillingDate": "2010-01-06",
        "acceptedDate": "2010-01-06 17:17:10",
        "calendarYear": "2010",
        "period": "Q2",
        "revenue": 4405000000,
        "costOfRevenue": 2445000000,
        "grossProfit": 1960000000,
        "grossProfitRatio": 0.4449489217,
        "researchAndDevelopmentExpenses": 0,
        "generalAndAdministrativeExpenses": 0,
        "sellingAndMarketingExpenses": 0,
        "sellingGeneralAndAdministrativeExpenses": 1479000000,
        "otherExpenses": 0,
        "operatingExpenses": 1479000000,
        "costAndExpenses": 3924000000,
        "interestIncome": 0,
        "interestExpense": 2000000,
        "depreciationAndAmortization": 94000000,
        "ebitda": 587000000,
        "ebitdaratio": 0.1332576617,
        "operatingIncome": 481000000,
        "operatingIncomeRatio": 0.1091940976,
        "totalOtherIncomeExpensesNet": 10000000,
        "incomeBeforeTax": 491000000,
        "incomeBeforeTaxRatio": 0.1114642452,
        "incomeTaxExpense": 116000000,
        "netIncome": 375000000,
        "netIncomeRatio": 0.0851305335,
        "eps": 0.19,
        "epsdiluted": 0.19,
        "weightedAverageShsOut": 1948800000,
        "weightedAverageShsOutDil": 1978000000,
        "link": "https://www.sec.gov/Archives/edgar/data/320187/000119312510002092/0001193125-10-002092-index.htm",
        "finalLink": "https://www.sec.gov/Archives/edgar/data/320187/000119312510002092/d10q.htm"
    },
    {
        "date": "2009-08-31",
        "symbol": "NKE",
        "reportedCurrency": "USD",
        "cik": "0000320187",
        "fillingDate": "2009-10-08",
        "acceptedDate": "2009-10-08 17:06:59",
        "calendarYear": "2010",
        "period": "Q1",
        "revenue": 4799000000,
        "costOfRevenue": 2583000000,
        "grossProfit": 2216000000,
        "grossProfitRatio": 0.4617628673,
        "researchAndDevelopmentExpenses": 0,
        "generalAndAdministrativeExpenses": 0,
        "sellingAndMarketingExpenses": 0,
        "sellingGeneralAndAdministrativeExpenses": 1546000000,
        "otherExpenses": 0,
        "operatingExpenses": 1546000000,
        "costAndExpenses": 4129000000,
        "interestIncome": 0,
        "interestExpense": 1000000,
        "depreciationAndAmortization": 81000000,
        "ebitda": 751000000,
        "ebitdaratio": 0.1564909356,
        "operatingIncome": 670000000,
        "operatingIncomeRatio": 0.1396124193,
        "totalOtherIncomeExpensesNet": 11000000,
        "incomeBeforeTax": 681000000,
        "incomeBeforeTaxRatio": 0.1419045635,
        "incomeTaxExpense": 168000000,
        "netIncome": 513000000,
        "netIncomeRatio": 0.1068972703,
        "eps": 0.26,
        "epsdiluted": 0.26,
        "weightedAverageShsOut": 1943200000,
        "weightedAverageShsOutDil": 1966400000,
        "link": "https://www.sec.gov/Archives/edgar/data/320187/000119312509205690/0001193125-09-205690-index.htm",
        "finalLink": "https://www.sec.gov/Archives/edgar/data/320187/000119312509205690/d10q.htm"
    },
    {
        "date": "2009-05-31",
        "symbol": "NKE",
        "reportedCurrency": "USD",
        "cik": "0000320187",
        "fillingDate": "2009-07-27",
        "acceptedDate": "2009-07-27 17:27:24",
        "calendarYear": "2009",
        "period": "Q4",
        "revenue": 4713000000,
        "costOfRevenue": 2669200000,
        "grossProfit": 2043800000,
        "grossProfitRatio": 0.433651602,
        "researchAndDevelopmentExpenses": 0,
        "generalAndAdministrativeExpenses": 0,
        "sellingAndMarketingExpenses": 0,
        "sellingGeneralAndAdministrativeExpenses": 1394300000,
        "otherExpenses": 0,
        "operatingExpenses": 1394300000,
        "costAndExpenses": 4063500000,
        "interestIncome": 0,
        "interestExpense": 0,
        "depreciationAndAmortization": 128500000,
        "ebitda": 778000000,
        "ebitdaratio": 0.1650753236,
        "operatingIncome": 649500000,
        "operatingIncomeRatio": 0.1378103119,
        "totalOtherIncomeExpensesNet": -163200000,
        "incomeBeforeTax": 486300000,
        "incomeBeforeTaxRatio": 0.1031826862,
        "incomeTaxExpense": 144900000,
        "netIncome": 341400000,
        "netIncomeRatio": 0.0724379376,
        "eps": 0.18,
        "epsdiluted": 0.18,
        "weightedAverageShsOut": 1936000000,
        "weightedAverageShsOutDil": 1936000000,
        "link": "https://www.sec.gov/Archives/edgar/data/320187/000119312509155951/0001193125-09-155951-index.htm",
        "finalLink": "https://www.sec.gov/Archives/edgar/data/320187/000119312509155951/d10k.htm"
    },
    {
        "date": "2009-02-28",
        "symbol": "NKE",
        "reportedCurrency": "USD",
        "cik": "0000320187",
        "fillingDate": "2009-04-09",
        "acceptedDate": "2009-04-08 20:38:09",
        "calendarYear": "2009",
        "period": "Q3",
        "revenue": 4440800000,
        "costOfRevenue": 2492300000,
        "grossProfit": 1948500000,
        "grossProfitRatio": 0.4387722933,
        "researchAndDevelopmentExpenses": 0,
        "generalAndAdministrativeExpenses": 0,
        "sellingAndMarketingExpenses": 0,
        "sellingGeneralAndAdministrativeExpenses": 1352100000,
        "otherExpenses": 0,
        "operatingExpenses": 1352100000,
        "costAndExpenses": 3844400000,
        "interestIncome": 0,
        "interestExpense": 3000000,
        "depreciationAndAmortization": 79900000,
        "ebitda": 676300000,
        "ebitdaratio": 0.1522923798,
        "operatingIncome": 596400000,
        "operatingIncomeRatio": 0.1343001261,
        "totalOtherIncomeExpensesNet": -361000000,
        "incomeBeforeTax": 235400000,
        "incomeBeforeTaxRatio": 0.0530084669,
        "incomeTaxExpense": -8400000,
        "netIncome": 243800000,
        "netIncomeRatio": 0.054900018,
        "eps": 0.13,
        "epsdiluted": 0.12,
        "weightedAverageShsOut": 1936000000,
        "weightedAverageShsOutDil": 1952400000,
        "link": "https://www.sec.gov/Archives/edgar/data/320187/000119312509075826/0001193125-09-075826-index.htm",
        "finalLink": "https://www.sec.gov/Archives/edgar/data/320187/000119312509075826/d10q.htm"
    },
    {
        "date": "2008-11-30",
        "symbol": "NKE",
        "reportedCurrency": "USD",
        "cik": "0000320187",
        "fillingDate": "2009-01-07",
        "acceptedDate": "2009-01-07 17:15:02",
        "calendarYear": "2009",
        "period": "Q2",
        "revenue": 4590100000,
        "costOfRevenue": 2540100000,
        "grossProfit": 2050000000,
        "grossProfitRatio": 0.4466133635,
        "researchAndDevelopmentExpenses": 0,
        "generalAndAdministrativeExpenses": 0,
        "sellingAndMarketingExpenses": 0,
        "sellingGeneralAndAdministrativeExpenses": 1546800000,
        "otherExpenses": 0,
        "operatingExpenses": 1546800000,
        "costAndExpenses": 4086900000,
        "interestIncome": 5000000,
        "interestExpense": 0,
        "depreciationAndAmortization": 89600000,
        "ebitda": 592800000,
        "ebitdaratio": 0.1291475131,
        "operatingIncome": 503200000,
        "operatingIncomeRatio": 0.1096272412,
        "totalOtherIncomeExpensesNet": 17400000,
        "incomeBeforeTax": 520600000,
        "incomeBeforeTaxRatio": 0.1134180083,
        "incomeTaxExpense": 129600000,
        "netIncome": 391000000,
        "netIncomeRatio": 0.0851833293,
        "eps": 0.2,
        "epsdiluted": 0.2,
        "weightedAverageShsOut": 1934800000,
        "weightedAverageShsOutDil": 1959200000,
        "link": "https://www.sec.gov/Archives/edgar/data/320187/000032018709000006/0000320187-09-000006-index.htm",
        "finalLink": "https://www.sec.gov/Archives/edgar/data/320187/000032018709000006/f10q090107.htm"
    },
    {
        "date": "2008-09-30",
        "symbol": "NKE",
        "reportedCurrency": "USD",
        "cik": "0000320187",
        "fillingDate": "2008-10-06",
        "acceptedDate": "2008-10-03 17:41:19",
        "calendarYear": "2009",
        "period": "Q1",
        "revenue": 5432200000,
        "costOfRevenue": 2870100000,
        "grossProfit": 2562100000,
        "grossProfitRatio": 0.4716505283,
        "researchAndDevelopmentExpenses": 0,
        "generalAndAdministrativeExpenses": 0,
        "sellingAndMarketingExpenses": 0,
        "sellingGeneralAndAdministrativeExpenses": 1856400000,
        "otherExpenses": 0,
        "operatingExpenses": 1856400000,
        "costAndExpenses": 4726500000,
        "interestIncome": 0,
        "interestExpense": 0,
        "depreciationAndAmortization": 85300000,
        "ebitda": 791000000,
        "ebitdaratio": 0.1456131954,
        "operatingIncome": 705700000,
        "operatingIncomeRatio": 0.1299105335,
        "totalOtherIncomeExpensesNet": 8500000,
        "incomeBeforeTax": 714200000,
        "incomeBeforeTaxRatio": 0.1314752771,
        "incomeTaxExpense": 203700000,
        "netIncome": 510500000,
        "netIncomeRatio": 0.0939766577,
        "eps": 0.26,
        "epsdiluted": 0.26,
        "weightedAverageShsOut": 1948800000,
        "weightedAverageShsOutDil": 1979600000,
        "link": "https://www.sec.gov/Archives/edgar/data/320187/000032018708000123/0000320187-08-000123-index.htm",
        "finalLink": "https://www.sec.gov/Archives/edgar/data/320187/000032018708000123/f10q081003.htm"
    },
    {
        "date": "2008-05-31",
        "symbol": "NKE",
        "reportedCurrency": "USD",
        "cik": "0000320187",
        "fillingDate": "2008-07-28",
        "acceptedDate": "2008-07-28 16:08:06",
        "calendarYear": "2008",
        "period": "Q4",
        "revenue": 5088000000,
        "costOfRevenue": 2756600000,
        "grossProfit": 2331400000,
        "grossProfitRatio": 0.4582154088,
        "researchAndDevelopmentExpenses": 0,
        "generalAndAdministrativeExpenses": 0,
        "sellingAndMarketingExpenses": 0,
        "sellingGeneralAndAdministrativeExpenses": 1686300000,
        "otherExpenses": 0,
        "operatingExpenses": 1686300000,
        "costAndExpenses": 4442900000,
        "interestIncome": 0,
        "interestExpense": 0,
        "depreciationAndAmortization": 72600000,
        "ebitda": 717700000,
        "ebitdaratio": 0.1410573899,
        "operatingIncome": 645100000,
        "operatingIncomeRatio": 0.126788522,
        "totalOtherIncomeExpensesNet": 3200000,
        "incomeBeforeTax": 648300000,
        "incomeBeforeTaxRatio": 0.1274174528,
        "incomeTaxExpense": 157800000,
        "netIncome": 490500000,
        "netIncomeRatio": 0.0964033019,
        "eps": 0.25,
        "epsdiluted": 0.25,
        "weightedAverageShsOut": 1948800000,
        "weightedAverageShsOutDil": 1948800000,
        "link": "https://www.sec.gov/Archives/edgar/data/320187/000119312508159004/0001193125-08-159004-index.htm",
        "finalLink": "https://www.sec.gov/Archives/edgar/data/320187/000119312508159004/d10k.htm"
    },
    {
        "date": "2008-02-29",
        "symbol": "NKE",
        "reportedCurrency": "USD",
        "cik": "0000320187",
        "fillingDate": "2008-03-19",
        "acceptedDate": "2008-03-19 16:16:28",
        "calendarYear": "2008",
        "period": "Q3",
        "revenue": 4544400000,
        "costOfRevenue": 2496500000,
        "grossProfit": 2047900000,
        "grossProfitRatio": 0.4506425491,
        "researchAndDevelopmentExpenses": 0,
        "generalAndAdministrativeExpenses": 0,
        "sellingAndMarketingExpenses": 0,
        "sellingGeneralAndAdministrativeExpenses": 1403200000,
        "otherExpenses": 0,
        "operatingExpenses": 1403200000,
        "costAndExpenses": 3899700000,
        "interestIncome": 0,
        "interestExpense": 0,
        "depreciationAndAmortization": 91500000,
        "ebitda": 736200000,
        "ebitdaratio": 0.1620015844,
        "operatingIncome": 644700000,
        "operatingIncomeRatio": 0.1418669131,
        "totalOtherIncomeExpensesNet": 24000000,
        "incomeBeforeTax": 668700000,
        "incomeBeforeTaxRatio": 0.1471481384,
        "incomeTaxExpense": 204900000,
        "netIncome": 463800000,
        "netIncomeRatio": 0.1020596778,
        "eps": 0.24,
        "epsdiluted": 0.23,
        "weightedAverageShsOut": 1973617021,
        "weightedAverageShsOutDil": 2016521739,
        "link": "https://www.sec.gov/Archives/edgar/data/320187/000032018708000014/0000320187-08-000014-index.htm",
        "finalLink": "https://www.sec.gov/Archives/edgar/data/320187/000032018708000014/f8k080319.txt"
    },
    {
        "date": "2007-11-30",
        "symbol": "NKE",
        "reportedCurrency": "USD",
        "cik": "0000320187",
        "fillingDate": "2007-12-19",
        "acceptedDate": "2007-12-19 16:30:25",
        "calendarYear": "2008",
        "period": "Q2",
        "revenue": 4339500000,
        "costOfRevenue": 2418400000,
        "grossProfit": 1921100000,
        "grossProfitRatio": 0.442700772,
        "researchAndDevelopmentExpenses": 0,
        "generalAndAdministrativeExpenses": 0,
        "sellingAndMarketingExpenses": 0,
        "sellingGeneralAndAdministrativeExpenses": 1429500000,
        "otherExpenses": 0,
        "operatingExpenses": 1429500000,
        "costAndExpenses": 3847900000,
        "interestIncome": 0,
        "interestExpense": 0,
        "depreciationAndAmortization": 85800000,
        "ebitda": 577400000,
        "ebitdaratio": 0.1330568038,
        "operatingIncome": 491600000,
        "operatingIncomeRatio": 0.1132849407,
        "totalOtherIncomeExpensesNet": 24000000,
        "incomeBeforeTax": 515600000,
        "incomeBeforeTaxRatio": 0.1188155317,
        "incomeTaxExpense": 156200000,
        "netIncome": 359400000,
        "netIncomeRatio": 0.0828206015,
        "eps": 0.18,
        "epsdiluted": 0.18,
        "weightedAverageShsOut": 1996666667,
        "weightedAverageShsOutDil": 2024788732,
        "link": "https://www.sec.gov/Archives/edgar/data/320187/000032018707000240/0000320187-07-000240-index.htm",
        "finalLink": "https://www.sec.gov/Archives/edgar/data/320187/000032018707000240/f8k071219er.txt"
    },
    {
        "date": "2007-08-31",
        "symbol": "NKE",
        "reportedCurrency": "USD",
        "cik": "0000320187",
        "fillingDate": "2007-09-20",
        "acceptedDate": "2007-09-20 16:37:42",
        "calendarYear": "2008",
        "period": "Q1",
        "revenue": 4655100000,
        "costOfRevenue": 2568100000,
        "grossProfit": 2087000000,
        "grossProfitRatio": 0.4483254925,
        "researchAndDevelopmentExpenses": 0,
        "generalAndAdministrativeExpenses": 0,
        "sellingAndMarketingExpenses": 0,
        "sellingGeneralAndAdministrativeExpenses": 1434700000,
        "otherExpenses": 0,
        "operatingExpenses": 1434700000,
        "costAndExpenses": 4002800000,
        "interestIncome": 0,
        "interestExpense": 0,
        "depreciationAndAmortization": 71600000,
        "ebitda": 723900000,
        "ebitdaratio": 0.1555068634,
        "operatingIncome": 652300000,
        "operatingIncomeRatio": 0.1401258834,
        "totalOtherIncomeExpensesNet": 18000000,
        "incomeBeforeTax": 670300000,
        "incomeBeforeTaxRatio": 0.1439926103,
        "incomeTaxExpense": 100600000,
        "netIncome": 569700000,
        "netIncomeRatio": 0.1223819037,
        "eps": 0.29,
        "epsdiluted": 0.28,
        "weightedAverageShsOut": 1998947368,
        "weightedAverageShsOutDil": 2034642857,
        "link": "https://www.sec.gov/Archives/edgar/data/320187/000032018707000205/0000320187-07-000205-index.htm",
        "finalLink": "https://www.sec.gov/Archives/edgar/data/320187/000032018707000205/f8k070920er.txt"
    },
    {
        "date": "2007-05-31",
        "symbol": "NKE",
        "reportedCurrency": "USD",
        "cik": "0000320187",
        "fillingDate": "2007-07-27",
        "acceptedDate": "2007-07-27 16:16:21",
        "calendarYear": "2007",
        "period": "Q4",
        "revenue": 4383200000,
        "costOfRevenue": 2464200000,
        "grossProfit": 1919000000,
        "grossProfitRatio": 0.4378079942,
        "researchAndDevelopmentExpenses": 0,
        "generalAndAdministrativeExpenses": 0,
        "sellingAndMarketingExpenses": 0,
        "sellingGeneralAndAdministrativeExpenses": 1272000000,
        "otherExpenses": 0,
        "operatingExpenses": 1272000000,
        "costAndExpenses": 3736200000,
        "interestIncome": 0,
        "interestExpense": 0,
        "depreciationAndAmortization": 81000000,
        "ebitda": 728000000,
        "ebitdaratio": 0.1660887023,
        "operatingIncome": 647000000,
        "operatingIncomeRatio": 0.1476090527,
        "totalOtherIncomeExpensesNet": 11800000,
        "incomeBeforeTax": 658800000,
        "incomeBeforeTaxRatio": 0.1503011498,
        "incomeTaxExpense": 220900000,
        "netIncome": 437900000,
        "netIncomeRatio": 0.0999041796,
        "eps": 0.22,
        "epsdiluted": 0.22,
        "weightedAverageShsOut": 1998947368,
        "weightedAverageShsOutDil": 1998947368,
        "link": "https://www.sec.gov/Archives/edgar/data/320187/000119312507164166/0001193125-07-164166-index.htm",
        "finalLink": "https://www.sec.gov/Archives/edgar/data/320187/000119312507164166/d10k.htm"
    },
    {
        "date": "2007-02-28",
        "symbol": "NKE",
        "reportedCurrency": "USD",
        "cik": "0000320187",
        "fillingDate": "2007-02-28",
        "acceptedDate": "2007-02-28 00:00:00",
        "calendarYear": "2007",
        "period": "Q3",
        "revenue": 3926900000,
        "costOfRevenue": 2191700000,
        "grossProfit": 1735200000,
        "grossProfitRatio": 0.4418752706,
        "researchAndDevelopmentExpenses": 0,
        "generalAndAdministrativeExpenses": 0,
        "sellingAndMarketingExpenses": 0,
        "sellingGeneralAndAdministrativeExpenses": 1243300000,
        "otherExpenses": 0,
        "operatingExpenses": 1243300000,
        "costAndExpenses": 3435000000,
        "interestIncome": 0,
        "interestExpense": 0,
        "depreciationAndAmortization": 46900000,
        "ebitda": 538800000,
        "ebitdaratio": 0.1372074664,
        "operatingIncome": 491900000,
        "operatingIncomeRatio": 0.1252642033,
        "totalOtherIncomeExpensesNet": 26100000,
        "incomeBeforeTax": 518000000,
        "incomeBeforeTaxRatio": 0.1319106674,
        "incomeTaxExpense": 167200000,
        "netIncome": 350800000,
        "netIncomeRatio": 0.0893325524,
        "eps": 0.17,
        "epsdiluted": 0.17,
        "weightedAverageShsOut": 2015197133,
        "weightedAverageShsOutDil": 2037101449,
        "link": null,
        "finalLink": null
    },
    {
        "date": "2006-11-30",
        "symbol": "NKE",
        "reportedCurrency": "USD",
        "cik": "0000320187",
        "fillingDate": "2006-12-06",
        "acceptedDate": "2006-12-05 20:36:47",
        "calendarYear": "2007",
        "period": "Q2",
        "revenue": 3821700000,
        "costOfRevenue": 2164600000,
        "grossProfit": 1657100000,
        "grossProfitRatio": 0.4336028469,
        "researchAndDevelopmentExpenses": 0,
        "generalAndAdministrativeExpenses": 0,
        "sellingAndMarketingExpenses": 0,
        "sellingGeneralAndAdministrativeExpenses": 1223700000,
        "otherExpenses": 0,
        "operatingExpenses": 1223700000,
        "costAndExpenses": 3388300000,
        "interestIncome": 0,
        "interestExpense": 0,
        "depreciationAndAmortization": 68300000,
        "ebitda": 501700000,
        "ebitdaratio": 0.131276657,
        "operatingIncome": 433400000,
        "operatingIncomeRatio": 0.1134050292,
        "totalOtherIncomeExpensesNet": 13900000,
        "incomeBeforeTax": 447300000,
        "incomeBeforeTaxRatio": 0.117042154,
        "incomeTaxExpense": 121700000,
        "netIncome": 325600000,
        "netIncomeRatio": 0.0851976869,
        "eps": 0.16,
        "epsdiluted": 0.16,
        "weightedAverageShsOut": 2025234899,
        "weightedAverageShsOutDil": 2052789116,
        "link": "https://www.sec.gov/Archives/edgar/data/320187/000032018706000194/0000320187-06-000194-index.htm",
        "finalLink": "https://www.sec.gov/Archives/edgar/data/320187/000032018706000194/f8k061205.txt"
    },
    {
        "date": "2006-08-31",
        "symbol": "NKE",
        "reportedCurrency": "USD",
        "cik": "0000320187",
        "fillingDate": "2006-08-31",
        "acceptedDate": "2006-08-31 00:00:00",
        "calendarYear": "2007",
        "period": "Q1",
        "revenue": 4194100000,
        "costOfRevenue": 2344900000,
        "grossProfit": 1849200000,
        "grossProfitRatio": 0.4409050809,
        "researchAndDevelopmentExpenses": 0,
        "generalAndAdministrativeExpenses": 0,
        "sellingAndMarketingExpenses": 0,
        "sellingGeneralAndAdministrativeExpenses": 1289700000,
        "otherExpenses": 0,
        "operatingExpenses": 1289700000,
        "costAndExpenses": 3634600000,
        "interestIncome": 0,
        "interestExpense": 0,
        "depreciationAndAmortization": 74000000,
        "ebitda": 633500000,
        "ebitdaratio": 0.1510455163,
        "operatingIncome": 559500000,
        "operatingIncomeRatio": 0.1334016833,
        "totalOtherIncomeExpensesNet": 16300000,
        "incomeBeforeTax": 575800000,
        "incomeBeforeTaxRatio": 0.1372880952,
        "incomeTaxExpense": 198600000,
        "netIncome": 377200000,
        "netIncomeRatio": 0.0899358623,
        "eps": 0.19,
        "epsdiluted": 0.19,
        "weightedAverageShsOut": 2005650280,
        "weightedAverageShsOutDil": 2005650280,
        "link": null,
        "finalLink": null
    },
    {
        "date": "2006-05-31",
        "symbol": "NKE",
        "reportedCurrency": "USD",
        "cik": "0000320187",
        "fillingDate": "2006-07-28",
        "acceptedDate": "2006-07-28 17:04:57",
        "calendarYear": "2006",
        "period": "Q4",
        "revenue": 4005400000,
        "costOfRevenue": 2252000000,
        "grossProfit": 1753400000,
        "grossProfitRatio": 0.4377590253,
        "researchAndDevelopmentExpenses": 0,
        "generalAndAdministrativeExpenses": 0,
        "sellingAndMarketingExpenses": 0,
        "sellingGeneralAndAdministrativeExpenses": 1232100000,
        "otherExpenses": 0,
        "operatingExpenses": 1232100000,
        "costAndExpenses": 3484100000,
        "interestIncome": 0,
        "interestExpense": 0,
        "depreciationAndAmortization": 57200000,
        "ebitda": 578500000,
        "ebitdaratio": 0.1444300195,
        "operatingIncome": 521300000,
        "operatingIncomeRatio": 0.1301492984,
        "totalOtherIncomeExpensesNet": -10100000,
        "incomeBeforeTax": 511200000,
        "incomeBeforeTaxRatio": 0.1276277026,
        "incomeTaxExpense": 178400000,
        "netIncome": 332800000,
        "netIncomeRatio": 0.0830878314,
        "eps": 0.16,
        "epsdiluted": 0.16,
        "weightedAverageShsOut": 2025234899,
        "weightedAverageShsOutDil": 2025234899,
        "link": "https://www.sec.gov/Archives/edgar/data/320187/000119312506156152/0001193125-06-156152-index.htm",
        "finalLink": "https://www.sec.gov/Archives/edgar/data/320187/000119312506156152/d10k.htm"
    },
    {
        "date": "2006-02-28",
        "symbol": "NKE",
        "reportedCurrency": "USD",
        "cik": "0000320187",
        "fillingDate": "2006-03-21",
        "acceptedDate": "2006-03-21 16:19:49",
        "calendarYear": "2006",
        "period": "Q3",
        "revenue": 3612800000,
        "costOfRevenue": 2038700000,
        "grossProfit": 1574100000,
        "grossProfitRatio": 0.4357008415,
        "researchAndDevelopmentExpenses": 0,
        "generalAndAdministrativeExpenses": 0,
        "sellingAndMarketingExpenses": 0,
        "sellingGeneralAndAdministrativeExpenses": 1086600000,
        "otherExpenses": 0,
        "operatingExpenses": 1086600000,
        "costAndExpenses": 3125300000,
        "interestIncome": 0,
        "interestExpense": 0,
        "depreciationAndAmortization": 90600000,
        "ebitda": 578100000,
        "ebitdaratio": 0.1600143933,
        "operatingIncome": 487500000,
        "operatingIncomeRatio": 0.1349368911,
        "totalOtherIncomeExpensesNet": 19100000,
        "incomeBeforeTax": 506600000,
        "incomeBeforeTaxRatio": 0.1402236492,
        "incomeTaxExpense": 180800000,
        "netIncome": 325800000,
        "netIncomeRatio": 0.0901793623,
        "eps": 0.16,
        "epsdiluted": 0.15,
        "weightedAverageShsOut": 2080567376,
        "weightedAverageShsOutDil": 2118122744,
        "link": "https://www.sec.gov/Archives/edgar/data/320187/000032018706000034/0000320187-06-000034-index.htm",
        "finalLink": "https://www.sec.gov/Archives/edgar/data/320187/000032018706000034/f8k060321er.txt"
    },
    {
        "date": "2005-11-30",
        "symbol": "NKE",
        "reportedCurrency": "USD",
        "cik": "0000320187",
        "fillingDate": "2005-12-20",
        "acceptedDate": "2005-12-20 16:22:02",
        "calendarYear": "2006",
        "period": "Q2",
        "revenue": 3474700000,
        "costOfRevenue": 1963300000,
        "grossProfit": 1511400000,
        "grossProfitRatio": 0.4349728034,
        "researchAndDevelopmentExpenses": 0,
        "generalAndAdministrativeExpenses": 0,
        "sellingAndMarketingExpenses": 0,
        "sellingGeneralAndAdministrativeExpenses": 1054700000,
        "otherExpenses": 0,
        "operatingExpenses": 1054700000,
        "costAndExpenses": 3018000000,
        "interestIncome": 0,
        "interestExpense": 0,
        "depreciationAndAmortization": 73500000,
        "ebitda": 530200000,
        "ebitdaratio": 0.1525887127,
        "operatingIncome": 456700000,
        "operatingIncomeRatio": 0.1314358074,
        "totalOtherIncomeExpensesNet": 7100000,
        "incomeBeforeTax": 463800000,
        "incomeBeforeTaxRatio": 0.1334791493,
        "incomeTaxExpense": 162700000,
        "netIncome": 301100000,
        "netIncomeRatio": 0.086654963,
        "eps": 0.15,
        "epsdiluted": 0.14,
        "weightedAverageShsOut": 2076551724,
        "weightedAverageShsOutDil": 2112982456,
        "link": "https://www.sec.gov/Archives/edgar/data/320187/000032018705000170/0000320187-05-000170-index.htm",
        "finalLink": "https://www.sec.gov/Archives/edgar/data/320187/000032018705000170/f8k051220er.txt"
    },
    {
        "date": "2005-08-31",
        "symbol": "NKE",
        "reportedCurrency": "USD",
        "cik": "0000320187",
        "fillingDate": "2005-10-03",
        "acceptedDate": "2005-10-03 16:54:07",
        "calendarYear": "2006",
        "period": "Q1",
        "revenue": 3862000000,
        "costOfRevenue": 2113900000,
        "grossProfit": 1748100000,
        "grossProfitRatio": 0.4526411186,
        "researchAndDevelopmentExpenses": 0,
        "generalAndAdministrativeExpenses": 0,
        "sellingAndMarketingExpenses": 0,
        "sellingGeneralAndAdministrativeExpenses": 1104400000,
        "otherExpenses": 0,
        "operatingExpenses": 1104400000,
        "costAndExpenses": 3218300000,
        "interestIncome": 0,
        "interestExpense": 0,
        "depreciationAndAmortization": 69600000,
        "ebitda": 713300000,
        "ebitdaratio": 0.1846970482,
        "operatingIncome": 643700000,
        "operatingIncomeRatio": 0.1666752978,
        "totalOtherIncomeExpensesNet": 16300000,
        "incomeBeforeTax": 660000000,
        "incomeBeforeTaxRatio": 0.1708959089,
        "incomeTaxExpense": 227700000,
        "netIncome": 432300000,
        "netIncomeRatio": 0.1119368203,
        "eps": 0.21,
        "epsdiluted": 0.2,
        "weightedAverageShsOut": 2083373494,
        "weightedAverageShsOutDil": 2148074534,
        "link": "",
        "finalLink": ""
    },
    {
        "date": "2005-05-31",
        "symbol": "NKE",
        "reportedCurrency": "USD",
        "cik": "0000320187",
        "fillingDate": "2005-07-29",
        "acceptedDate": "2005-07-29 17:12:55",
        "calendarYear": "2005",
        "period": "Q4",
        "revenue": 3721400000,
        "costOfRevenue": 2038700000,
        "grossProfit": 1682700000,
        "grossProfitRatio": 0.4521685387,
        "researchAndDevelopmentExpenses": 0,
        "generalAndAdministrativeExpenses": 0,
        "sellingAndMarketingExpenses": 0,
        "sellingGeneralAndAdministrativeExpenses": 1139200000,
        "otherExpenses": 0,
        "operatingExpenses": 1139200000,
        "costAndExpenses": 3177900000,
        "interestIncome": 0,
        "interestExpense": 0,
        "depreciationAndAmortization": 68300000,
        "ebitda": 611800000,
        "ebitdaratio": 0.1644004944,
        "operatingIncome": 543500000,
        "operatingIncomeRatio": 0.1460471865,
        "totalOtherIncomeExpensesNet": -5600000,
        "incomeBeforeTax": 537900000,
        "incomeBeforeTaxRatio": 0.1445423765,
        "incomeTaxExpense": 188400000,
        "netIncome": 349500000,
        "netIncomeRatio": 0.0939162681,
        "eps": 0.17,
        "epsdiluted": 0.17,
        "weightedAverageShsOut": 2083373494,
        "weightedAverageShsOutDil": 2083373494,
        "link": "https://www.sec.gov/Archives/edgar/data/320187/000095012405004551/0000950124-05-004551-index.htm",
        "finalLink": "https://www.sec.gov/Archives/edgar/data/320187/000095012405004551/v10583e10vk.htm"
    },
    {
        "date": "2005-02-28",
        "symbol": "NKE",
        "reportedCurrency": "USD",
        "cik": "0000320187",
        "fillingDate": "2005-03-17",
        "acceptedDate": "2005-03-17 16:21:26",
        "calendarYear": "2005",
        "period": "Q3",
        "revenue": 3308200000,
        "costOfRevenue": 1849400000,
        "grossProfit": 1458800000,
        "grossProfitRatio": 0.4409648752,
        "researchAndDevelopmentExpenses": 0,
        "generalAndAdministrativeExpenses": 0,
        "sellingAndMarketingExpenses": 0,
        "sellingGeneralAndAdministrativeExpenses": 1035700000,
        "otherExpenses": 0,
        "operatingExpenses": 1035700000,
        "costAndExpenses": 2885100000,
        "interestIncome": 0,
        "interestExpense": 0,
        "depreciationAndAmortization": 82000000,
        "ebitda": 505100000,
        "ebitdaratio": 0.1526812164,
        "operatingIncome": 423100000,
        "operatingIncomeRatio": 0.1278943232,
        "totalOtherIncomeExpensesNet": -9700000,
        "incomeBeforeTax": 413400000,
        "incomeBeforeTaxRatio": 0.1249622151,
        "incomeTaxExpense": 140000000,
        "netIncome": 273400000,
        "netIncomeRatio": 0.0826431292,
        "eps": 0.13,
        "epsdiluted": 0.13,
        "weightedAverageShsOut": 2103076923,
        "weightedAverageShsOutDil": 2165544554,
        "link": "https://www.sec.gov/Archives/edgar/data/320187/000032018705000011/0000320187-05-000011-index.htm",
        "finalLink": "https://www.sec.gov/Archives/edgar/data/320187/000032018705000011/f8k0503cc.txt"
    },
    {
        "date": "2004-11-30",
        "symbol": "NKE",
        "reportedCurrency": "USD",
        "cik": "0000320187",
        "fillingDate": "2004-12-16",
        "acceptedDate": "2004-12-16 16:36:37",
        "calendarYear": "2005",
        "period": "Q2",
        "revenue": 3148300000,
        "costOfRevenue": 1760200000,
        "grossProfit": 1388100000,
        "grossProfitRatio": 0.4409046152,
        "researchAndDevelopmentExpenses": 0,
        "generalAndAdministrativeExpenses": 0,
        "sellingAndMarketingExpenses": 0,
        "sellingGeneralAndAdministrativeExpenses": 973200000,
        "otherExpenses": 0,
        "operatingExpenses": 973200000,
        "costAndExpenses": 2733400000,
        "interestIncome": 0,
        "interestExpense": 0,
        "depreciationAndAmortization": 75800000,
        "ebitda": 490700000,
        "ebitdaratio": 0.1558618937,
        "operatingIncome": 414900000,
        "operatingIncomeRatio": 0.131785408,
        "totalOtherIncomeExpensesNet": -11900000,
        "incomeBeforeTax": 403000000,
        "incomeBeforeTaxRatio": 0.1280055903,
        "incomeTaxExpense": 141100000,
        "netIncome": 261900000,
        "netIncomeRatio": 0.0831877521,
        "eps": 0.12,
        "epsdiluted": 0.12,
        "weightedAverageShsOut": 2116363636,
        "weightedAverageShsOutDil": 2160000000,
        "link": "https://www.sec.gov/Archives/edgar/data/320187/000032018704000279/0000320187-04-000279-index.htm",
        "finalLink": "https://www.sec.gov/Archives/edgar/data/320187/000032018704000279/f8k04-12er.txt"
    },
    {
        "date": "2004-08-31",
        "symbol": "NKE",
        "reportedCurrency": "USD",
        "cik": "0000320187",
        "fillingDate": "2004-09-20",
        "acceptedDate": "2004-09-20 09:51:32",
        "calendarYear": "2005",
        "period": "Q1",
        "revenue": 3561800000,
        "costOfRevenue": 1976000000,
        "grossProfit": 1585800000,
        "grossProfitRatio": 0.4452243248,
        "researchAndDevelopmentExpenses": 0,
        "generalAndAdministrativeExpenses": 0,
        "sellingAndMarketingExpenses": 0,
        "sellingGeneralAndAdministrativeExpenses": 1073600000,
        "otherExpenses": 0,
        "operatingExpenses": 1073600000,
        "costAndExpenses": 3049600000,
        "interestIncome": 0,
        "interestExpense": 0,
        "depreciationAndAmortization": 61600000,
        "ebitda": 573800000,
        "ebitdaratio": 0.1610983211,
        "operatingIncome": 512200000,
        "operatingIncomeRatio": 0.1438036948,
        "totalOtherIncomeExpensesNet": -6700000,
        "incomeBeforeTax": 505500000,
        "incomeBeforeTaxRatio": 0.1419226234,
        "incomeTaxExpense": 178700000,
        "netIncome": 326800000,
        "netIncomeRatio": 0.0917513617,
        "eps": 0.15,
        "epsdiluted": 0.15,
        "weightedAverageShsOut": 2108387097,
        "weightedAverageShsOutDil": 2160661157,
        "link": "https://www.sec.gov/Archives/edgar/data/320187/000032018704000185/0000320187-04-000185-index.htm",
        "finalLink": "https://www.sec.gov/Archives/edgar/data/320187/000032018704000185/f8k-0904.txt"
    },
    {
        "date": "2004-05-31",
        "symbol": "NKE",
        "reportedCurrency": "USD",
        "cik": "0000320187",
        "fillingDate": "2004-07-30",
        "acceptedDate": "2004-07-30 17:04:26",
        "calendarYear": "2004",
        "period": "Q4",
        "revenue": 3487100000,
        "costOfRevenue": 1958400000,
        "grossProfit": 1528700000,
        "grossProfitRatio": 0.4383871985,
        "researchAndDevelopmentExpenses": 0,
        "generalAndAdministrativeExpenses": 0,
        "sellingAndMarketingExpenses": 0,
        "sellingGeneralAndAdministrativeExpenses": 1037900000,
        "otherExpenses": 0,
        "operatingExpenses": 1037900000,
        "costAndExpenses": 2996300000,
        "interestIncome": 0,
        "interestExpense": 0,
        "depreciationAndAmortization": 74700000,
        "ebitda": 565500000,
        "ebitdaratio": 0.1621691377,
        "operatingIncome": 490800000,
        "operatingIncomeRatio": 0.1407473259,
        "totalOtherIncomeExpensesNet": -23300000,
        "incomeBeforeTax": 467500000,
        "incomeBeforeTaxRatio": 0.1340655559,
        "incomeTaxExpense": 162500000,
        "netIncome": 305000000,
        "netIncomeRatio": 0.087465229,
        "eps": 0.15,
        "epsdiluted": 0.14,
        "weightedAverageShsOut": 2101832938,
        "weightedAverageShsOutDil": 2108387097,
        "link": "https://www.sec.gov/Archives/edgar/data/320187/000119312504128270/0001193125-04-128270-index.htm",
        "finalLink": "https://www.sec.gov/Archives/edgar/data/320187/000119312504128270/d10k.htm"
    },
    {
        "date": "2004-02-29",
        "symbol": "NKE",
        "reportedCurrency": "USD",
        "cik": "0000320187",
        "fillingDate": "2004-02-29",
        "acceptedDate": "2004-02-29 00:00:00",
        "calendarYear": "2004",
        "period": "Q3",
        "revenue": 2904000000,
        "costOfRevenue": 1682100000,
        "grossProfit": 1221900000,
        "grossProfitRatio": 0.4207644628,
        "researchAndDevelopmentExpenses": 0,
        "generalAndAdministrativeExpenses": 0,
        "sellingAndMarketingExpenses": 0,
        "sellingGeneralAndAdministrativeExpenses": 892000000,
        "otherExpenses": 0,
        "operatingExpenses": 892000000,
        "costAndExpenses": 2574100000,
        "interestIncome": 0,
        "interestExpense": 0,
        "depreciationAndAmortization": 80400000,
        "ebitda": 410300000,
        "ebitdaratio": 0.1412878788,
        "operatingIncome": 329900000,
        "operatingIncomeRatio": 0.1136019284,
        "totalOtherIncomeExpensesNet": -22700000,
        "incomeBeforeTax": 307200000,
        "incomeBeforeTaxRatio": 0.105785124,
        "incomeTaxExpense": 106900000,
        "netIncome": 200300000,
        "netIncomeRatio": 0.0689738292,
        "eps": 0.095,
        "epsdiluted": 0.0925,
        "weightedAverageShsOut": 2108421053,
        "weightedAverageShsOutDil": 2165405405,
        "link": "",
        "finalLink": ""
    },
    {
        "date": "2003-11-30",
        "symbol": "NKE",
        "reportedCurrency": "USD",
        "cik": "0000320187",
        "fillingDate": "2004-01-12",
        "acceptedDate": "2004-01-12 16:47:55",
        "calendarYear": "2004",
        "period": "Q2",
        "revenue": 2837100000,
        "costOfRevenue": 1637500000,
        "grossProfit": 1199600000,
        "grossProfitRatio": 0.4228261253,
        "researchAndDevelopmentExpenses": 0,
        "generalAndAdministrativeExpenses": 0,
        "sellingAndMarketingExpenses": 0,
        "sellingGeneralAndAdministrativeExpenses": 902500000,
        "otherExpenses": 0,
        "operatingExpenses": 902500000,
        "costAndExpenses": 2540000000,
        "interestIncome": 0,
        "interestExpense": 0,
        "depreciationAndAmortization": 86600000,
        "ebitda": 383700000,
        "ebitdaratio": 0.1352437348,
        "operatingIncome": 297100000,
        "operatingIncomeRatio": 0.1047196081,
        "totalOtherIncomeExpensesNet": -22400000,
        "incomeBeforeTax": 274700000,
        "incomeBeforeTaxRatio": 0.0968242219,
        "incomeTaxExpense": 95600000,
        "netIncome": 179100000,
        "netIncomeRatio": 0.0631278418,
        "eps": 0.085,
        "epsdiluted": 0.0825,
        "weightedAverageShsOut": 2107058824,
        "weightedAverageShsOutDil": 2170909091,
        "link": "https://www.sec.gov/Archives/edgar/data/320187/000032018704000016/0000320187-04-000016-index.htm",
        "finalLink": "https://www.sec.gov/Archives/edgar/data/320187/000032018704000016/qtr2_0410q.txt"
    },
    {
        "date": "2003-08-31",
        "symbol": "NKE",
        "reportedCurrency": "USD",
        "cik": "0000320187",
        "fillingDate": "2003-10-10",
        "acceptedDate": "2003-10-10 17:12:19",
        "calendarYear": "2004",
        "period": "Q1",
        "revenue": 3024900000,
        "costOfRevenue": 1723400000,
        "grossProfit": 1301500000,
        "grossProfitRatio": 0.4302621574,
        "researchAndDevelopmentExpenses": 0,
        "generalAndAdministrativeExpenses": 0,
        "sellingAndMarketingExpenses": 0,
        "sellingGeneralAndAdministrativeExpenses": 869600000,
        "otherExpenses": 0,
        "operatingExpenses": 869600000,
        "costAndExpenses": 2593000000,
        "interestIncome": 0,
        "interestExpense": 0,
        "depreciationAndAmortization": 71800000,
        "ebitda": 503700000,
        "ebitdaratio": 0.1665179014,
        "operatingIncome": 431900000,
        "operatingIncomeRatio": 0.1427815796,
        "totalOtherIncomeExpensesNet": -31300000,
        "incomeBeforeTax": 400600000,
        "incomeBeforeTaxRatio": 0.1324341301,
        "incomeTaxExpense": 139400000,
        "netIncome": 261200000,
        "netIncomeRatio": 0.086349962,
        "eps": 0.12,
        "epsdiluted": 0.12,
        "weightedAverageShsOut": 2110707071,
        "weightedAverageShsOutDil": 2132244898,
        "link": "https://www.sec.gov/Archives/edgar/data/320187/000032018703000170/0000320187-03-000170-index.htm",
        "finalLink": "https://www.sec.gov/Archives/edgar/data/320187/000032018703000170/f1q0410q.txt"
    },
    {
        "date": "2003-05-31",
        "symbol": "NKE",
        "reportedCurrency": "USD",
        "cik": "0000320187",
        "fillingDate": "2003-08-07",
        "acceptedDate": "2003-08-07 17:13:04",
        "calendarYear": "2003",
        "period": "Q4",
        "revenue": 2985100000,
        "costOfRevenue": 1744900000,
        "grossProfit": 1240200000,
        "grossProfitRatio": 0.4154634686,
        "researchAndDevelopmentExpenses": 0,
        "generalAndAdministrativeExpenses": 0,
        "sellingAndMarketingExpenses": 0,
        "sellingGeneralAndAdministrativeExpenses": 826000000,
        "otherExpenses": 0,
        "operatingExpenses": 826000000,
        "costAndExpenses": 2570900000,
        "interestIncome": 0,
        "interestExpense": 0,
        "depreciationAndAmortization": 76600000,
        "ebitda": 490800000,
        "ebitdaratio": 0.1644166025,
        "operatingIncome": 414200000,
        "operatingIncomeRatio": 0.1387558206,
        "totalOtherIncomeExpensesNet": -42300000,
        "incomeBeforeTax": 371900000,
        "incomeBeforeTaxRatio": 0.124585441,
        "incomeTaxExpense": 125700000,
        "netIncome": 246200000,
        "netIncomeRatio": 0.082476299,
        "eps": 0.12,
        "epsdiluted": 0.12,
        "weightedAverageShsOut": 2106790698,
        "weightedAverageShsOutDil": 2110707071,
        "link": "https://www.sec.gov/Archives/edgar/data/320187/000119312503031022/0001193125-03-031022-index.htm",
        "finalLink": "https://www.sec.gov/Archives/edgar/data/320187/000119312503031022/d10k.htm"
    },
    {
        "date": "2003-02-28",
        "symbol": "NKE",
        "reportedCurrency": "USD",
        "cik": "0000320187",
        "fillingDate": "2003-04-14",
        "acceptedDate": "2003-04-14 16:26:45",
        "calendarYear": "2003",
        "period": "Q3",
        "revenue": 2400900000,
        "costOfRevenue": 1424900000,
        "grossProfit": 976000000,
        "grossProfitRatio": 0.4065142238,
        "researchAndDevelopmentExpenses": 0,
        "generalAndAdministrativeExpenses": 0,
        "sellingAndMarketingExpenses": 0,
        "sellingGeneralAndAdministrativeExpenses": 753900000,
        "otherExpenses": 0,
        "operatingExpenses": 753900000,
        "costAndExpenses": 2178800000,
        "interestIncome": 0,
        "interestExpense": 0,
        "depreciationAndAmortization": 64000000,
        "ebitda": 286100000,
        "ebitdaratio": 0.119163647,
        "operatingIncome": 222100000,
        "operatingIncomeRatio": 0.0925069766,
        "totalOtherIncomeExpensesNet": -34700000,
        "incomeBeforeTax": 187400000,
        "incomeBeforeTaxRatio": 0.0780540631,
        "incomeTaxExpense": 62700000,
        "netIncome": 124700000,
        "netIncomeRatio": 0.0519388563,
        "eps": 0.0588,
        "epsdiluted": 0.0588,
        "weightedAverageShsOut": 2122553191,
        "weightedAverageShsOutDil": 2122553191,
        "link": "https://www.sec.gov/Archives/edgar/data/320187/000032018703000008/0000320187-03-000008-index.htm",
        "finalLink": "https://www.sec.gov/Archives/edgar/data/320187/000032018703000008/nke10q03030414ver12.txt"
    },
    {
        "date": "2002-11-30",
        "symbol": "NKE",
        "reportedCurrency": "USD",
        "cik": "0000320187",
        "fillingDate": "2003-01-10",
        "acceptedDate": "2003-01-10 17:03:44",
        "calendarYear": "2003",
        "period": "Q2",
        "revenue": 2514700000,
        "costOfRevenue": 1504600000,
        "grossProfit": 1010100000,
        "grossProfitRatio": 0.4016781326,
        "researchAndDevelopmentExpenses": 0,
        "generalAndAdministrativeExpenses": 0,
        "sellingAndMarketingExpenses": 0,
        "sellingGeneralAndAdministrativeExpenses": 758700000,
        "otherExpenses": 0,
        "operatingExpenses": 758700000,
        "costAndExpenses": 2263300000,
        "interestIncome": 0,
        "interestExpense": 0,
        "depreciationAndAmortization": 63400000,
        "ebitda": 314800000,
        "ebitdaratio": 0.1251839186,
        "operatingIncome": 251400000,
        "operatingIncomeRatio": 0.0999721637,
        "totalOtherIncomeExpensesNet": -21800000,
        "incomeBeforeTax": 229600000,
        "incomeBeforeTaxRatio": 0.0913031376,
        "incomeTaxExpense": 77600000,
        "netIncome": 152000000,
        "netIncomeRatio": 0.0604445858,
        "eps": 0.0713,
        "epsdiluted": 0.0713,
        "weightedAverageShsOut": 2133333333,
        "weightedAverageShsOutDil": 2133333333,
        "link": "https://www.sec.gov/Archives/edgar/data/320187/000032018703000006/0000320187-03-000006-index.htm",
        "finalLink": "https://www.sec.gov/Archives/edgar/data/320187/000032018703000006/f030210q.txt"
    },
    {
        "date": "2002-08-31",
        "symbol": "NKE",
        "reportedCurrency": "USD",
        "cik": "0000320187",
        "fillingDate": "2002-10-15",
        "acceptedDate": "2002-10-15 17:12:33",
        "calendarYear": "2003",
        "period": "Q1",
        "revenue": 2796300000,
        "costOfRevenue": 1639200000,
        "grossProfit": 1157100000,
        "grossProfitRatio": 0.4137968029,
        "researchAndDevelopmentExpenses": 0,
        "generalAndAdministrativeExpenses": 0,
        "sellingAndMarketingExpenses": 0,
        "sellingGeneralAndAdministrativeExpenses": 799000000,
        "otherExpenses": 0,
        "operatingExpenses": 799000000,
        "costAndExpenses": 2438200000,
        "interestIncome": 0,
        "interestExpense": 0,
        "depreciationAndAmortization": 58500000,
        "ebitda": 416600000,
        "ebitdaratio": 0.1489825841,
        "operatingIncome": 358100000,
        "operatingIncomeRatio": 0.128062082,
        "totalOtherIncomeExpensesNet": -24000000,
        "incomeBeforeTax": 334100000,
        "incomeBeforeTaxRatio": 0.1194793119,
        "incomeTaxExpense": 116900000,
        "netIncome": -48900000,
        "netIncomeRatio": -0.0174873941,
        "eps": -0.0225,
        "epsdiluted": -0.0225,
        "weightedAverageShsOut": 2173333333,
        "weightedAverageShsOutDil": 2173333333,
        "link": "https://www.sec.gov/Archives/edgar/data/320187/000032018702000021/0000320187-02-000021-index.htm",
        "finalLink": "https://www.sec.gov/Archives/edgar/data/320187/000032018702000021/t1q0310q.txt"
    },
    {
        "date": "2002-05-31",
        "symbol": "NKE",
        "reportedCurrency": "USD",
        "cik": "0000320187",
        "fillingDate": "2002-08-14",
        "acceptedDate": "2002-08-14 15:37:26",
        "calendarYear": "2002",
        "period": "Q4",
        "revenue": 2682200000,
        "costOfRevenue": 1601700000,
        "grossProfit": 1080500000,
        "grossProfitRatio": 0.4028409515,
        "researchAndDevelopmentExpenses": 0,
        "generalAndAdministrativeExpenses": 0,
        "sellingAndMarketingExpenses": 0,
        "sellingGeneralAndAdministrativeExpenses": 764000000,
        "otherExpenses": 0,
        "operatingExpenses": 764000000,
        "costAndExpenses": 2365700000,
        "interestIncome": 0,
        "interestExpense": 0,
        "depreciationAndAmortization": 66100000,
        "ebitda": 382600000,
        "ebitdaratio": 0.1426440981,
        "operatingIncome": 316500000,
        "operatingIncomeRatio": 0.1180001491,
        "totalOtherIncomeExpensesNet": -1400000,
        "incomeBeforeTax": 315100000,
        "incomeBeforeTaxRatio": 0.1174781895,
        "incomeTaxExpense": 106700000,
        "netIncome": 208400000,
        "netIncomeRatio": 0.0776974126,
        "eps": 0.0979,
        "epsdiluted": 0.0959,
        "weightedAverageShsOut": 2128800000,
        "weightedAverageShsOutDil": 2173333333,
        "link": "https://www.sec.gov/Archives/edgar/data/320187/000089102002001248/0000891020-02-001248-index.htm",
        "finalLink": "https://www.sec.gov/Archives/edgar/data/320187/000089102002001248/v83383ore10vk.htm"
    },
    {
        "date": "2002-02-28",
        "symbol": "NKE",
        "reportedCurrency": "USD",
        "cik": "0000320187",
        "fillingDate": "2002-04-15",
        "acceptedDate": "2002-04-15 00:00:00",
        "calendarYear": "2002",
        "period": "Q3",
        "revenue": 2260300000,
        "costOfRevenue": 1376800000,
        "grossProfit": 883500000,
        "grossProfitRatio": 0.3908773172,
        "researchAndDevelopmentExpenses": 0,
        "generalAndAdministrativeExpenses": 0,
        "sellingAndMarketingExpenses": 0,
        "sellingGeneralAndAdministrativeExpenses": 682500000,
        "otherExpenses": 0,
        "operatingExpenses": 682500000,
        "costAndExpenses": 2059300000,
        "interestIncome": 0,
        "interestExpense": 0,
        "depreciationAndAmortization": 50500000,
        "ebitda": 251500000,
        "ebitdaratio": 0.1112684157,
        "operatingIncome": 201000000,
        "operatingIncomeRatio": 0.0889262487,
        "totalOtherIncomeExpensesNet": -12000000,
        "incomeBeforeTax": 189000000,
        "incomeBeforeTaxRatio": 0.083617219,
        "incomeTaxExpense": 62700000,
        "netIncome": 126300000,
        "netIncomeRatio": 0.0558775384,
        "eps": 0.0289,
        "epsdiluted": 0.0289,
        "weightedAverageShsOut": 4374400000,
        "weightedAverageShsOutDil": 4374400000,
        "link": "https://www.sec.gov/Archives/edgar/data/320187/000032018702000008/0000320187-02-000008-index.htm",
        "finalLink": "https://www.sec.gov/Archives/edgar/data/320187/000032018702000008/l3q0210q.txt"
    },
    {
        "date": "2001-11-30",
        "symbol": "NKE",
        "reportedCurrency": "USD",
        "cik": "0000320187",
        "fillingDate": "2002-01-14",
        "acceptedDate": "2002-01-14 00:00:00",
        "calendarYear": "2002",
        "period": "Q2",
        "revenue": 2336800000,
        "costOfRevenue": 1441400000,
        "grossProfit": 895400000,
        "grossProfitRatio": 0.3831735707,
        "researchAndDevelopmentExpenses": 0,
        "generalAndAdministrativeExpenses": 0,
        "sellingAndMarketingExpenses": 0,
        "sellingGeneralAndAdministrativeExpenses": 677700000,
        "otherExpenses": 0,
        "operatingExpenses": 677700000,
        "costAndExpenses": 2119100000,
        "interestIncome": 0,
        "interestExpense": 0,
        "depreciationAndAmortization": 76600000,
        "ebitda": 294300000,
        "ebitdaratio": 0.1259414584,
        "operatingIncome": 217700000,
        "operatingIncomeRatio": 0.0931615885,
        "totalOtherIncomeExpensesNet": -18800000,
        "incomeBeforeTax": 198900000,
        "incomeBeforeTaxRatio": 0.0851163985,
        "incomeTaxExpense": 69600000,
        "netIncome": 129300000,
        "netIncomeRatio": 0.0553320781,
        "eps": 0.06,
        "epsdiluted": 0.06,
        "weightedAverageShsOut": 2155000000,
        "weightedAverageShsOutDil": 2155000000,
        "link": "https://www.sec.gov/Archives/edgar/data/320187/000032018702000003/0000320187-02-000003-index.htm",
        "finalLink": "https://www.sec.gov/Archives/edgar/data/320187/000032018702000003/f2q0210q.txt"
    },
    {
        "date": "2001-08-31",
        "symbol": "NKE",
        "reportedCurrency": "USD",
        "cik": "0000320187",
        "fillingDate": "2001-10-15",
        "acceptedDate": "2001-10-15 00:00:00",
        "calendarYear": "2002",
        "period": "Q1",
        "revenue": 2613700000,
        "costOfRevenue": 1584800000,
        "grossProfit": 1028900000,
        "grossProfitRatio": 0.3936565023,
        "researchAndDevelopmentExpenses": 0,
        "generalAndAdministrativeExpenses": 0,
        "sellingAndMarketingExpenses": 0,
        "sellingGeneralAndAdministrativeExpenses": 696200000,
        "otherExpenses": 0,
        "operatingExpenses": 696200000,
        "costAndExpenses": 2281000000,
        "interestIncome": 0,
        "interestExpense": 0,
        "depreciationAndAmortization": 63100000,
        "ebitda": 395800000,
        "ebitdaratio": 0.1514328347,
        "operatingIncome": 332700000,
        "operatingIncomeRatio": 0.1272908138,
        "totalOtherIncomeExpensesNet": -18500000,
        "incomeBeforeTax": 314200000,
        "incomeBeforeTaxRatio": 0.1202127253,
        "incomeTaxExpense": 110000000,
        "netIncome": 199200000,
        "netIncomeRatio": 0.0762137965,
        "eps": 0.0925,
        "epsdiluted": 0.0925,
        "weightedAverageShsOut": 2154256757,
        "weightedAverageShsOutDil": 2154256757,
        "link": "https://www.sec.gov/Archives/edgar/data/320187/000032018701500021/0000320187-01-500021-index.htm",
        "finalLink": "https://www.sec.gov/Archives/edgar/data/320187/000032018701500021/f1q0210q.txt"
    },
    {
        "date": "2001-05-31",
        "symbol": "NKE",
        "reportedCurrency": "USD",
        "cik": "0000320187",
        "fillingDate": "2001-08-09",
        "acceptedDate": "2001-08-09 00:00:00",
        "calendarYear": "2001",
        "period": "Q4",
        "revenue": 2483300000,
        "costOfRevenue": 1546800000,
        "grossProfit": 936500000,
        "grossProfitRatio": 0.377119156,
        "researchAndDevelopmentExpenses": 0,
        "generalAndAdministrativeExpenses": 0,
        "sellingAndMarketingExpenses": 0,
        "sellingGeneralAndAdministrativeExpenses": 655300000,
        "otherExpenses": 0,
        "operatingExpenses": 655300000,
        "costAndExpenses": 2202100000,
        "interestIncome": 0,
        "interestExpense": 0,
        "depreciationAndAmortization": 47100000,
        "ebitda": 328300000,
        "ebitdaratio": 0.1322031168,
        "operatingIncome": 281200000,
        "operatingIncomeRatio": 0.1132364193,
        "totalOtherIncomeExpensesNet": -27000000,
        "incomeBeforeTax": 254200000,
        "incomeBeforeTaxRatio": 0.1023637901,
        "incomeTaxExpense": 91500000,
        "netIncome": 162700000,
        "netIncomeRatio": 0.065517658,
        "eps": 0.0756,
        "epsdiluted": 0.0756,
        "weightedAverageShsOut": 2153513514,
        "weightedAverageShsOutDil": 2153513514,
        "link": "https://www.sec.gov/Archives/edgar/data/320187/000109581101503828/0001095811-01-503828-index.htm",
        "finalLink": "https://www.sec.gov/Archives/edgar/data/320187/000109581101503828/v74223e10-k.txt"
    },
    {
        "date": "2001-02-28",
        "symbol": "NKE",
        "reportedCurrency": "USD",
        "cik": "0000320187",
        "fillingDate": "2001-04-16",
        "acceptedDate": "2001-04-16 00:00:00",
        "calendarYear": "2001",
        "period": "Q3",
        "revenue": 2170100000,
        "costOfRevenue": 1341500000,
        "grossProfit": 828600000,
        "grossProfitRatio": 0.3818257223,
        "researchAndDevelopmentExpenses": 0,
        "generalAndAdministrativeExpenses": 0,
        "sellingAndMarketingExpenses": 0,
        "sellingGeneralAndAdministrativeExpenses": 660200000,
        "otherExpenses": 0,
        "operatingExpenses": 660200000,
        "costAndExpenses": 2001700000,
        "interestIncome": 0,
        "interestExpense": 0,
        "depreciationAndAmortization": 59700000,
        "ebitda": 228100000,
        "ebitdaratio": 0.1051103636,
        "operatingIncome": 168400000,
        "operatingIncomeRatio": 0.0776001106,
        "totalOtherIncomeExpensesNet": -20200000,
        "incomeBeforeTax": 148200000,
        "incomeBeforeTaxRatio": 0.0682917838,
        "incomeTaxExpense": 50800000,
        "netIncome": 97400000,
        "netIncomeRatio": 0.0448827243,
        "eps": 0.045,
        "epsdiluted": 0.0438,
        "weightedAverageShsOut": 2164444444,
        "weightedAverageShsOutDil": 2226285714,
        "link": "https://www.sec.gov/Archives/edgar/data/320187/000032018701000007/0000320187-01-000007-index.htm",
        "finalLink": "https://www.sec.gov/Archives/edgar/data/320187/000032018701000007/0000320187-01-000007-0001.txt"
    },
    {
        "date": "2000-11-30",
        "symbol": "NKE",
        "reportedCurrency": "USD",
        "cik": "0000320187",
        "fillingDate": "2001-01-16",
        "acceptedDate": "2001-01-16 00:00:00",
        "calendarYear": "2001",
        "period": "Q2",
        "revenue": 2198700000,
        "costOfRevenue": 1327300000,
        "grossProfit": 871400000,
        "grossProfitRatio": 0.3963251012,
        "researchAndDevelopmentExpenses": 0,
        "generalAndAdministrativeExpenses": 0,
        "sellingAndMarketingExpenses": 0,
        "sellingGeneralAndAdministrativeExpenses": 673100000,
        "otherExpenses": 0,
        "operatingExpenses": 673100000,
        "costAndExpenses": 2000400000,
        "interestIncome": 0,
        "interestExpense": 0,
        "depreciationAndAmortization": 54900000,
        "ebitda": 253200000,
        "ebitdaratio": 0.1151589576,
        "operatingIncome": 198300000,
        "operatingIncomeRatio": 0.0901896575,
        "totalOtherIncomeExpensesNet": -10300000,
        "incomeBeforeTax": 188000000,
        "incomeBeforeTaxRatio": 0.0855050712,
        "incomeTaxExpense": 68600000,
        "netIncome": 119400000,
        "netIncomeRatio": 0.0543048165,
        "eps": 0.055,
        "epsdiluted": 0.055,
        "weightedAverageShsOut": 2170909091,
        "weightedAverageShsOutDil": 2170909091,
        "link": "https://www.sec.gov/Archives/edgar/data/320187/000032018701000002/0000320187-01-000002-index.htm",
        "finalLink": "https://www.sec.gov/Archives/edgar/data/320187/000032018701000002/0000320187-01-000002-0001.txt"
    },
    {
        "date": "2000-08-31",
        "symbol": "NKE",
        "reportedCurrency": "USD",
        "cik": "0000320187",
        "fillingDate": "2000-10-16",
        "acceptedDate": "2000-10-16 00:00:00",
        "calendarYear": "2001",
        "period": "Q1",
        "revenue": 2636700000,
        "costOfRevenue": 1569200000,
        "grossProfit": 1067500000,
        "grossProfitRatio": 0.4048621383,
        "researchAndDevelopmentExpenses": 0,
        "generalAndAdministrativeExpenses": 0,
        "sellingAndMarketingExpenses": 0,
        "sellingGeneralAndAdministrativeExpenses": 701100000,
        "otherExpenses": 0,
        "operatingExpenses": 701100000,
        "costAndExpenses": 2270300000,
        "interestIncome": 0,
        "interestExpense": 0,
        "depreciationAndAmortization": 52400000,
        "ebitda": 418800000,
        "ebitdaratio": 0.1588349073,
        "operatingIncome": 366400000,
        "operatingIncomeRatio": 0.1389615808,
        "totalOtherIncomeExpensesNet": -35400000,
        "incomeBeforeTax": 331000000,
        "incomeBeforeTaxRatio": 0.1255357075,
        "incomeTaxExpense": 120800000,
        "netIncome": 210200000,
        "netIncomeRatio": 0.0797208632,
        "eps": 0.0975,
        "epsdiluted": 0.0962,
        "weightedAverageShsOut": 2155897436,
        "weightedAverageShsOutDil": 2183896104,
        "link": "https://www.sec.gov/Archives/edgar/data/320187/000032018700000009/0000320187-00-000009-index.htm",
        "finalLink": "https://www.sec.gov/Archives/edgar/data/320187/000032018700000009/0000320187-00-000009-0001.txt"
    },
    {
        "date": "2000-05-31",
        "symbol": "NKE",
        "reportedCurrency": "USD",
        "cik": "0000320187",
        "fillingDate": "2000-08-29",
        "acceptedDate": "2000-08-29 00:00:00",
        "calendarYear": "2000",
        "period": "Q4",
        "revenue": 2272700000,
        "costOfRevenue": 1288600000,
        "grossProfit": 984100000,
        "grossProfitRatio": 0.4330091961,
        "researchAndDevelopmentExpenses": 0,
        "generalAndAdministrativeExpenses": 0,
        "sellingAndMarketingExpenses": 0,
        "sellingGeneralAndAdministrativeExpenses": 722600000,
        "otherExpenses": 56200000,
        "operatingExpenses": 778800000,
        "costAndExpenses": 2067400000,
        "interestIncome": 0,
        "interestExpense": 0,
        "depreciationAndAmortization": 56200000,
        "ebitda": 261500000,
        "ebitdaratio": 0.1150613807,
        "operatingIncome": 205300000,
        "operatingIncomeRatio": 0.090333084,
        "totalOtherIncomeExpensesNet": -11600000,
        "incomeBeforeTax": 193700000,
        "incomeBeforeTaxRatio": 0.0852290227,
        "incomeTaxExpense": 67700000,
        "netIncome": 126000000,
        "netIncomeRatio": 0.0554406653,
        "eps": 0.0584,
        "epsdiluted": 0.0584,
        "weightedAverageShsOut": 2155897436,
        "weightedAverageShsOutDil": 2155897436,
        "link": "https://www.sec.gov/Archives/edgar/data/320187/000091205700039514/0000912057-00-039514-index.htm",
        "finalLink": "https://www.sec.gov/Archives/edgar/data/320187/000091205700039514/a10-k405.txt"
    },
    {
        "date": "2000-02-29",
        "symbol": "NKE",
        "reportedCurrency": "USD",
        "cik": "0000320187",
        "fillingDate": "2000-04-14",
        "acceptedDate": "2000-04-14 00:00:00",
        "calendarYear": "2000",
        "period": "Q3",
        "revenue": 2161600000,
        "costOfRevenue": 1230400000,
        "grossProfit": 931200000,
        "grossProfitRatio": 0.4307920059,
        "researchAndDevelopmentExpenses": 0,
        "generalAndAdministrativeExpenses": 0,
        "sellingAndMarketingExpenses": 0,
        "sellingGeneralAndAdministrativeExpenses": 632400000,
        "otherExpenses": 56000000,
        "operatingExpenses": 688400000,
        "costAndExpenses": 1918800000,
        "interestIncome": 0,
        "interestExpense": 0,
        "depreciationAndAmortization": 56000000,
        "ebitda": 298800000,
        "ebitdaratio": 0.13823094,
        "operatingIncome": 242800000,
        "operatingIncomeRatio": 0.1123242043,
        "totalOtherIncomeExpensesNet": -13700000,
        "incomeBeforeTax": 229100000,
        "incomeBeforeTaxRatio": 0.1059863064,
        "incomeTaxExpense": 83800000,
        "netIncome": 145300000,
        "netIncomeRatio": 0.0672187269,
        "eps": 0.0649,
        "epsdiluted": 0.0643,
        "weightedAverageShsOut": 2238545455,
        "weightedAverageShsOutDil": 2259082569,
        "link": "https://www.sec.gov/Archives/edgar/data/320187/000032018700000005/0000320187-00-000005-index.htm",
        "finalLink": "https://www.sec.gov/Archives/edgar/data/320187/000032018700000005/0000320187-00-000005.txt"
    },
    {
        "date": "1999-11-30",
        "symbol": "NKE",
        "reportedCurrency": "USD",
        "cik": "0000320187",
        "fillingDate": "2000-01-14",
        "acceptedDate": "2000-01-14 00:00:00",
        "calendarYear": "2000",
        "period": "Q2",
        "revenue": 2059700000,
        "costOfRevenue": 1147000000,
        "grossProfit": 912700000,
        "grossProfitRatio": 0.4431227849,
        "researchAndDevelopmentExpenses": 0,
        "generalAndAdministrativeExpenses": 0,
        "sellingAndMarketingExpenses": 0,
        "sellingGeneralAndAdministrativeExpenses": 624800000,
        "otherExpenses": 91000000,
        "operatingExpenses": 715800000,
        "costAndExpenses": 1862800000,
        "interestIncome": 0,
        "interestExpense": 0,
        "depreciationAndAmortization": 49800000,
        "ebitda": 287900000,
        "ebitdaratio": 0.1397776375,
        "operatingIncome": 196900000,
        "operatingIncomeRatio": 0.0955964461,
        "totalOtherIncomeExpensesNet": -23500000,
        "incomeBeforeTax": 173400000,
        "incomeBeforeTaxRatio": 0.0841870175,
        "incomeTaxExpense": 65900000,
        "netIncome": 107500000,
        "netIncomeRatio": 0.0521920668,
        "eps": 0.0488,
        "epsdiluted": 0.0475,
        "weightedAverageShsOut": 2205128205,
        "weightedAverageShsOutDil": 2263157895,
        "link": "https://www.sec.gov/Archives/edgar/data/320187/000032018700000003/0000320187-00-000003-index.htm",
        "finalLink": "https://www.sec.gov/Archives/edgar/data/320187/000032018700000003/0000320187-00-000003.txt"
    },
    {
        "date": "1999-08-31",
        "symbol": "NKE",
        "reportedCurrency": "USD",
        "cik": "0000320187",
        "fillingDate": "1999-10-15",
        "acceptedDate": "1999-10-15 00:00:00",
        "calendarYear": "2000",
        "period": "Q1",
        "revenue": 2501100000,
        "costOfRevenue": 1473100000,
        "grossProfit": 1028000000,
        "grossProfitRatio": 0.4110191516,
        "researchAndDevelopmentExpenses": 0,
        "generalAndAdministrativeExpenses": 0,
        "sellingAndMarketingExpenses": 0,
        "sellingGeneralAndAdministrativeExpenses": 626500000,
        "otherExpenses": 61600000,
        "operatingExpenses": 688100000,
        "costAndExpenses": 2161200000,
        "interestIncome": 0,
        "interestExpense": 0,
        "depreciationAndAmortization": 61600000,
        "ebitda": 401500000,
        "ebitdaratio": 0.1605293671,
        "operatingIncome": 339900000,
        "operatingIncomeRatio": 0.1359002039,
        "totalOtherIncomeExpensesNet": -17000000,
        "incomeBeforeTax": 322900000,
        "incomeBeforeTaxRatio": 0.1291031946,
        "incomeTaxExpense": 122700000,
        "netIncome": 200200000,
        "netIncomeRatio": 0.0800447803,
        "eps": 0.0893,
        "epsdiluted": 0.0893,
        "weightedAverageShsOut": 2240800000,
        "weightedAverageShsOutDil": 2240800000,
        "link": "https://www.sec.gov/Archives/edgar/data/320187/000032018799000012/0000320187-99-000012-index.htm",
        "finalLink": "https://www.sec.gov/Archives/edgar/data/320187/000032018799000012/0000320187-99-000012.txt"
    },
    {
        "date": "1999-05-31",
        "symbol": "NKE",
        "reportedCurrency": "USD",
        "cik": "0000320187",
        "fillingDate": "1999-08-26",
        "acceptedDate": "1999-08-26 00:00:00",
        "calendarYear": "1999",
        "period": "Q4",
        "revenue": 2182300000,
        "costOfRevenue": 1295500000,
        "grossProfit": 886800000,
        "grossProfitRatio": 0.4063602621,
        "researchAndDevelopmentExpenses": 0,
        "generalAndAdministrativeExpenses": 0,
        "sellingAndMarketingExpenses": 0,
        "sellingGeneralAndAdministrativeExpenses": 672300000,
        "otherExpenses": 40900000,
        "operatingExpenses": 713200000,
        "costAndExpenses": 2008700000,
        "interestIncome": 0,
        "interestExpense": 0,
        "depreciationAndAmortization": 40900000,
        "ebitda": 214500000,
        "ebitdaratio": 0.0982907941,
        "operatingIncome": 173600000,
        "operatingIncomeRatio": 0.0795490996,
        "totalOtherIncomeExpensesNet": -17600000,
        "incomeBeforeTax": 156000000,
        "incomeBeforeTaxRatio": 0.0714842139,
        "incomeTaxExpense": 61600000,
        "netIncome": 94400000,
        "netIncomeRatio": 0.0432571141,
        "eps": 0.0421,
        "epsdiluted": 0.0421,
        "weightedAverageShsOut": 2240800000,
        "weightedAverageShsOutDil": 2240800000,
        "link": "https://www.sec.gov/Archives/edgar/data/320187/000032018799000010/0000320187-99-000010-index.htm",
        "finalLink": "https://www.sec.gov/Archives/edgar/data/320187/000032018799000010/0000320187-99-000010.txt"
    },
    {
        "date": "1999-02-28",
        "symbol": "NKE",
        "reportedCurrency": "USD",
        "cik": "0000320187",
        "fillingDate": "1999-04-14",
        "acceptedDate": "1999-04-14 00:00:00",
        "calendarYear": "1999",
        "period": "Q3",
        "revenue": 2176800000,
        "costOfRevenue": 1295800000,
        "grossProfit": 881000000,
        "grossProfitRatio": 0.4047225285,
        "researchAndDevelopmentExpenses": 0,
        "generalAndAdministrativeExpenses": 0,
        "sellingAndMarketingExpenses": 0,
        "sellingGeneralAndAdministrativeExpenses": 569800000,
        "otherExpenses": 69100000,
        "operatingExpenses": 638900000,
        "costAndExpenses": 1934700000,
        "interestIncome": 0,
        "interestExpense": 0,
        "depreciationAndAmortization": 69100000,
        "ebitda": 311200000,
        "ebitdaratio": 0.1429621463,
        "operatingIncome": 242100000,
        "operatingIncomeRatio": 0.1112183021,
        "totalOtherIncomeExpensesNet": -36700000,
        "incomeBeforeTax": 205400000,
        "incomeBeforeTaxRatio": 0.0943586917,
        "incomeTaxExpense": 81200000,
        "netIncome": 124200000,
        "netIncomeRatio": 0.0570562293,
        "eps": 0.0552,
        "epsdiluted": 0.0552,
        "weightedAverageShsOut": 2250400000,
        "weightedAverageShsOutDil": 2250400000,
        "link": "https://www.sec.gov/Archives/edgar/data/320187/000032018799000006/0000320187-99-000006-index.htm",
        "finalLink": "https://www.sec.gov/Archives/edgar/data/320187/0000320187-99-000006.txt"
    },
    {
        "date": "1998-11-30",
        "symbol": "NKE",
        "reportedCurrency": "USD",
        "cik": "0000320187",
        "fillingDate": "1999-01-14",
        "acceptedDate": "1999-01-14 00:00:00",
        "calendarYear": "1999",
        "period": "Q2",
        "revenue": 1913000000,
        "costOfRevenue": 1168000000,
        "grossProfit": 745000000,
        "grossProfitRatio": 0.3894406691,
        "researchAndDevelopmentExpenses": 0,
        "generalAndAdministrativeExpenses": 0,
        "sellingAndMarketingExpenses": 0,
        "sellingGeneralAndAdministrativeExpenses": 531900000,
        "otherExpenses": 61600000,
        "operatingExpenses": 593500000,
        "costAndExpenses": 1761500000,
        "interestIncome": 0,
        "interestExpense": 0,
        "depreciationAndAmortization": 61600000,
        "ebitda": 213100000,
        "ebitdaratio": 0.1113957135,
        "operatingIncome": 151500000,
        "operatingIncomeRatio": 0.0791949817,
        "totalOtherIncomeExpensesNet": -37700000,
        "incomeBeforeTax": 113800000,
        "incomeBeforeTaxRatio": 0.0594877156,
        "incomeTaxExpense": 44900000,
        "netIncome": 68900000,
        "netIncomeRatio": 0.0360167277,
        "eps": 0.0305,
        "epsdiluted": 0.0305,
        "weightedAverageShsOut": 2260608000,
        "weightedAverageShsOutDil": 2260608000,
        "link": "https://www.sec.gov/Archives/edgar/data/320187/000032018799000002/0000320187-99-000002-index.htm",
        "finalLink": "https://www.sec.gov/Archives/edgar/data/320187/0000320187-99-000002.txt"
    },
    {
        "date": "1998-08-31",
        "symbol": "NKE",
        "reportedCurrency": "USD",
        "cik": "0000320187",
        "fillingDate": "1998-10-15",
        "acceptedDate": "1998-10-15 00:00:00",
        "calendarYear": "1999",
        "period": "Q1",
        "revenue": 2504800000,
        "costOfRevenue": 1505400000,
        "grossProfit": 999400000,
        "grossProfitRatio": 0.3989939317,
        "researchAndDevelopmentExpenses": 0,
        "generalAndAdministrativeExpenses": 0,
        "sellingAndMarketingExpenses": 0,
        "sellingGeneralAndAdministrativeExpenses": 652600000,
        "otherExpenses": 57200000,
        "operatingExpenses": 709800000,
        "costAndExpenses": 2215200000,
        "interestIncome": 0,
        "interestExpense": 0,
        "depreciationAndAmortization": 57200000,
        "ebitda": 346800000,
        "ebitdaratio": 0.138454168,
        "operatingIncome": 289600000,
        "operatingIncomeRatio": 0.1156180134,
        "totalOtherIncomeExpensesNet": -18800000,
        "incomeBeforeTax": 270800000,
        "incomeBeforeTaxRatio": 0.1081124241,
        "incomeTaxExpense": 107000000,
        "netIncome": 163800000,
        "netIncomeRatio": 0.0653944427,
        "eps": 0.0715,
        "epsdiluted": 0.0715,
        "weightedAverageShsOut": 2290400000,
        "weightedAverageShsOutDil": 2290400000,
        "link": "https://www.sec.gov/Archives/edgar/data/320187/000032018798000022/0000320187-98-000022-index.htm",
        "finalLink": "https://www.sec.gov/Archives/edgar/data/320187/0000320187-98-000022.txt"
    },
    {
        "date": "1998-05-31",
        "symbol": "NKE",
        "reportedCurrency": "USD",
        "cik": "0000320187",
        "fillingDate": "1998-08-26",
        "acceptedDate": "1998-08-26 00:00:00",
        "calendarYear": "1998",
        "period": "Q4",
        "revenue": 2307700000,
        "costOfRevenue": 1461200000,
        "grossProfit": 846500000,
        "grossProfitRatio": 0.3668154439,
        "researchAndDevelopmentExpenses": 0,
        "generalAndAdministrativeExpenses": 0,
        "sellingAndMarketingExpenses": 0,
        "sellingGeneralAndAdministrativeExpenses": 720500000,
        "otherExpenses": 100500000,
        "operatingExpenses": 821000000,
        "costAndExpenses": 2282200000,
        "interestIncome": 0,
        "interestExpense": 0,
        "depreciationAndAmortization": 100500000,
        "ebitda": 126000000,
        "ebitdaratio": 0.054599818,
        "operatingIncome": 25500000,
        "operatingIncomeRatio": 0.0110499632,
        "totalOtherIncomeExpensesNet": -136000000,
        "incomeBeforeTax": -110500000,
        "incomeBeforeTaxRatio": -0.0478831737,
        "incomeTaxExpense": -42800000,
        "netIncome": -67700000,
        "netIncomeRatio": -0.0293365689,
        "eps": -0.0296,
        "epsdiluted": -0.0296,
        "weightedAverageShsOut": 2290400000,
        "weightedAverageShsOutDil": 2290400000,
        "link": "https://www.sec.gov/Archives/edgar/data/320187/000032018798000018/0000320187-98-000018-index.htm",
        "finalLink": "https://www.sec.gov/Archives/edgar/data/320187/0000320187-98-000018.txt"
    },
    {
        "date": "1998-02-28",
        "symbol": "NKE",
        "reportedCurrency": "USD",
        "cik": "0000320187",
        "fillingDate": "1998-04-14",
        "acceptedDate": "1998-04-14 00:00:00",
        "calendarYear": "1998",
        "period": "Q3",
        "revenue": 2224000000,
        "costOfRevenue": 1383900000,
        "grossProfit": 840100000,
        "grossProfitRatio": 0.3777428058,
        "researchAndDevelopmentExpenses": 0,
        "generalAndAdministrativeExpenses": 0,
        "sellingAndMarketingExpenses": 0,
        "sellingGeneralAndAdministrativeExpenses": 651400000,
        "otherExpenses": 44900000,
        "operatingExpenses": 696300000,
        "costAndExpenses": 2080200000,
        "interestIncome": 0,
        "interestExpense": 0,
        "depreciationAndAmortization": 44900000,
        "ebitda": 188700000,
        "ebitdaratio": 0.0848471223,
        "operatingIncome": 143800000,
        "operatingIncomeRatio": 0.0646582734,
        "totalOtherIncomeExpensesNet": -21200000,
        "incomeBeforeTax": 122600000,
        "incomeBeforeTaxRatio": 0.0551258993,
        "incomeTaxExpense": 49500000,
        "netIncome": 73100000,
        "netIncomeRatio": 0.032868705,
        "eps": 0.0318,
        "epsdiluted": 0.0318,
        "weightedAverageShsOut": 2301816000,
        "weightedAverageShsOutDil": 2301816000,
        "link": "https://www.sec.gov/Archives/edgar/data/320187/000032018798000006/0000320187-98-000006-index.htm",
        "finalLink": "https://www.sec.gov/Archives/edgar/data/320187/0000320187-98-000006.txt"
    },
    {
        "date": "1997-11-30",
        "symbol": "NKE",
        "reportedCurrency": "USD",
        "cik": "0000320187",
        "fillingDate": "1998-01-14",
        "acceptedDate": "1998-01-14 00:00:00",
        "calendarYear": "1998",
        "period": "Q2",
        "revenue": 2255300000,
        "costOfRevenue": 1365200000,
        "grossProfit": 890100000,
        "grossProfitRatio": 0.3946703321,
        "researchAndDevelopmentExpenses": 0,
        "generalAndAdministrativeExpenses": 0,
        "sellingAndMarketingExpenses": 0,
        "sellingGeneralAndAdministrativeExpenses": 593100000,
        "otherExpenses": 44300000,
        "operatingExpenses": 637400000,
        "costAndExpenses": 2002600000,
        "interestIncome": 0,
        "interestExpense": 0,
        "depreciationAndAmortization": 44300000,
        "ebitda": 297000000,
        "ebitdaratio": 0.1316897974,
        "operatingIncome": 252700000,
        "operatingIncomeRatio": 0.1120471778,
        "totalOtherIncomeExpensesNet": -23400000,
        "incomeBeforeTax": 229300000,
        "incomeBeforeTaxRatio": 0.101671618,
        "incomeTaxExpense": 88200000,
        "netIncome": 141100000,
        "netIncomeRatio": 0.0625637387,
        "eps": 0.0606,
        "epsdiluted": 0.0606,
        "weightedAverageShsOut": 2325224000,
        "weightedAverageShsOutDil": 2325224000,
        "link": "https://www.sec.gov/Archives/edgar/data/320187/000032018798000002/0000320187-98-000002-index.htm",
        "finalLink": "https://www.sec.gov/Archives/edgar/data/320187/0000320187-98-000002.txt"
    },
    {
        "date": "1997-08-31",
        "symbol": "NKE",
        "reportedCurrency": "USD",
        "cik": "0000320187",
        "fillingDate": "1997-10-15",
        "acceptedDate": "1997-10-15 00:00:00",
        "calendarYear": "1998",
        "period": "Q1",
        "revenue": 2766100000,
        "costOfRevenue": 1621700000,
        "grossProfit": 1144400000,
        "grossProfitRatio": 0.4137232927,
        "researchAndDevelopmentExpenses": 0,
        "generalAndAdministrativeExpenses": 0,
        "sellingAndMarketingExpenses": 0,
        "sellingGeneralAndAdministrativeExpenses": 658900000,
        "otherExpenses": 43800000,
        "operatingExpenses": 702700000,
        "costAndExpenses": 2324400000,
        "interestIncome": 0,
        "interestExpense": 0,
        "depreciationAndAmortization": 43800000,
        "ebitda": 485500000,
        "ebitdaratio": 0.1755178772,
        "operatingIncome": 441700000,
        "operatingIncomeRatio": 0.1596833086,
        "totalOtherIncomeExpensesNet": -30100000,
        "incomeBeforeTax": 411600000,
        "incomeBeforeTaxRatio": 0.1488015618,
        "incomeTaxExpense": 158500000,
        "netIncome": 253100000,
        "netIncomeRatio": 0.0915006688,
        "eps": 0.11,
        "epsdiluted": 0.11,
        "weightedAverageShsOut": 2325168000,
        "weightedAverageShsOutDil": 2325168000,
        "link": "https://www.sec.gov/Archives/edgar/data/320187/000032018797000009/0000320187-97-000009-index.htm",
        "finalLink": "https://www.sec.gov/Archives/edgar/data/320187/0000320187-97-000009.txt"
    },
    {
        "date": "1997-05-31",
        "symbol": "NKE",
        "reportedCurrency": "USD",
        "cik": "0000320187",
        "fillingDate": "1997-08-29",
        "acceptedDate": "1997-08-29 00:00:00",
        "calendarYear": "1997",
        "period": "Q4",
        "revenue": 2373900000,
        "costOfRevenue": 1354300000,
        "grossProfit": 1019600000,
        "grossProfitRatio": 0.4295041914,
        "researchAndDevelopmentExpenses": 0,
        "generalAndAdministrativeExpenses": 0,
        "sellingAndMarketingExpenses": 0,
        "sellingGeneralAndAdministrativeExpenses": 666100000,
        "otherExpenses": 73500000,
        "operatingExpenses": 739600000,
        "costAndExpenses": 2093900000,
        "interestIncome": 0,
        "interestExpense": 0,
        "depreciationAndAmortization": 73500000,
        "ebitda": 353500000,
        "ebitdaratio": 0.1489110746,
        "operatingIncome": 280000000,
        "operatingIncomeRatio": 0.117949366,
        "totalOtherIncomeExpensesNet": -29800000,
        "incomeBeforeTax": 250200000,
        "incomeBeforeTaxRatio": 0.1053961835,
        "incomeTaxExpense": 94500000,
        "netIncome": 155700000,
        "netIncomeRatio": 0.0655882725,
        "eps": 0.0673,
        "epsdiluted": 0.067,
        "weightedAverageShsOut": 2314160000,
        "weightedAverageShsOutDil": 2325168000,
        "link": "https://www.sec.gov/Archives/edgar/data/320187/000091205797029601/0000912057-97-029601-index.htm",
        "finalLink": "https://www.sec.gov/Archives/edgar/data/320187/0000912057-97-029601.txt"
    },
    {
        "date": "1997-02-28",
        "symbol": "NKE",
        "reportedCurrency": "USD",
        "cik": "0000320187",
        "fillingDate": "1997-04-14",
        "acceptedDate": "1997-04-14 00:00:00",
        "calendarYear": "1997",
        "period": "Q3",
        "revenue": 2423600000,
        "costOfRevenue": 1398800000,
        "grossProfit": 1024800000,
        "grossProfitRatio": 0.4228420531,
        "researchAndDevelopmentExpenses": 0,
        "generalAndAdministrativeExpenses": 0,
        "sellingAndMarketingExpenses": 0,
        "sellingGeneralAndAdministrativeExpenses": 577600000,
        "otherExpenses": 36600000,
        "operatingExpenses": 614200000,
        "costAndExpenses": 2013000000,
        "interestIncome": 0,
        "interestExpense": 0,
        "depreciationAndAmortization": 36600000,
        "ebitda": 447200000,
        "ebitdaratio": 0.1845188975,
        "operatingIncome": 410600000,
        "operatingIncomeRatio": 0.1694173956,
        "totalOtherIncomeExpensesNet": -23500000,
        "incomeBeforeTax": 387100000,
        "incomeBeforeTaxRatio": 0.1597210761,
        "incomeTaxExpense": 150000000,
        "netIncome": 237100000,
        "netIncomeRatio": 0.0978296749,
        "eps": 0.1,
        "epsdiluted": 0.1,
        "weightedAverageShsOut": 2309840000,
        "weightedAverageShsOutDil": 2309840000,
        "link": "https://www.sec.gov/Archives/edgar/data/320187/000032018797000003/0000320187-97-000003-index.htm",
        "finalLink": "https://www.sec.gov/Archives/edgar/data/320187/0000320187-97-000003.txt"
    },
    {
        "date": "1996-11-30",
        "symbol": "NKE",
        "reportedCurrency": "USD",
        "cik": "0000320187",
        "fillingDate": "1997-01-14",
        "acceptedDate": "1997-01-14 00:00:00",
        "calendarYear": "1997",
        "period": "Q2",
        "revenue": 2107000000,
        "costOfRevenue": 1246400000,
        "grossProfit": 860600000,
        "grossProfitRatio": 0.4084480304,
        "researchAndDevelopmentExpenses": 0,
        "generalAndAdministrativeExpenses": 0,
        "sellingAndMarketingExpenses": 0,
        "sellingGeneralAndAdministrativeExpenses": 530500000,
        "otherExpenses": 31200000,
        "operatingExpenses": 561700000,
        "costAndExpenses": 1808100000,
        "interestIncome": 0,
        "interestExpense": 0,
        "depreciationAndAmortization": 31200000,
        "ebitda": 330100000,
        "ebitdaratio": 0.1566682487,
        "operatingIncome": 298900000,
        "operatingIncomeRatio": 0.1418604651,
        "totalOtherIncomeExpensesNet": -10000000,
        "incomeBeforeTax": 288900000,
        "incomeBeforeTaxRatio": 0.1371143806,
        "incomeTaxExpense": 112000000,
        "netIncome": 176900000,
        "netIncomeRatio": 0.0839582345,
        "eps": 0.0767,
        "epsdiluted": 0.0767,
        "weightedAverageShsOut": 2306920000,
        "weightedAverageShsOutDil": 2306920000,
        "link": "https://www.sec.gov/Archives/edgar/data/320187/000032018797000001/0000320187-97-000001-index.htm",
        "finalLink": "https://www.sec.gov/Archives/edgar/data/320187/0000320187-97-000001.txt"
    },
    {
        "date": "1996-08-31",
        "symbol": "NKE",
        "reportedCurrency": "USD",
        "cik": "0000320187",
        "fillingDate": "1996-10-15",
        "acceptedDate": "1996-10-15 00:00:00",
        "calendarYear": "1997",
        "period": "Q1",
        "revenue": 2281900000,
        "costOfRevenue": 1335100000,
        "grossProfit": 946800000,
        "grossProfitRatio": 0.4149173934,
        "researchAndDevelopmentExpenses": 0,
        "generalAndAdministrativeExpenses": 0,
        "sellingAndMarketingExpenses": 0,
        "sellingGeneralAndAdministrativeExpenses": 529500000,
        "otherExpenses": 27000000,
        "operatingExpenses": 556500000,
        "costAndExpenses": 1891600000,
        "interestIncome": 0,
        "interestExpense": 0,
        "depreciationAndAmortization": 27000000,
        "ebitda": 417300000,
        "ebitdaratio": 0.1828739209,
        "operatingIncome": 390300000,
        "operatingIncomeRatio": 0.1710416758,
        "totalOtherIncomeExpensesNet": -21300000,
        "incomeBeforeTax": 369000000,
        "incomeBeforeTaxRatio": 0.1617073491,
        "incomeTaxExpense": 142900000,
        "netIncome": 226100000,
        "netIncomeRatio": 0.0990840966,
        "eps": 0.0981,
        "epsdiluted": 0.0981,
        "weightedAverageShsOut": 2304144000,
        "weightedAverageShsOutDil": 2304144000,
        "link": "https://www.sec.gov/Archives/edgar/data/320187/000032018796000018/0000320187-96-000018-index.htm",
        "finalLink": "https://www.sec.gov/Archives/edgar/data/320187/0000320187-96-000018.txt"
    },
    {
        "date": "1996-05-31",
        "symbol": "NKE",
        "reportedCurrency": "USD",
        "cik": "0000320187",
        "fillingDate": "1996-08-30",
        "acceptedDate": "1996-08-30 00:00:00",
        "calendarYear": "1996",
        "period": "Q4",
        "revenue": 1921300000,
        "costOfRevenue": 1093400000,
        "grossProfit": 827900000,
        "grossProfitRatio": 0.4309061573,
        "researchAndDevelopmentExpenses": 0,
        "generalAndAdministrativeExpenses": 0,
        "sellingAndMarketingExpenses": 0,
        "sellingGeneralAndAdministrativeExpenses": 487800000,
        "otherExpenses": 68000000,
        "operatingExpenses": 555800000,
        "costAndExpenses": 1649200000,
        "interestIncome": 0,
        "interestExpense": 0,
        "depreciationAndAmortization": 68000000,
        "ebitda": 340100000,
        "ebitdaratio": 0.1770155624,
        "operatingIncome": 272100000,
        "operatingIncomeRatio": 0.1416228595,
        "totalOtherIncomeExpensesNet": -18100000,
        "incomeBeforeTax": 254000000,
        "incomeBeforeTaxRatio": 0.1322021548,
        "incomeTaxExpense": 97500000,
        "netIncome": 156500000,
        "netIncomeRatio": 0.0814552647,
        "eps": 0.0681,
        "epsdiluted": 0.0679,
        "weightedAverageShsOut": 2298064000,
        "weightedAverageShsOutDil": 2304144000,
        "link": "https://www.sec.gov/Archives/edgar/data/320187/000032018796000014/0000320187-96-000014-index.htm",
        "finalLink": "https://www.sec.gov/Archives/edgar/data/320187/0000320187-96-000014.txt"
    },
    {
        "date": "1996-02-29",
        "symbol": "NKE",
        "reportedCurrency": "USD",
        "cik": "0000320187",
        "fillingDate": "1996-04-15",
        "acceptedDate": "1996-04-15 00:00:00",
        "calendarYear": "1996",
        "period": "Q3",
        "revenue": 1491600000,
        "costOfRevenue": 879000000,
        "grossProfit": 612600000,
        "grossProfitRatio": 0.4106999195,
        "researchAndDevelopmentExpenses": 0,
        "generalAndAdministrativeExpenses": 0,
        "sellingAndMarketingExpenses": 0,
        "sellingGeneralAndAdministrativeExpenses": 382700000,
        "otherExpenses": 23400000,
        "operatingExpenses": 406100000,
        "costAndExpenses": 1285100000,
        "interestIncome": 0,
        "interestExpense": 0,
        "depreciationAndAmortization": 23400000,
        "ebitda": 229900000,
        "ebitdaratio": 0.1541297935,
        "operatingIncome": 206500000,
        "operatingIncomeRatio": 0.1384419415,
        "totalOtherIncomeExpensesNet": -21500000,
        "incomeBeforeTax": 185000000,
        "incomeBeforeTaxRatio": 0.1240278895,
        "incomeTaxExpense": 71300000,
        "netIncome": 113700000,
        "netIncomeRatio": 0.0762268705,
        "eps": 0.0496,
        "epsdiluted": 0.0496,
        "weightedAverageShsOut": 2294288000,
        "weightedAverageShsOutDil": 2294288000,
        "link": "https://www.sec.gov/Archives/edgar/data/320187/000032018796000003/0000320187-96-000003-index.htm",
        "finalLink": "https://www.sec.gov/Archives/edgar/data/320187/0000320187-96-000003.txt"
    },
    {
        "date": "1995-11-30",
        "symbol": "NKE",
        "reportedCurrency": "USD",
        "cik": "0000320187",
        "fillingDate": "1996-01-16",
        "acceptedDate": "1996-01-16 00:00:00",
        "calendarYear": "1996",
        "period": "Q2",
        "revenue": 1443000000,
        "costOfRevenue": 854400000,
        "grossProfit": 588600000,
        "grossProfitRatio": 0.4079002079,
        "researchAndDevelopmentExpenses": 0,
        "generalAndAdministrativeExpenses": 0,
        "sellingAndMarketingExpenses": 0,
        "sellingGeneralAndAdministrativeExpenses": 358600000,
        "otherExpenses": 21000000,
        "operatingExpenses": 379600000,
        "costAndExpenses": 1234000000,
        "interestIncome": 0,
        "interestExpense": 0,
        "depreciationAndAmortization": 21000000,
        "ebitda": 230000000,
        "ebitdaratio": 0.1593901594,
        "operatingIncome": 209000000,
        "operatingIncomeRatio": 0.1448371448,
        "totalOtherIncomeExpensesNet": -16800000,
        "incomeBeforeTax": 192200000,
        "incomeBeforeTaxRatio": 0.1331947332,
        "incomeTaxExpense": 74000000,
        "netIncome": 118200000,
        "netIncomeRatio": 0.0819126819,
        "eps": 0.0516,
        "epsdiluted": 0.0516,
        "weightedAverageShsOut": 2291840000,
        "weightedAverageShsOutDil": 2291840000,
        "link": "https://www.sec.gov/Archives/edgar/data/320187/000032018796000001/0000320187-96-000001-index.htm",
        "finalLink": "https://www.sec.gov/Archives/edgar/data/320187/0000320187-96-000001.txt"
    },
    {
        "date": "1995-08-31",
        "symbol": "NKE",
        "reportedCurrency": "USD",
        "cik": "0000320187",
        "fillingDate": "1995-10-16",
        "acceptedDate": "1995-10-16 00:00:00",
        "calendarYear": "1996",
        "period": "Q1",
        "revenue": 1614600000,
        "costOfRevenue": 947500000,
        "grossProfit": 667100000,
        "grossProfitRatio": 0.4131673479,
        "researchAndDevelopmentExpenses": 0,
        "generalAndAdministrativeExpenses": 0,
        "sellingAndMarketingExpenses": 0,
        "sellingGeneralAndAdministrativeExpenses": 359500000,
        "otherExpenses": 20000000,
        "operatingExpenses": 379500000,
        "costAndExpenses": 1327000000,
        "interestIncome": 0,
        "interestExpense": 0,
        "depreciationAndAmortization": 20000000,
        "ebitda": 307600000,
        "ebitdaratio": 0.1905115818,
        "operatingIncome": 287600000,
        "operatingIncomeRatio": 0.1781246129,
        "totalOtherIncomeExpensesNet": -19700000,
        "incomeBeforeTax": 267900000,
        "incomeBeforeTaxRatio": 0.1659234485,
        "incomeTaxExpense": 103100000,
        "netIncome": 164800000,
        "netIncomeRatio": 0.1020686238,
        "eps": 0.072,
        "epsdiluted": 0.072,
        "weightedAverageShsOut": 2287488000,
        "weightedAverageShsOutDil": 2287488000,
        "link": "https://www.sec.gov/Archives/edgar/data/320187/000032018795000017/0000320187-95-000017-index.htm",
        "finalLink": "https://www.sec.gov/Archives/edgar/data/320187/0000320187-95-000017.txt"
    },
    {
        "date": "1995-05-31",
        "symbol": "NKE",
        "reportedCurrency": "USD",
        "cik": "0000320187",
        "fillingDate": "1995-08-30",
        "acceptedDate": "1995-08-30 00:00:00",
        "calendarYear": "1995",
        "period": "Q4",
        "revenue": 1412000000,
        "costOfRevenue": 804200000,
        "grossProfit": 607800000,
        "grossProfitRatio": 0.4304532578,
        "researchAndDevelopmentExpenses": 0,
        "generalAndAdministrativeExpenses": 0,
        "sellingAndMarketingExpenses": 0,
        "sellingGeneralAndAdministrativeExpenses": 370300000,
        "otherExpenses": 42200000,
        "operatingExpenses": 412500000,
        "costAndExpenses": 1216700000,
        "interestIncome": 0,
        "interestExpense": 0,
        "depreciationAndAmortization": 42200000,
        "ebitda": 237500000,
        "ebitdaratio": 0.1682011331,
        "operatingIncome": 195300000,
        "operatingIncomeRatio": 0.1383144476,
        "totalOtherIncomeExpensesNet": -14700000,
        "incomeBeforeTax": 180600000,
        "incomeBeforeTaxRatio": 0.1279036827,
        "incomeTaxExpense": 67200000,
        "netIncome": 113400000,
        "netIncomeRatio": 0.0803116147,
        "eps": 0.0496,
        "epsdiluted": 0.0496,
        "weightedAverageShsOut": 2286240000,
        "weightedAverageShsOutDil": 2287488000,
        "link": "https://www.sec.gov/Archives/edgar/data/320187/000032018795000013/0000320187-95-000013-index.htm",
        "finalLink": "https://www.sec.gov/Archives/edgar/data/320187/0000320187-95-000013.txt"
    },
    {
        "date": "1995-02-28",
        "symbol": "NKE",
        "reportedCurrency": "USD",
        "cik": "0000320187",
        "fillingDate": "1995-04-17",
        "acceptedDate": "1995-04-17 00:00:00",
        "calendarYear": "1995",
        "period": "Q3",
        "revenue": 1124700000,
        "costOfRevenue": 661500000,
        "grossProfit": 463200000,
        "grossProfitRatio": 0.4118431582,
        "researchAndDevelopmentExpenses": 0,
        "generalAndAdministrativeExpenses": 0,
        "sellingAndMarketingExpenses": 0,
        "sellingGeneralAndAdministrativeExpenses": 278300000,
        "otherExpenses": 16900000,
        "operatingExpenses": 295200000,
        "costAndExpenses": 956700000,
        "interestIncome": 0,
        "interestExpense": 0,
        "depreciationAndAmortization": 16900000,
        "ebitda": 184900000,
        "ebitdaratio": 0.1643993954,
        "operatingIncome": 168000000,
        "operatingIncomeRatio": 0.1493731662,
        "totalOtherIncomeExpensesNet": -11700000,
        "incomeBeforeTax": 156300000,
        "incomeBeforeTaxRatio": 0.1389703921,
        "incomeTaxExpense": 61000000,
        "netIncome": 95300000,
        "netIncomeRatio": 0.0847337068,
        "eps": 0.0413,
        "epsdiluted": 0.0413,
        "weightedAverageShsOut": 2310272000,
        "weightedAverageShsOutDil": 2310272000,
        "link": "https://www.sec.gov/Archives/edgar/data/320187/000032018795000008/0000320187-95-000008-index.htm",
        "finalLink": "https://www.sec.gov/Archives/edgar/data/320187/0000320187-95-000008.txt"
    },
    {
        "date": "1994-11-30",
        "symbol": "NKE",
        "reportedCurrency": "USD",
        "cik": "0000320187",
        "fillingDate": "1995-01-17",
        "acceptedDate": "1995-01-17 00:00:00",
        "calendarYear": "1995",
        "period": "Q2",
        "revenue": 1053700000,
        "costOfRevenue": 623700000,
        "grossProfit": 430000000,
        "grossProfitRatio": 0.4080857929,
        "researchAndDevelopmentExpenses": 0,
        "generalAndAdministrativeExpenses": 0,
        "sellingAndMarketingExpenses": 0,
        "sellingGeneralAndAdministrativeExpenses": 268900000,
        "otherExpenses": 16300000,
        "operatingExpenses": 285200000,
        "costAndExpenses": 908900000,
        "interestIncome": 0,
        "interestExpense": 0,
        "depreciationAndAmortization": 16300000,
        "ebitda": 161100000,
        "ebitdaratio": 0.1528898168,
        "operatingIncome": 144800000,
        "operatingIncomeRatio": 0.1374205182,
        "totalOtherIncomeExpensesNet": -5600000,
        "incomeBeforeTax": 139200000,
        "incomeBeforeTaxRatio": 0.1321059125,
        "incomeTaxExpense": 54300000,
        "netIncome": 84900000,
        "netIncomeRatio": 0.0805732182,
        "eps": 0.0362,
        "epsdiluted": 0.0362,
        "weightedAverageShsOut": 2344640000,
        "weightedAverageShsOutDil": 2344640000,
        "link": "https://www.sec.gov/Archives/edgar/data/320187/000032018795000001/0000320187-95-000001-index.htm",
        "finalLink": "https://www.sec.gov/Archives/edgar/data/320187/0000320187-95-000001.txt"
    },
    {
        "date": "1994-08-31",
        "symbol": "NKE",
        "reportedCurrency": "USD",
        "cik": "0000320187",
        "fillingDate": "1994-08-31",
        "acceptedDate": "1994-08-31 00:00:00",
        "calendarYear": "1995",
        "period": "Q1",
        "revenue": 1170400000,
        "costOfRevenue": 685600000,
        "grossProfit": 484800000,
        "grossProfitRatio": 0.4142173616,
        "researchAndDevelopmentExpenses": 0,
        "generalAndAdministrativeExpenses": 0,
        "sellingAndMarketingExpenses": 0,
        "sellingGeneralAndAdministrativeExpenses": 292300000,
        "otherExpenses": 14800000,
        "operatingExpenses": 307100000,
        "costAndExpenses": 992700000,
        "interestIncome": 0,
        "interestExpense": 0,
        "depreciationAndAmortization": 14800000,
        "ebitda": 192500000,
        "ebitdaratio": 0.1644736842,
        "operatingIncome": 177700000,
        "operatingIncomeRatio": 0.1518284347,
        "totalOtherIncomeExpensesNet": -4000000,
        "incomeBeforeTax": 173700000,
        "incomeBeforeTaxRatio": 0.1484107997,
        "incomeTaxExpense": 67700000,
        "netIncome": 106000000,
        "netIncomeRatio": 0.0905673274,
        "eps": 0.0452,
        "epsdiluted": 0.0452,
        "weightedAverageShsOut": 2344640000,
        "weightedAverageShsOutDil": 2344640000,
        "link": null,
        "finalLink": null
    },
    {
        "date": "1994-05-31",
        "symbol": "NKE",
        "reportedCurrency": "USD",
        "cik": "0000320187",
        "fillingDate": "1994-05-31",
        "acceptedDate": "1994-05-31 00:00:00",
        "calendarYear": "1994",
        "period": "Q4",
        "revenue": 1004200000,
        "costOfRevenue": 581300000,
        "grossProfit": 422900000,
        "grossProfitRatio": 0.4211312488,
        "researchAndDevelopmentExpenses": 0,
        "generalAndAdministrativeExpenses": 0,
        "sellingAndMarketingExpenses": 0,
        "sellingGeneralAndAdministrativeExpenses": 280100000,
        "otherExpenses": 19100000,
        "operatingExpenses": 299200000,
        "costAndExpenses": 880500000,
        "interestIncome": 0,
        "interestExpense": 0,
        "depreciationAndAmortization": 19100000,
        "ebitda": 142800000,
        "ebitdaratio": 0.1422027485,
        "operatingIncome": 123700000,
        "operatingIncomeRatio": 0.1231826329,
        "totalOtherIncomeExpensesNet": -12100000,
        "incomeBeforeTax": 111600000,
        "incomeBeforeTaxRatio": 0.1111332404,
        "incomeTaxExpense": 42400000,
        "netIncome": 69200000,
        "netIncomeRatio": 0.0689105756,
        "eps": 0.0295,
        "epsdiluted": 0.0292,
        "weightedAverageShsOut": 2342400000,
        "weightedAverageShsOutDil": 2370304000,
        "link": null,
        "finalLink": null
    },
    {
        "date": "1994-02-28",
        "symbol": "NKE",
        "reportedCurrency": "USD",
        "cik": "0000320187",
        "fillingDate": "1994-02-28",
        "acceptedDate": "1994-02-28 00:00:00",
        "calendarYear": "1994",
        "period": "Q3",
        "revenue": 871800000,
        "costOfRevenue": 520500000,
        "grossProfit": 351300000,
        "grossProfitRatio": 0.4029593944,
        "researchAndDevelopmentExpenses": 0,
        "generalAndAdministrativeExpenses": 0,
        "sellingAndMarketingExpenses": 0,
        "sellingGeneralAndAdministrativeExpenses": 231300000,
        "otherExpenses": 16600000,
        "operatingExpenses": 247900000,
        "costAndExpenses": 768400000,
        "interestIncome": 0,
        "interestExpense": 0,
        "depreciationAndAmortization": 16600000,
        "ebitda": 120000000,
        "ebitdaratio": 0.1376462491,
        "operatingIncome": 103400000,
        "operatingIncomeRatio": 0.1186051847,
        "totalOtherIncomeExpensesNet": -700000,
        "incomeBeforeTax": 102700000,
        "incomeBeforeTaxRatio": 0.1178022482,
        "incomeTaxExpense": 39500000,
        "netIncome": 63200000,
        "netIncomeRatio": 0.0724936912,
        "eps": 0.0267,
        "epsdiluted": 0.0267,
        "weightedAverageShsOut": 2370304000,
        "weightedAverageShsOutDil": 2370304000,
        "link": null,
        "finalLink": null
    },
    {
        "date": "1993-11-30",
        "symbol": "NKE",
        "reportedCurrency": "USD",
        "cik": "0000320187",
        "fillingDate": "1993-11-30",
        "acceptedDate": "1993-11-30 00:00:00",
        "calendarYear": "1994",
        "period": "Q2",
        "revenue": 805800000,
        "costOfRevenue": 481500000,
        "grossProfit": 324300000,
        "grossProfitRatio": 0.4024571854,
        "researchAndDevelopmentExpenses": 0,
        "generalAndAdministrativeExpenses": 0,
        "sellingAndMarketingExpenses": 0,
        "sellingGeneralAndAdministrativeExpenses": 223500000,
        "otherExpenses": 14600000,
        "operatingExpenses": 238100000,
        "costAndExpenses": 719600000,
        "interestIncome": 0,
        "interestExpense": 0,
        "depreciationAndAmortization": 14600000,
        "ebitda": 100800000,
        "ebitdaratio": 0.1250930752,
        "operatingIncome": 86200000,
        "operatingIncomeRatio": 0.1069744353,
        "totalOtherIncomeExpensesNet": -2700000,
        "incomeBeforeTax": 83500000,
        "incomeBeforeTaxRatio": 0.103623728,
        "incomeTaxExpense": 31200000,
        "netIncome": 52300000,
        "netIncomeRatio": 0.0649044428,
        "eps": 0.0218,
        "epsdiluted": 0.0218,
        "weightedAverageShsOut": 2393664000,
        "weightedAverageShsOutDil": 2393664000,
        "link": null,
        "finalLink": null
    },
    {
        "date": "1993-08-31",
        "symbol": "NKE",
        "reportedCurrency": "USD",
        "cik": "0000320187",
        "fillingDate": "1993-08-31",
        "acceptedDate": "1993-08-31 00:00:00",
        "calendarYear": "1994",
        "period": "Q1",
        "revenue": 1107900000,
        "costOfRevenue": 653600000,
        "grossProfit": 454300000,
        "grossProfitRatio": 0.4100550591,
        "researchAndDevelopmentExpenses": 0,
        "generalAndAdministrativeExpenses": 0,
        "sellingAndMarketingExpenses": 0,
        "sellingGeneralAndAdministrativeExpenses": 239300000,
        "otherExpenses": 14200000,
        "operatingExpenses": 253500000,
        "costAndExpenses": 907100000,
        "interestIncome": 0,
        "interestExpense": 0,
        "depreciationAndAmortization": 14200000,
        "ebitda": 215000000,
        "ebitdaratio": 0.1940608358,
        "operatingIncome": 200800000,
        "operatingIncomeRatio": 0.1812437946,
        "totalOtherIncomeExpensesNet": -8000000,
        "incomeBeforeTax": 192800000,
        "incomeBeforeTaxRatio": 0.1740229263,
        "incomeTaxExpense": 78700000,
        "netIncome": 114100000,
        "netIncomeRatio": 0.1029876343,
        "eps": 0.0471,
        "epsdiluted": 0.0471,
        "weightedAverageShsOut": 2420288000,
        "weightedAverageShsOutDil": 2420288000,
        "link": null,
        "finalLink": null
    },
    {
        "date": "1993-05-31",
        "symbol": "NKE",
        "reportedCurrency": "USD",
        "cik": "0000320187",
        "fillingDate": "1993-05-31",
        "acceptedDate": "1993-05-31 00:00:00",
        "calendarYear": "1993",
        "period": "Q4",
        "revenue": 983300000,
        "costOfRevenue": 574200000,
        "grossProfit": 409100000,
        "grossProfitRatio": 0.4160480016,
        "researchAndDevelopmentExpenses": 0,
        "generalAndAdministrativeExpenses": 0,
        "sellingAndMarketingExpenses": 0,
        "sellingGeneralAndAdministrativeExpenses": 258100000,
        "otherExpenses": 20500000,
        "operatingExpenses": 278600000,
        "costAndExpenses": 852800000,
        "interestIncome": 0,
        "interestExpense": 0,
        "depreciationAndAmortization": 20500000,
        "ebitda": 151000000,
        "ebitdaratio": 0.1535645276,
        "operatingIncome": 130500000,
        "operatingIncomeRatio": 0.1327163633,
        "totalOtherIncomeExpensesNet": -6400000,
        "incomeBeforeTax": 124100000,
        "incomeBeforeTaxRatio": 0.1262076681,
        "incomeTaxExpense": 47200000,
        "netIncome": 76900000,
        "netIncomeRatio": 0.0782060409,
        "eps": 0.0317,
        "epsdiluted": 0.0317,
        "weightedAverageShsOut": 2426720000,
        "weightedAverageShsOutDil": 2426720000,
        "link": null,
        "finalLink": null
    },
    {
        "date": "1993-02-28",
        "symbol": "NKE",
        "reportedCurrency": "USD",
        "cik": "0000320187",
        "fillingDate": "1993-02-28",
        "acceptedDate": "1993-02-28 00:00:00",
        "calendarYear": "1993",
        "period": "Q3",
        "revenue": 972000000,
        "costOfRevenue": 581500000,
        "grossProfit": 390500000,
        "grossProfitRatio": 0.4017489712,
        "researchAndDevelopmentExpenses": 0,
        "generalAndAdministrativeExpenses": 0,
        "sellingAndMarketingExpenses": 0,
        "sellingGeneralAndAdministrativeExpenses": 222700000,
        "otherExpenses": 14500000,
        "operatingExpenses": 237200000,
        "costAndExpenses": 818700000,
        "interestIncome": 0,
        "interestExpense": 0,
        "depreciationAndAmortization": 14500000,
        "ebitda": 167800000,
        "ebitdaratio": 0.1726337449,
        "operatingIncome": 153300000,
        "operatingIncomeRatio": 0.1577160494,
        "totalOtherIncomeExpensesNet": -7200000,
        "incomeBeforeTax": 146100000,
        "incomeBeforeTaxRatio": 0.150308642,
        "incomeTaxExpense": 56600000,
        "netIncome": 89500000,
        "netIncomeRatio": 0.0920781893,
        "eps": 0.0369,
        "epsdiluted": 0.0369,
        "weightedAverageShsOut": 2426720000,
        "weightedAverageShsOutDil": 2426720000,
        "link": null,
        "finalLink": null
    },
    {
        "date": "1992-11-30",
        "symbol": "NKE",
        "reportedCurrency": "USD",
        "cik": "0000320187",
        "fillingDate": "1992-11-30",
        "acceptedDate": "1992-11-30 00:00:00",
        "calendarYear": "1993",
        "period": "Q2",
        "revenue": 875800000,
        "costOfRevenue": 516400000,
        "grossProfit": 359400000,
        "grossProfitRatio": 0.4103676639,
        "researchAndDevelopmentExpenses": 0,
        "generalAndAdministrativeExpenses": 0,
        "sellingAndMarketingExpenses": 0,
        "sellingGeneralAndAdministrativeExpenses": 213500000,
        "otherExpenses": 13200000,
        "operatingExpenses": 226700000,
        "costAndExpenses": 743100000,
        "interestIncome": 0,
        "interestExpense": 0,
        "depreciationAndAmortization": 13200000,
        "ebitda": 145900000,
        "ebitdaratio": 0.1665905458,
        "operatingIncome": 132700000,
        "operatingIncomeRatio": 0.1515186116,
        "totalOtherIncomeExpensesNet": -8600000,
        "incomeBeforeTax": 124100000,
        "incomeBeforeTaxRatio": 0.141699018,
        "incomeTaxExpense": 48100000,
        "netIncome": 76000000,
        "netIncomeRatio": 0.0867778032,
        "eps": 0.0314,
        "epsdiluted": 0.0314,
        "weightedAverageShsOut": 2423104000,
        "weightedAverageShsOutDil": 2423104000,
        "link": null,
        "finalLink": null
    },
    {
        "date": "1992-08-31",
        "symbol": "NKE",
        "reportedCurrency": "USD",
        "cik": "0000320187",
        "fillingDate": "1992-08-31",
        "acceptedDate": "1992-08-31 00:00:00",
        "calendarYear": "1993",
        "period": "Q1",
        "revenue": 1099900000,
        "costOfRevenue": 654500000,
        "grossProfit": 445400000,
        "grossProfitRatio": 0.4049459042,
        "researchAndDevelopmentExpenses": 0,
        "generalAndAdministrativeExpenses": 0,
        "sellingAndMarketingExpenses": 0,
        "sellingGeneralAndAdministrativeExpenses": 228000000,
        "otherExpenses": 12200000,
        "operatingExpenses": 240200000,
        "costAndExpenses": 894700000,
        "interestIncome": 0,
        "interestExpense": 0,
        "depreciationAndAmortization": 12200000,
        "ebitda": 217400000,
        "ebitdaratio": 0.1976543322,
        "operatingIncome": 205200000,
        "operatingIncomeRatio": 0.1865624148,
        "totalOtherIncomeExpensesNet": -5000000,
        "incomeBeforeTax": 200200000,
        "incomeBeforeTaxRatio": 0.182016547,
        "incomeTaxExpense": 77600000,
        "netIncome": 122600000,
        "netIncomeRatio": 0.1114646786,
        "eps": 0.0507,
        "epsdiluted": 0.0507,
        "weightedAverageShsOut": 2419584000,
        "weightedAverageShsOutDil": 2419584000,
        "link": null,
        "finalLink": null
    },
    {
        "date": "1992-05-31",
        "symbol": "NKE",
        "reportedCurrency": "USD",
        "cik": "0000320187",
        "fillingDate": "1992-05-31",
        "acceptedDate": "1992-05-31 00:00:00",
        "calendarYear": "1992",
        "period": "Q4",
        "revenue": 847600000,
        "costOfRevenue": 506400000,
        "grossProfit": 341200000,
        "grossProfitRatio": 0.4025483719,
        "researchAndDevelopmentExpenses": 0,
        "generalAndAdministrativeExpenses": 0,
        "sellingAndMarketingExpenses": 0,
        "sellingGeneralAndAdministrativeExpenses": 214200000,
        "otherExpenses": 14100000,
        "operatingExpenses": 228300000,
        "costAndExpenses": 734700000,
        "interestIncome": 0,
        "interestExpense": 0,
        "depreciationAndAmortization": 14100000,
        "ebitda": 127000000,
        "ebitdaratio": 0.1498348277,
        "operatingIncome": 112900000,
        "operatingIncomeRatio": 0.1331996225,
        "totalOtherIncomeExpensesNet": -11400000,
        "incomeBeforeTax": 101500000,
        "incomeBeforeTaxRatio": 0.119749882,
        "incomeTaxExpense": 30800000,
        "netIncome": 70700000,
        "netIncomeRatio": 0.0834119868,
        "eps": 0.0293,
        "epsdiluted": 0.0293,
        "weightedAverageShsOut": 2415392000,
        "weightedAverageShsOutDil": 2415392000,
        "link": null,
        "finalLink": null
    },
    {
        "date": "1992-02-29",
        "symbol": "NKE",
        "reportedCurrency": "USD",
        "cik": "0000320187",
        "fillingDate": "1992-02-29",
        "acceptedDate": "1992-02-29 00:00:00",
        "calendarYear": "1992",
        "period": "Q3",
        "revenue": 867000000,
        "costOfRevenue": 520800000,
        "grossProfit": 346200000,
        "grossProfitRatio": 0.3993079585,
        "researchAndDevelopmentExpenses": 0,
        "generalAndAdministrativeExpenses": 0,
        "sellingAndMarketingExpenses": 0,
        "sellingGeneralAndAdministrativeExpenses": 193700000,
        "otherExpenses": 11800000,
        "operatingExpenses": 205500000,
        "costAndExpenses": 726300000,
        "interestIncome": 0,
        "interestExpense": 0,
        "depreciationAndAmortization": 11800000,
        "ebitda": 152500000,
        "ebitdaratio": 0.175893887,
        "operatingIncome": 140700000,
        "operatingIncomeRatio": 0.162283737,
        "totalOtherIncomeExpensesNet": -6500000,
        "incomeBeforeTax": 134200000,
        "incomeBeforeTaxRatio": 0.1547866205,
        "incomeTaxExpense": 51700000,
        "netIncome": 82500000,
        "netIncomeRatio": 0.0951557093,
        "eps": 0.0342,
        "epsdiluted": 0.0342,
        "weightedAverageShsOut": 2415392000,
        "weightedAverageShsOutDil": 2415392000,
        "link": null,
        "finalLink": null
    },
    {
        "date": "1991-11-30",
        "symbol": "NKE",
        "reportedCurrency": "USD",
        "cik": "0000320187",
        "fillingDate": "1991-11-30",
        "acceptedDate": "1991-11-30 00:00:00",
        "calendarYear": "1992",
        "period": "Q2",
        "revenue": 743400000,
        "costOfRevenue": 444100000,
        "grossProfit": 299300000,
        "grossProfitRatio": 0.4026096314,
        "researchAndDevelopmentExpenses": 0,
        "generalAndAdministrativeExpenses": 0,
        "sellingAndMarketingExpenses": 0,
        "sellingGeneralAndAdministrativeExpenses": 181400000,
        "otherExpenses": 11300000,
        "operatingExpenses": 192700000,
        "costAndExpenses": 636800000,
        "interestIncome": 0,
        "interestExpense": 0,
        "depreciationAndAmortization": 11300000,
        "ebitda": 117900000,
        "ebitdaratio": 0.1585956416,
        "operatingIncome": 106600000,
        "operatingIncomeRatio": 0.1433952112,
        "totalOtherIncomeExpensesNet": -6700000,
        "incomeBeforeTax": 99900000,
        "incomeBeforeTaxRatio": 0.1343825666,
        "incomeTaxExpense": 38400000,
        "netIncome": 61500000,
        "netIncomeRatio": 0.0827280065,
        "eps": 0.0255,
        "epsdiluted": 0.0255,
        "weightedAverageShsOut": 2413984000,
        "weightedAverageShsOutDil": 2413984000,
        "link": null,
        "finalLink": null
    },
    {
        "date": "1991-08-31",
        "symbol": "NKE",
        "reportedCurrency": "USD",
        "cik": "0000320187",
        "fillingDate": "1991-08-31",
        "acceptedDate": "1991-08-31 00:00:00",
        "calendarYear": "1992",
        "period": "Q1",
        "revenue": 947200000,
        "costOfRevenue": 570100000,
        "grossProfit": 377100000,
        "grossProfitRatio": 0.398120777,
        "researchAndDevelopmentExpenses": 0,
        "generalAndAdministrativeExpenses": 0,
        "sellingAndMarketingExpenses": 0,
        "sellingGeneralAndAdministrativeExpenses": 172300000,
        "otherExpenses": 10500000,
        "operatingExpenses": 182800000,
        "costAndExpenses": 752900000,
        "interestIncome": 0,
        "interestExpense": 0,
        "depreciationAndAmortization": 10500000,
        "ebitda": 204800000,
        "ebitdaratio": 0.2162162162,
        "operatingIncome": 194300000,
        "operatingIncomeRatio": 0.2051309122,
        "totalOtherIncomeExpensesNet": -8200000,
        "incomeBeforeTax": 186100000,
        "incomeBeforeTaxRatio": 0.1964738176,
        "incomeTaxExpense": 71700000,
        "netIncome": 114400000,
        "netIncomeRatio": 0.120777027,
        "eps": 0.0474,
        "epsdiluted": 0.0474,
        "weightedAverageShsOut": 2411392000,
        "weightedAverageShsOutDil": 2411392000,
        "link": null,
        "finalLink": null
    },
    {
        "date": "1991-05-31",
        "symbol": "NKE",
        "reportedCurrency": "USD",
        "cik": "0000320187",
        "fillingDate": "1991-05-31",
        "acceptedDate": "1991-05-31 00:00:00",
        "calendarYear": "1991",
        "period": "Q4",
        "revenue": 719000000,
        "costOfRevenue": 414700000,
        "grossProfit": 304300000,
        "grossProfitRatio": 0.4232267038,
        "researchAndDevelopmentExpenses": 0,
        "generalAndAdministrativeExpenses": 0,
        "sellingAndMarketingExpenses": 0,
        "sellingGeneralAndAdministrativeExpenses": 192900000,
        "otherExpenses": 11100000,
        "operatingExpenses": 204000000,
        "costAndExpenses": 618700000,
        "interestIncome": 0,
        "interestExpense": 0,
        "depreciationAndAmortization": 11100000,
        "ebitda": 111400000,
        "ebitdaratio": 0.1549374131,
        "operatingIncome": 100300000,
        "operatingIncomeRatio": 0.1394993046,
        "totalOtherIncomeExpensesNet": -13000000,
        "incomeBeforeTax": 87300000,
        "incomeBeforeTaxRatio": 0.121418637,
        "incomeTaxExpense": 28700000,
        "netIncome": 58600000,
        "netIncomeRatio": 0.0815020862,
        "eps": 0.0244,
        "epsdiluted": 0.0244,
        "weightedAverageShsOut": 2405056000,
        "weightedAverageShsOutDil": 2405056000,
        "link": null,
        "finalLink": null
    },
    {
        "date": "1991-02-28",
        "symbol": "NKE",
        "reportedCurrency": "USD",
        "cik": "0000320187",
        "fillingDate": "1991-02-28",
        "acceptedDate": "1991-02-28 00:00:00",
        "calendarYear": "1991",
        "period": "Q3",
        "revenue": 802200000,
        "costOfRevenue": 486400000,
        "grossProfit": 315800000,
        "grossProfitRatio": 0.3936674146,
        "researchAndDevelopmentExpenses": 0,
        "generalAndAdministrativeExpenses": 0,
        "sellingAndMarketingExpenses": 0,
        "sellingGeneralAndAdministrativeExpenses": 181800000,
        "otherExpenses": 9800000,
        "operatingExpenses": 191600000,
        "costAndExpenses": 678000000,
        "interestIncome": 0,
        "interestExpense": 0,
        "depreciationAndAmortization": 9800000,
        "ebitda": 134000000,
        "ebitdaratio": 0.1670406382,
        "operatingIncome": 124200000,
        "operatingIncomeRatio": 0.1548242334,
        "totalOtherIncomeExpensesNet": -8300000,
        "incomeBeforeTax": 115900000,
        "incomeBeforeTaxRatio": 0.1444776864,
        "incomeTaxExpense": 45200000,
        "netIncome": 70700000,
        "netIncomeRatio": 0.0881326353,
        "eps": 0.0294,
        "epsdiluted": 0.0294,
        "weightedAverageShsOut": 2405056000,
        "weightedAverageShsOutDil": 2405056000,
        "link": null,
        "finalLink": null
    },
    {
        "date": "1990-11-30",
        "symbol": "NKE",
        "reportedCurrency": "USD",
        "cik": "0000320187",
        "fillingDate": "1990-11-30",
        "acceptedDate": "1990-11-30 00:00:00",
        "calendarYear": "1991",
        "period": "Q2",
        "revenue": 648800000,
        "costOfRevenue": 397900000,
        "grossProfit": 250900000,
        "grossProfitRatio": 0.3867139334,
        "researchAndDevelopmentExpenses": 0,
        "generalAndAdministrativeExpenses": 0,
        "sellingAndMarketingExpenses": 0,
        "sellingGeneralAndAdministrativeExpenses": 143000000,
        "otherExpenses": 8900000,
        "operatingExpenses": 151900000,
        "costAndExpenses": 549800000,
        "interestIncome": 0,
        "interestExpense": 0,
        "depreciationAndAmortization": 8900000,
        "ebitda": 107900000,
        "ebitdaratio": 0.1663070284,
        "operatingIncome": 99000000,
        "operatingIncomeRatio": 0.1525893958,
        "totalOtherIncomeExpensesNet": -3800000,
        "incomeBeforeTax": 95200000,
        "incomeBeforeTaxRatio": 0.1467324291,
        "incomeTaxExpense": 37100000,
        "netIncome": 58100000,
        "netIncomeRatio": 0.0895499383,
        "eps": 0.0242,
        "epsdiluted": 0.0242,
        "weightedAverageShsOut": 2402272000,
        "weightedAverageShsOutDil": 2402272000,
        "link": null,
        "finalLink": null
    },
    {
        "date": "1990-08-31",
        "symbol": "NKE",
        "reportedCurrency": "USD",
        "cik": "0000320187",
        "fillingDate": "1990-08-31",
        "acceptedDate": "1990-08-31 00:00:00",
        "calendarYear": "1991",
        "period": "Q1",
        "revenue": 833600000,
        "costOfRevenue": 517200000,
        "grossProfit": 316400000,
        "grossProfitRatio": 0.3795585413,
        "researchAndDevelopmentExpenses": 0,
        "generalAndAdministrativeExpenses": 0,
        "sellingAndMarketingExpenses": 0,
        "sellingGeneralAndAdministrativeExpenses": 146400000,
        "otherExpenses": 4700000,
        "operatingExpenses": 151100000,
        "costAndExpenses": 668300000,
        "interestIncome": 0,
        "interestExpense": 0,
        "depreciationAndAmortization": 4700000,
        "ebitda": 170000000,
        "ebitdaratio": 0.2039347409,
        "operatingIncome": 165300000,
        "operatingIncomeRatio": 0.1982965451,
        "totalOtherIncomeExpensesNet": -1900000,
        "incomeBeforeTax": 163400000,
        "incomeBeforeTaxRatio": 0.1960172745,
        "incomeTaxExpense": 63700000,
        "netIncome": 99700000,
        "netIncomeRatio": 0.1196017274,
        "eps": 0.0415,
        "epsdiluted": 0.0415,
        "weightedAverageShsOut": 2402240000,
        "weightedAverageShsOutDil": 2402240000,
        "link": null,
        "finalLink": null
    },
    {
        "date": "1990-05-31",
        "symbol": "NKE",
        "reportedCurrency": "USD",
        "cik": "0000320187",
        "fillingDate": "1990-05-31",
        "acceptedDate": "1990-05-31 00:00:00",
        "calendarYear": "1990",
        "period": "Q4",
        "revenue": 609000000,
        "costOfRevenue": 365200000,
        "grossProfit": 243800000,
        "grossProfitRatio": 0.4003284072,
        "researchAndDevelopmentExpenses": 0,
        "generalAndAdministrativeExpenses": 0,
        "sellingAndMarketingExpenses": 0,
        "sellingGeneralAndAdministrativeExpenses": 134400000,
        "otherExpenses": 4900000,
        "operatingExpenses": 139300000,
        "costAndExpenses": 504500000,
        "interestIncome": 0,
        "interestExpense": 0,
        "depreciationAndAmortization": 4900000,
        "ebitda": 109400000,
        "ebitdaratio": 0.1796387521,
        "operatingIncome": 104500000,
        "operatingIncomeRatio": 0.171592775,
        "totalOtherIncomeExpensesNet": -400000,
        "incomeBeforeTax": 104100000,
        "incomeBeforeTaxRatio": 0.1709359606,
        "incomeTaxExpense": 36800000,
        "netIncome": 67300000,
        "netIncomeRatio": 0.1105090312,
        "eps": 0.0282,
        "epsdiluted": 0.0281,
        "weightedAverageShsOut": 2387136000,
        "weightedAverageShsOutDil": 2396224000,
        "link": null,
        "finalLink": null
    },
    {
        "date": "1990-02-28",
        "symbol": "NKE",
        "reportedCurrency": "USD",
        "cik": "0000320187",
        "fillingDate": "1990-02-28",
        "acceptedDate": "1990-02-28 00:00:00",
        "calendarYear": "1990",
        "period": "Q3",
        "revenue": 577900000,
        "costOfRevenue": 353700000,
        "grossProfit": 224200000,
        "grossProfitRatio": 0.3879563938,
        "researchAndDevelopmentExpenses": 0,
        "generalAndAdministrativeExpenses": 0,
        "sellingAndMarketingExpenses": 0,
        "sellingGeneralAndAdministrativeExpenses": 114700000,
        "otherExpenses": 4200000,
        "operatingExpenses": 118900000,
        "costAndExpenses": 472600000,
        "interestIncome": 0,
        "interestExpense": 0,
        "depreciationAndAmortization": 4200000,
        "ebitda": 109500000,
        "ebitdaratio": 0.1894791486,
        "operatingIncome": 105300000,
        "operatingIncomeRatio": 0.1822114553,
        "totalOtherIncomeExpensesNet": -1400000,
        "incomeBeforeTax": 103900000,
        "incomeBeforeTaxRatio": 0.1797888908,
        "incomeTaxExpense": 40800000,
        "netIncome": 63100000,
        "netIncomeRatio": 0.1091884409,
        "eps": 0.0263,
        "epsdiluted": 0.0263,
        "weightedAverageShsOut": 2396224000,
        "weightedAverageShsOutDil": 2396224000,
        "link": null,
        "finalLink": null
    },
    {
        "date": "1989-11-30",
        "symbol": "NKE",
        "reportedCurrency": "USD",
        "cik": "0000320187",
        "fillingDate": "1989-11-30",
        "acceptedDate": "1989-11-29 19:00:00",
        "calendarYear": "1990",
        "period": "Q2",
        "revenue": 445700000,
        "costOfRevenue": 277700000,
        "grossProfit": 168000000,
        "grossProfitRatio": 0.3769351582,
        "researchAndDevelopmentExpenses": 0,
        "generalAndAdministrativeExpenses": 0,
        "sellingAndMarketingExpenses": 0,
        "sellingGeneralAndAdministrativeExpenses": 104100000,
        "otherExpenses": 4000000,
        "operatingExpenses": 108100000,
        "costAndExpenses": 385800000,
        "interestIncome": 0,
        "interestExpense": 0,
        "depreciationAndAmortization": 4000000,
        "ebitda": 63900000,
        "ebitdaratio": 0.1433699798,
        "operatingIncome": 59900000,
        "operatingIncomeRatio": 0.1343953332,
        "totalOtherIncomeExpensesNet": 700000,
        "incomeBeforeTax": 60600000,
        "incomeBeforeTaxRatio": 0.1359658963,
        "incomeTaxExpense": 23800000,
        "netIncome": 36800000,
        "netIncomeRatio": 0.0825667489,
        "eps": 0.0155,
        "epsdiluted": 0.0155,
        "weightedAverageShsOut": 2372480000,
        "weightedAverageShsOutDil": 2372480000,
        "link": "",
        "finalLink": ""
    },
    {
        "date": "1989-08-31",
        "symbol": "NKE",
        "reportedCurrency": "USD",
        "cik": "0000320187",
        "fillingDate": "1989-08-31",
        "acceptedDate": "1989-08-31 00:00:00",
        "calendarYear": "1990",
        "period": "Q1",
        "revenue": 602600000,
        "costOfRevenue": 370400000,
        "grossProfit": 232200000,
        "grossProfitRatio": 0.3853302356,
        "researchAndDevelopmentExpenses": 0,
        "generalAndAdministrativeExpenses": 0,
        "sellingAndMarketingExpenses": 0,
        "sellingGeneralAndAdministrativeExpenses": 101300000,
        "otherExpenses": 4000000,
        "operatingExpenses": 105300000,
        "costAndExpenses": 475700000,
        "interestIncome": 0,
        "interestExpense": 0,
        "depreciationAndAmortization": 4000000,
        "ebitda": 130900000,
        "ebitdaratio": 0.2172253568,
        "operatingIncome": 126900000,
        "operatingIncomeRatio": 0.2105874544,
        "totalOtherIncomeExpensesNet": -2100000,
        "incomeBeforeTax": 124800000,
        "incomeBeforeTaxRatio": 0.2071025556,
        "incomeTaxExpense": 49000000,
        "netIncome": 75800000,
        "netIncomeRatio": 0.1257882509,
        "eps": 0.03,
        "epsdiluted": 0.030100000000000002,
        "weightedAverageShsOut": 2372480000,
        "weightedAverageShsOutDil": 2372480000,
        "link": null,
        "finalLink": null
    },
    {
        "date": "1989-05-31",
        "symbol": "NKE",
        "reportedCurrency": "USD",
        "cik": "0000320187",
        "fillingDate": "1989-05-31",
        "acceptedDate": "1989-05-30 20:00:00",
        "calendarYear": "1989",
        "period": "Q4",
        "revenue": 413400000,
        "costOfRevenue": 0,
        "grossProfit": 0,
        "grossProfitRatio": 0,
        "researchAndDevelopmentExpenses": 0,
        "generalAndAdministrativeExpenses": 0,
        "sellingAndMarketingExpenses": 0,
        "sellingGeneralAndAdministrativeExpenses": 0,
        "otherExpenses": 1429700000,
        "operatingExpenses": 1429700000,
        "costAndExpenses": 1429700000,
        "interestIncome": 0,
        "interestExpense": 0,
        "depreciationAndAmortization": 0,
        "ebitda": -1016300000,
        "ebitdaratio": -2.4583938075,
        "operatingIncome": -1016300000,
        "operatingIncomeRatio": -2.4583938075,
        "totalOtherIncomeExpensesNet": 1016300000,
        "incomeBeforeTax": 0,
        "incomeBeforeTaxRatio": 0,
        "incomeTaxExpense": 0,
        "netIncome": 36400000,
        "netIncomeRatio": 0.0880503145,
        "eps": 0.0153223417,
        "epsdiluted": 0.0153223417,
        "weightedAverageShsOut": 2375616000,
        "weightedAverageShsOutDil": 2375616000,
        "link": "",
        "finalLink": ""
    },
    {
        "date": "1989-02-28",
        "symbol": "NKE",
        "reportedCurrency": "USD",
        "cik": "0000320187",
        "fillingDate": "1989-02-28",
        "acceptedDate": "1989-02-27 19:00:00",
        "calendarYear": "1989",
        "period": "Q3",
        "revenue": 464700000,
        "costOfRevenue": 0,
        "grossProfit": 0,
        "grossProfitRatio": 0,
        "researchAndDevelopmentExpenses": 0,
        "generalAndAdministrativeExpenses": 0,
        "sellingAndMarketingExpenses": 0,
        "sellingGeneralAndAdministrativeExpenses": 0,
        "otherExpenses": 0,
        "operatingExpenses": 0,
        "costAndExpenses": 0,
        "interestIncome": 0,
        "interestExpense": 0,
        "depreciationAndAmortization": 0,
        "ebitda": 464700000,
        "ebitdaratio": 1,
        "operatingIncome": 464700000,
        "operatingIncomeRatio": 1,
        "totalOtherIncomeExpensesNet": -464700000,
        "incomeBeforeTax": 0,
        "incomeBeforeTaxRatio": 0,
        "incomeTaxExpense": 0,
        "netIncome": 48800000,
        "netIncomeRatio": 0.1050139875,
        "eps": 0.0013,
        "epsdiluted": 0.0013,
        "weightedAverageShsOut": 2375616000,
        "weightedAverageShsOutDil": 2375616000,
        "link": "",
        "finalLink": ""
    },
    {
        "date": "1988-11-30",
        "symbol": "NKE",
        "reportedCurrency": "USD",
        "cik": "0000320187",
        "fillingDate": "1988-11-30",
        "acceptedDate": "1988-11-29 19:00:00",
        "calendarYear": "1989",
        "period": "Q2",
        "revenue": 322000000,
        "costOfRevenue": 0,
        "grossProfit": 0,
        "grossProfitRatio": 0,
        "researchAndDevelopmentExpenses": 0,
        "generalAndAdministrativeExpenses": 0,
        "sellingAndMarketingExpenses": 0,
        "sellingGeneralAndAdministrativeExpenses": 0,
        "otherExpenses": 0,
        "operatingExpenses": 0,
        "costAndExpenses": 0,
        "interestIncome": 0,
        "interestExpense": 0,
        "depreciationAndAmortization": 0,
        "ebitda": 322000000,
        "ebitdaratio": 1,
        "operatingIncome": 322000000,
        "operatingIncomeRatio": 1,
        "totalOtherIncomeExpensesNet": -322000000,
        "incomeBeforeTax": 0,
        "incomeBeforeTaxRatio": 0,
        "incomeTaxExpense": 0,
        "netIncome": 24800000,
        "netIncomeRatio": 0.0770186335,
        "eps": 0.0007,
        "epsdiluted": 0.0007,
        "weightedAverageShsOut": 2375616000,
        "weightedAverageShsOutDil": 2375616000,
        "link": "",
        "finalLink": ""
    },
    {
        "date": "1988-08-31",
        "symbol": "NKE",
        "reportedCurrency": "USD",
        "cik": "0000320187",
        "fillingDate": "1988-08-31",
        "acceptedDate": "1988-08-30 20:00:00",
        "calendarYear": "1989",
        "period": "Q1",
        "revenue": 510700000,
        "costOfRevenue": 0,
        "grossProfit": 0,
        "grossProfitRatio": 0,
        "researchAndDevelopmentExpenses": 0,
        "generalAndAdministrativeExpenses": 0,
        "sellingAndMarketingExpenses": 0,
        "sellingGeneralAndAdministrativeExpenses": 0,
        "otherExpenses": 0,
        "operatingExpenses": 0,
        "costAndExpenses": 0,
        "interestIncome": 0,
        "interestExpense": 0,
        "depreciationAndAmortization": 0,
        "ebitda": 510700000,
        "ebitdaratio": 1,
        "operatingIncome": 510700000,
        "operatingIncomeRatio": 1,
        "totalOtherIncomeExpensesNet": -510700000,
        "incomeBeforeTax": 0,
        "incomeBeforeTaxRatio": 0,
        "incomeTaxExpense": 0,
        "netIncome": 57000000,
        "netIncomeRatio": 0.1116115136,
        "eps": 0.0015,
        "epsdiluted": 0.0015,
        "weightedAverageShsOut": 2256384000,
        "weightedAverageShsOutDil": 2256384000,
        "link": "",
        "finalLink": ""
    },
    {
        "date": "1988-05-31",
        "symbol": "NKE",
        "reportedCurrency": "USD",
        "cik": "0000320187",
        "fillingDate": "1988-05-31",
        "acceptedDate": "1988-05-30 20:00:00",
        "calendarYear": "1988",
        "period": "Q4",
        "revenue": 354400000,
        "costOfRevenue": 0,
        "grossProfit": 0,
        "grossProfitRatio": 0,
        "researchAndDevelopmentExpenses": 0,
        "generalAndAdministrativeExpenses": 0,
        "sellingAndMarketingExpenses": 0,
        "sellingGeneralAndAdministrativeExpenses": 0,
        "otherExpenses": 1050000000,
        "operatingExpenses": 1050000000,
        "costAndExpenses": 1050000000,
        "interestIncome": 0,
        "interestExpense": 0,
        "depreciationAndAmortization": 0,
        "ebitda": -695600000,
        "ebitdaratio": -1.9627539503,
        "operatingIncome": -695600000,
        "operatingIncomeRatio": -1.9627539503,
        "totalOtherIncomeExpensesNet": 695600000,
        "incomeBeforeTax": 0,
        "incomeBeforeTaxRatio": 0,
        "incomeTaxExpense": 0,
        "netIncome": 30400000,
        "netIncomeRatio": 0.085778781,
        "eps": 0.013472884,
        "epsdiluted": 0.013472884,
        "weightedAverageShsOut": 2256384000,
        "weightedAverageShsOutDil": 2256384000,
        "link": "",
        "finalLink": ""
    },
    {
        "date": "1988-02-29",
        "symbol": "NKE",
        "reportedCurrency": "USD",
        "cik": "0000320187",
        "fillingDate": "1988-02-29",
        "acceptedDate": "1988-02-28 19:00:00",
        "calendarYear": "1988",
        "period": "Q3",
        "revenue": 331800000,
        "costOfRevenue": 0,
        "grossProfit": 0,
        "grossProfitRatio": 0,
        "researchAndDevelopmentExpenses": 0,
        "generalAndAdministrativeExpenses": 0,
        "sellingAndMarketingExpenses": 0,
        "sellingGeneralAndAdministrativeExpenses": 0,
        "otherExpenses": 0,
        "operatingExpenses": 0,
        "costAndExpenses": 0,
        "interestIncome": 0,
        "interestExpense": 0,
        "depreciationAndAmortization": 0,
        "ebitda": 331800000,
        "ebitdaratio": 1,
        "operatingIncome": 331800000,
        "operatingIncomeRatio": 1,
        "totalOtherIncomeExpensesNet": -331800000,
        "incomeBeforeTax": 0,
        "incomeBeforeTaxRatio": 0,
        "incomeTaxExpense": 0,
        "netIncome": 27600000,
        "netIncomeRatio": 0.0831826401,
        "eps": 0.0008,
        "epsdiluted": 0.0008,
        "weightedAverageShsOut": 2256384000,
        "weightedAverageShsOutDil": 2256384000,
        "link": "",
        "finalLink": ""
    },
    {
        "date": "1987-11-30",
        "symbol": "NKE",
        "reportedCurrency": "USD",
        "cik": "0000320187",
        "fillingDate": "1987-11-30",
        "acceptedDate": "1987-11-29 19:00:00",
        "calendarYear": "1988",
        "period": "Q2",
        "revenue": 234400000,
        "costOfRevenue": 0,
        "grossProfit": 0,
        "grossProfitRatio": 0,
        "researchAndDevelopmentExpenses": 0,
        "generalAndAdministrativeExpenses": 0,
        "sellingAndMarketingExpenses": 0,
        "sellingGeneralAndAdministrativeExpenses": 0,
        "otherExpenses": 0,
        "operatingExpenses": 0,
        "costAndExpenses": 0,
        "interestIncome": 0,
        "interestExpense": 0,
        "depreciationAndAmortization": 0,
        "ebitda": 234400000,
        "ebitdaratio": 1,
        "operatingIncome": 234400000,
        "operatingIncomeRatio": 1,
        "totalOtherIncomeExpensesNet": -234400000,
        "incomeBeforeTax": 0,
        "incomeBeforeTaxRatio": 0,
        "incomeTaxExpense": 0,
        "netIncome": 18500000,
        "netIncomeRatio": 0.0789249147,
        "eps": 0.0005,
        "epsdiluted": 0.0005,
        "weightedAverageShsOut": 2430464000,
        "weightedAverageShsOutDil": 2430464000,
        "link": "",
        "finalLink": ""
    },
    {
        "date": "1987-08-31",
        "symbol": "NKE",
        "reportedCurrency": "USD",
        "cik": "0000320187",
        "fillingDate": "1987-08-31",
        "acceptedDate": "1987-08-30 20:00:00",
        "calendarYear": "1988",
        "period": "Q1",
        "revenue": 282800000,
        "costOfRevenue": 0,
        "grossProfit": 0,
        "grossProfitRatio": 0,
        "researchAndDevelopmentExpenses": 0,
        "generalAndAdministrativeExpenses": 0,
        "sellingAndMarketingExpenses": 0,
        "sellingGeneralAndAdministrativeExpenses": 0,
        "otherExpenses": 0,
        "operatingExpenses": 0,
        "costAndExpenses": 0,
        "interestIncome": 0,
        "interestExpense": 0,
        "depreciationAndAmortization": 0,
        "ebitda": 282800000,
        "ebitdaratio": 1,
        "operatingIncome": 282800000,
        "operatingIncomeRatio": 1,
        "totalOtherIncomeExpensesNet": -282800000,
        "incomeBeforeTax": 0,
        "incomeBeforeTaxRatio": 0,
        "incomeTaxExpense": 0,
        "netIncome": 25100000,
        "netIncomeRatio": 0.0887553041,
        "eps": 0.0007,
        "epsdiluted": 0.0007,
        "weightedAverageShsOut": 2424192000,
        "weightedAverageShsOutDil": 2424192000,
        "link": "",
        "finalLink": ""
    },
    {
        "date": "1987-05-31",
        "symbol": "NKE",
        "reportedCurrency": "USD",
        "cik": "0000320187",
        "fillingDate": "1987-05-31",
        "acceptedDate": "1987-05-30 20:00:00",
        "calendarYear": "1987",
        "period": "Q4",
        "revenue": 237700000,
        "costOfRevenue": 0,
        "grossProfit": 0,
        "grossProfitRatio": 0,
        "researchAndDevelopmentExpenses": 0,
        "generalAndAdministrativeExpenses": 0,
        "sellingAndMarketingExpenses": 0,
        "sellingGeneralAndAdministrativeExpenses": 0,
        "otherExpenses": 801400000,
        "operatingExpenses": 801400000,
        "costAndExpenses": 801400000,
        "interestIncome": 0,
        "interestExpense": 0,
        "depreciationAndAmortization": 0,
        "ebitda": -563700000,
        "ebitdaratio": -2.3714766512,
        "operatingIncome": -563700000,
        "operatingIncomeRatio": -2.3714766512,
        "totalOtherIncomeExpensesNet": 563700000,
        "incomeBeforeTax": 0,
        "incomeBeforeTaxRatio": 0,
        "incomeTaxExpense": 0,
        "netIncome": 11500000,
        "netIncomeRatio": 0.0483803113,
        "eps": 0.004745352,
        "epsdiluted": 0.004745352,
        "weightedAverageShsOut": 2423424000,
        "weightedAverageShsOutDil": 2423424000,
        "link": "",
        "finalLink": ""
    },
    {
        "date": "1987-02-28",
        "symbol": "NKE",
        "reportedCurrency": "USD",
        "cik": "0000320187",
        "fillingDate": "1987-02-28",
        "acceptedDate": "1987-02-27 19:00:00",
        "calendarYear": "1987",
        "period": "Q3",
        "revenue": 199400000,
        "costOfRevenue": 0,
        "grossProfit": 0,
        "grossProfitRatio": 0,
        "researchAndDevelopmentExpenses": 0,
        "generalAndAdministrativeExpenses": 0,
        "sellingAndMarketingExpenses": 0,
        "sellingGeneralAndAdministrativeExpenses": 0,
        "otherExpenses": 0,
        "operatingExpenses": 0,
        "costAndExpenses": 0,
        "interestIncome": 0,
        "interestExpense": 0,
        "depreciationAndAmortization": 0,
        "ebitda": 199400000,
        "ebitdaratio": 1,
        "operatingIncome": 199400000,
        "operatingIncomeRatio": 1,
        "totalOtherIncomeExpensesNet": -199400000,
        "incomeBeforeTax": 0,
        "incomeBeforeTaxRatio": 0,
        "incomeTaxExpense": 0,
        "netIncome": 4300000,
        "netIncomeRatio": 0.0215646941,
        "eps": 0.0002,
        "epsdiluted": 0.0002,
        "weightedAverageShsOut": 2423424000,
        "weightedAverageShsOutDil": 2423424000,
        "link": "",
        "finalLink": ""
    },
    {
        "date": "1986-11-30",
        "symbol": "NKE",
        "reportedCurrency": "USD",
        "cik": "0000320187",
        "fillingDate": "1986-11-30",
        "acceptedDate": "1986-11-29 19:00:00",
        "calendarYear": "1987",
        "period": "Q2",
        "revenue": 183100000,
        "costOfRevenue": 0,
        "grossProfit": 0,
        "grossProfitRatio": 0,
        "researchAndDevelopmentExpenses": 0,
        "generalAndAdministrativeExpenses": 0,
        "sellingAndMarketingExpenses": 0,
        "sellingGeneralAndAdministrativeExpenses": 0,
        "otherExpenses": 0,
        "operatingExpenses": 0,
        "costAndExpenses": 0,
        "interestIncome": 0,
        "interestExpense": 0,
        "depreciationAndAmortization": 0,
        "ebitda": 183100000,
        "ebitdaratio": 1,
        "operatingIncome": 183100000,
        "operatingIncomeRatio": 1,
        "totalOtherIncomeExpensesNet": -183100000,
        "incomeBeforeTax": 0,
        "incomeBeforeTaxRatio": 0,
        "incomeTaxExpense": 0,
        "netIncome": 5200000,
        "netIncomeRatio": 0.0283997815,
        "eps": 0.0002,
        "epsdiluted": 0.0002,
        "weightedAverageShsOut": 2423104000,
        "weightedAverageShsOutDil": 2423104000,
        "link": "",
        "finalLink": ""
    },
    {
        "date": "1986-08-31",
        "symbol": "NKE",
        "reportedCurrency": "USD",
        "cik": "0000320187",
        "fillingDate": "1986-08-31",
        "acceptedDate": "1986-08-30 20:00:00",
        "calendarYear": "1987",
        "period": "Q1",
        "revenue": 257200000,
        "costOfRevenue": 0,
        "grossProfit": 0,
        "grossProfitRatio": 0,
        "researchAndDevelopmentExpenses": 0,
        "generalAndAdministrativeExpenses": 0,
        "sellingAndMarketingExpenses": 0,
        "sellingGeneralAndAdministrativeExpenses": 0,
        "otherExpenses": 0,
        "operatingExpenses": 0,
        "costAndExpenses": 0,
        "interestIncome": 0,
        "interestExpense": 0,
        "depreciationAndAmortization": 0,
        "ebitda": 257200000,
        "ebitdaratio": 1,
        "operatingIncome": 257200000,
        "operatingIncomeRatio": 1,
        "totalOtherIncomeExpensesNet": -257200000,
        "incomeBeforeTax": 0,
        "incomeBeforeTaxRatio": 0,
        "incomeTaxExpense": 0,
        "netIncome": 14900000,
        "netIncomeRatio": 0.0579315708,
        "eps": 0.0004,
        "epsdiluted": 0.0004,
        "weightedAverageShsOut": 2417408000,
        "weightedAverageShsOutDil": 2417408000,
        "link": "",
        "finalLink": ""
    },
    {
        "date": "1986-05-31",
        "symbol": "NKE",
        "reportedCurrency": "USD",
        "cik": "0000320187",
        "fillingDate": "1986-05-31",
        "acceptedDate": "1986-05-30 20:00:00",
        "calendarYear": "1986",
        "period": "Q4",
        "revenue": 244900000,
        "costOfRevenue": 0,
        "grossProfit": 0,
        "grossProfitRatio": 0,
        "researchAndDevelopmentExpenses": 0,
        "generalAndAdministrativeExpenses": 0,
        "sellingAndMarketingExpenses": 0,
        "sellingGeneralAndAdministrativeExpenses": 0,
        "otherExpenses": 932100000,
        "operatingExpenses": 932100000,
        "costAndExpenses": 932100000,
        "interestIncome": 0,
        "interestExpense": 0,
        "depreciationAndAmortization": 0,
        "ebitda": -687200000,
        "ebitdaratio": -2.806043283,
        "operatingIncome": -687200000,
        "operatingIncomeRatio": -2.806043283,
        "totalOtherIncomeExpensesNet": 687200000,
        "incomeBeforeTax": 0,
        "incomeBeforeTaxRatio": 0,
        "incomeTaxExpense": 0,
        "netIncome": 13700000,
        "netIncomeRatio": 0.0559412005,
        "eps": 0.0056993663,
        "epsdiluted": 0.0056993663,
        "weightedAverageShsOut": 2403776000,
        "weightedAverageShsOutDil": 2403776000,
        "link": "",
        "finalLink": ""
    },
    {
        "date": "1986-02-28",
        "symbol": "NKE",
        "reportedCurrency": "USD",
        "cik": "0000320187",
        "fillingDate": "1986-02-28",
        "acceptedDate": "1986-02-27 19:00:00",
        "calendarYear": "1986",
        "period": "Q3",
        "revenue": 258700000,
        "costOfRevenue": 0,
        "grossProfit": 0,
        "grossProfitRatio": 0,
        "researchAndDevelopmentExpenses": 0,
        "generalAndAdministrativeExpenses": 0,
        "sellingAndMarketingExpenses": 0,
        "sellingGeneralAndAdministrativeExpenses": 0,
        "otherExpenses": 0,
        "operatingExpenses": 0,
        "costAndExpenses": 0,
        "interestIncome": 0,
        "interestExpense": 0,
        "depreciationAndAmortization": 0,
        "ebitda": 258700000,
        "ebitdaratio": 1,
        "operatingIncome": 258700000,
        "operatingIncomeRatio": 1,
        "totalOtherIncomeExpensesNet": -258700000,
        "incomeBeforeTax": 0,
        "incomeBeforeTaxRatio": 0,
        "incomeTaxExpense": 0,
        "netIncome": 11500000,
        "netIncomeRatio": 0.0444530344,
        "eps": 0.0003,
        "epsdiluted": 0.0003,
        "weightedAverageShsOut": 2403776000,
        "weightedAverageShsOutDil": 2403776000,
        "link": "",
        "finalLink": ""
    },
    {
        "date": "1985-11-30",
        "symbol": "NKE",
        "reportedCurrency": "USD",
        "cik": "0000320187",
        "fillingDate": "1985-11-30",
        "acceptedDate": "1985-11-29 19:00:00",
        "calendarYear": "1986",
        "period": "Q2",
        "revenue": 237900000,
        "costOfRevenue": 0,
        "grossProfit": 0,
        "grossProfitRatio": 0,
        "researchAndDevelopmentExpenses": 0,
        "generalAndAdministrativeExpenses": 0,
        "sellingAndMarketingExpenses": 0,
        "sellingGeneralAndAdministrativeExpenses": 0,
        "otherExpenses": 0,
        "operatingExpenses": 0,
        "costAndExpenses": 0,
        "interestIncome": 0,
        "interestExpense": 0,
        "depreciationAndAmortization": 0,
        "ebitda": 237900000,
        "ebitdaratio": 1,
        "operatingIncome": 237900000,
        "operatingIncomeRatio": 1,
        "totalOtherIncomeExpensesNet": -237900000,
        "incomeBeforeTax": 0,
        "incomeBeforeTaxRatio": 0,
        "incomeTaxExpense": 0,
        "netIncome": 9800000,
        "netIncomeRatio": 0.0411937789,
        "eps": 0.0003,
        "epsdiluted": 0.0003,
        "weightedAverageShsOut": 2393024000,
        "weightedAverageShsOutDil": 2393024000,
        "link": "",
        "finalLink": ""
    },
    {
        "date": "1985-08-31",
        "symbol": "NKE",
        "reportedCurrency": "USD",
        "cik": "0000320187",
        "fillingDate": "1985-08-31",
        "acceptedDate": "1985-08-30 20:00:00",
        "calendarYear": "1986",
        "period": "Q1",
        "revenue": 327700000,
        "costOfRevenue": 0,
        "grossProfit": 0,
        "grossProfitRatio": 0,
        "researchAndDevelopmentExpenses": 0,
        "generalAndAdministrativeExpenses": 0,
        "sellingAndMarketingExpenses": 0,
        "sellingGeneralAndAdministrativeExpenses": 0,
        "otherExpenses": 0,
        "operatingExpenses": 0,
        "costAndExpenses": 0,
        "interestIncome": 0,
        "interestExpense": 0,
        "depreciationAndAmortization": 0,
        "ebitda": 327700000,
        "ebitdaratio": 1,
        "operatingIncome": 327700000,
        "operatingIncomeRatio": 1,
        "totalOtherIncomeExpensesNet": -327700000,
        "incomeBeforeTax": 0,
        "incomeBeforeTaxRatio": 0,
        "incomeTaxExpense": 0,
        "netIncome": 24200000,
        "netIncomeRatio": 0.0738480317,
        "eps": 0.0006,
        "epsdiluted": 0.0006,
        "weightedAverageShsOut": 2393024000,
        "weightedAverageShsOutDil": 2393024000,
        "link": "",
        "finalLink": ""
    }
]