[
    {
        "date": "2022-09-30",
        "symbol": "NLSN",
        "reportedCurrency": "USD",
        "cik": "0001492633",
        "fillingDate": "2022-10-27",
        "acceptedDate": "2022-10-27 16:06:29",
        "calendarYear": "2022",
        "period": "Q3",
        "revenue": 888000000,
        "costOfRevenue": 324000000,
        "grossProfit": 564000000,
        "grossProfitRatio": 0.6351351351,
        "researchAndDevelopmentExpenses": 0,
        "generalAndAdministrativeExpenses": 0,
        "sellingAndMarketingExpenses": 0,
        "sellingGeneralAndAdministrativeExpenses": 213000000,
        "otherExpenses": 0,
        "operatingExpenses": 213000000,
        "costAndExpenses": 537000000,
        "interestIncome": 0,
        "interestExpense": 70000000,
        "depreciationAndAmortization": 129000000,
        "ebitda": 340000000,
        "ebitdaratio": 0.3828828829,
        "operatingIncome": 211000000,
        "operatingIncomeRatio": 0.2376126126,
        "totalOtherIncomeExpensesNet": -77000000,
        "incomeBeforeTax": 141000000,
        "incomeBeforeTaxRatio": 0.1587837838,
        "incomeTaxExpense": 32000000,
        "netIncome": 109000000,
        "netIncomeRatio": 0.1227477477,
        "eps": 0.3,
        "epsdiluted": 0.3,
        "weightedAverageShsOut": 361767966,
        "weightedAverageShsOutDil": 361767966,
        "link": "https://www.sec.gov/Archives/edgar/data/1492633/000156459022035446/0001564590-22-035446-index.htm",
        "finalLink": "https://www.sec.gov/Archives/edgar/data/1492633/000156459022035446/nlsnnv-10q_20220930.htm"
    },
    {
        "date": "2022-06-30",
        "symbol": "NLSN",
        "reportedCurrency": "USD",
        "cik": "0001492633",
        "fillingDate": "2022-07-27",
        "acceptedDate": "2022-07-27 16:06:11",
        "calendarYear": "2022",
        "period": "Q2",
        "revenue": 882000000,
        "costOfRevenue": 327000000,
        "grossProfit": 555000000,
        "grossProfitRatio": 0.6292517007,
        "researchAndDevelopmentExpenses": 0,
        "generalAndAdministrativeExpenses": 0,
        "sellingAndMarketingExpenses": 0,
        "sellingGeneralAndAdministrativeExpenses": 213000000,
        "otherExpenses": 127000000,
        "operatingExpenses": 340000000,
        "costAndExpenses": 667000000,
        "interestIncome": 0,
        "interestExpense": 67000000,
        "depreciationAndAmortization": 127000000,
        "ebitda": 338000000,
        "ebitdaratio": 0.3832199546,
        "operatingIncome": 211000000,
        "operatingIncomeRatio": 0.2392290249,
        "totalOtherIncomeExpensesNet": -66000000,
        "incomeBeforeTax": 145000000,
        "incomeBeforeTaxRatio": 0.164399093,
        "incomeTaxExpense": 33000000,
        "netIncome": 112000000,
        "netIncomeRatio": 0.126984127,
        "eps": 0.31,
        "epsdiluted": 0.31,
        "weightedAverageShsOut": 361575601,
        "weightedAverageShsOutDil": 361575601,
        "link": "https://www.sec.gov/Archives/edgar/data/1492633/000156459022026683/0001564590-22-026683-index.htm",
        "finalLink": "https://www.sec.gov/Archives/edgar/data/1492633/000156459022026683/nlsnnv-10q_20220630.htm"
    },
    {
        "date": "2022-03-31",
        "symbol": "NLSN",
        "reportedCurrency": "USD",
        "cik": "0001492633",
        "fillingDate": "2022-04-28",
        "acceptedDate": "2022-04-28 16:03:49",
        "calendarYear": "2022",
        "period": "Q1",
        "revenue": 877000000,
        "costOfRevenue": 314000000,
        "grossProfit": 563000000,
        "grossProfitRatio": 0.6419612315,
        "researchAndDevelopmentExpenses": 0,
        "generalAndAdministrativeExpenses": 0,
        "sellingAndMarketingExpenses": 0,
        "sellingGeneralAndAdministrativeExpenses": 224000000,
        "otherExpenses": 130000000,
        "operatingExpenses": 354000000,
        "costAndExpenses": 668000000,
        "interestIncome": 0,
        "interestExpense": 66000000,
        "depreciationAndAmortization": 130000000,
        "ebitda": 334000000,
        "ebitdaratio": 0.3808437856,
        "operatingIncome": 204000000,
        "operatingIncomeRatio": 0.2326111745,
        "totalOtherIncomeExpensesNet": -64000000,
        "incomeBeforeTax": 140000000,
        "incomeBeforeTaxRatio": 0.1596351197,
        "incomeTaxExpense": 33000000,
        "netIncome": 107000000,
        "netIncomeRatio": 0.1220068415,
        "eps": 0.3,
        "epsdiluted": 0.3,
        "weightedAverageShsOut": 360634093,
        "weightedAverageShsOutDil": 360634093,
        "link": "https://www.sec.gov/Archives/edgar/data/1492633/000156459022016434/0001564590-22-016434-index.htm",
        "finalLink": "https://www.sec.gov/Archives/edgar/data/1492633/000156459022016434/nlsnnv-10q_20220331.htm"
    },
    {
        "date": "2021-12-31",
        "symbol": "NLSN",
        "reportedCurrency": "USD",
        "cik": "0001492633",
        "fillingDate": "2022-02-28",
        "acceptedDate": "2022-02-28 16:07:49",
        "calendarYear": "2021",
        "period": "Q4",
        "revenue": 894000000,
        "costOfRevenue": 336000000,
        "grossProfit": 558000000,
        "grossProfitRatio": 0.6241610738,
        "researchAndDevelopmentExpenses": 0,
        "generalAndAdministrativeExpenses": 0,
        "sellingAndMarketingExpenses": 0,
        "sellingGeneralAndAdministrativeExpenses": 249000000,
        "otherExpenses": 130000000,
        "operatingExpenses": 379000000,
        "costAndExpenses": 715000000,
        "interestIncome": 0,
        "interestExpense": 68000000,
        "depreciationAndAmortization": 130000000,
        "ebitda": 281000000,
        "ebitdaratio": 0.3143176734,
        "operatingIncome": 151000000,
        "operatingIncomeRatio": 0.1689038031,
        "totalOtherIncomeExpensesNet": -38000000,
        "incomeBeforeTax": 113000000,
        "incomeBeforeTaxRatio": 0.1263982103,
        "incomeTaxExpense": -131000000,
        "netIncome": 244000000,
        "netIncomeRatio": 0.2729306488,
        "eps": 0.68,
        "epsdiluted": 0.68,
        "weightedAverageShsOut": 359119857,
        "weightedAverageShsOutDil": 360634093,
        "link": "https://www.sec.gov/Archives/edgar/data/1492633/000156459022007612/0001564590-22-007612-index.htm",
        "finalLink": "https://www.sec.gov/Archives/edgar/data/1492633/000156459022007612/nlsnnv-10k_20211231.htm"
    },
    {
        "date": "2021-09-30",
        "symbol": "NLSN",
        "reportedCurrency": "USD",
        "cik": "0001492633",
        "fillingDate": "2021-10-28",
        "acceptedDate": "2021-10-28 16:06:11",
        "calendarYear": "2021",
        "period": "Q3",
        "revenue": 882000000,
        "costOfRevenue": 307000000,
        "grossProfit": 575000000,
        "grossProfitRatio": 0.6519274376,
        "researchAndDevelopmentExpenses": 0,
        "generalAndAdministrativeExpenses": 0,
        "sellingAndMarketingExpenses": 0,
        "sellingGeneralAndAdministrativeExpenses": 218000000,
        "otherExpenses": 129000000,
        "operatingExpenses": 347000000,
        "costAndExpenses": 654000000,
        "interestIncome": 0,
        "interestExpense": 68000000,
        "depreciationAndAmortization": 129000000,
        "ebitda": 330000000,
        "ebitdaratio": 0.3741496599,
        "operatingIncome": 222000000,
        "operatingIncomeRatio": 0.2517006803,
        "totalOtherIncomeExpensesNet": -70000000,
        "incomeBeforeTax": 152000000,
        "incomeBeforeTaxRatio": 0.1723356009,
        "incomeTaxExpense": 33000000,
        "netIncome": 100000000,
        "netIncomeRatio": 0.1133786848,
        "eps": 0.28,
        "epsdiluted": 0.28,
        "weightedAverageShsOut": 358879518,
        "weightedAverageShsOutDil": 360528113,
        "link": "https://www.sec.gov/Archives/edgar/data/1492633/000156459021052641/0001564590-21-052641-index.htm",
        "finalLink": "https://www.sec.gov/Archives/edgar/data/1492633/000156459021052641/nlsnnv-10q_20210930.htm"
    },
    {
        "date": "2021-06-30",
        "symbol": "NLSN",
        "reportedCurrency": "USD",
        "cik": "0001492633",
        "fillingDate": "2021-07-29",
        "acceptedDate": "2021-07-29 16:06:59",
        "calendarYear": "2021",
        "period": "Q2",
        "revenue": 861000000,
        "costOfRevenue": 292000000,
        "grossProfit": 569000000,
        "grossProfitRatio": 0.6608594657,
        "researchAndDevelopmentExpenses": 0,
        "generalAndAdministrativeExpenses": 0,
        "sellingAndMarketingExpenses": 0,
        "sellingGeneralAndAdministrativeExpenses": 218000000,
        "otherExpenses": 126000000,
        "operatingExpenses": 344000000,
        "costAndExpenses": 636000000,
        "interestIncome": 0,
        "interestExpense": 69000000,
        "depreciationAndAmortization": 126000000,
        "ebitda": 307000000,
        "ebitdaratio": 0.356562137,
        "operatingIncome": 219000000,
        "operatingIncomeRatio": 0.2543554007,
        "totalOtherIncomeExpensesNet": -95000000,
        "incomeBeforeTax": 124000000,
        "incomeBeforeTaxRatio": 0.144018583,
        "incomeTaxExpense": 36000000,
        "netIncome": 76000000,
        "netIncomeRatio": 0.0882694541,
        "eps": 0.21,
        "epsdiluted": 0.21,
        "weightedAverageShsOut": 358620131,
        "weightedAverageShsOutDil": 360417035,
        "link": "https://www.sec.gov/Archives/edgar/data/1492633/000156459021039119/0001564590-21-039119-index.htm",
        "finalLink": "https://www.sec.gov/Archives/edgar/data/1492633/000156459021039119/nlsnnv-10q_20210630.htm"
    },
    {
        "date": "2021-03-31",
        "symbol": "NLSN",
        "reportedCurrency": "USD",
        "cik": "0001492633",
        "fillingDate": "2021-05-06",
        "acceptedDate": "2021-05-06 16:09:17",
        "calendarYear": "2021",
        "period": "Q1",
        "revenue": 863000000,
        "costOfRevenue": 277000000,
        "grossProfit": 586000000,
        "grossProfitRatio": 0.6790266512,
        "researchAndDevelopmentExpenses": 0,
        "generalAndAdministrativeExpenses": 0,
        "sellingAndMarketingExpenses": 0,
        "sellingGeneralAndAdministrativeExpenses": 206000000,
        "otherExpenses": 127000000,
        "operatingExpenses": 333000000,
        "costAndExpenses": 610000000,
        "interestIncome": 0,
        "interestExpense": 80000000,
        "depreciationAndAmortization": 163000000,
        "ebitda": 876000000,
        "ebitdaratio": 1.0150637312,
        "operatingIncome": 253000000,
        "operatingIncomeRatio": 0.2931633835,
        "totalOtherIncomeExpensesNet": -84000000,
        "incomeBeforeTax": 169000000,
        "incomeBeforeTaxRatio": 0.1958285052,
        "incomeTaxExpense": 60000000,
        "netIncome": 573000000,
        "netIncomeRatio": 0.66396292,
        "eps": 1.6,
        "epsdiluted": 1.59,
        "weightedAverageShsOut": 357944731,
        "weightedAverageShsOutDil": 360189322,
        "link": "https://www.sec.gov/Archives/edgar/data/1492633/000156459021024955/0001564590-21-024955-index.htm",
        "finalLink": "https://www.sec.gov/Archives/edgar/data/1492633/000156459021024955/nlsnnv-10q_20210331.htm"
    },
    {
        "date": "2020-12-31",
        "symbol": "NLSN",
        "reportedCurrency": "USD",
        "cik": "0001492633",
        "fillingDate": "2021-02-25",
        "acceptedDate": "2021-02-25 16:06:50",
        "calendarYear": "2020",
        "period": "Q4",
        "revenue": 1672000000,
        "costOfRevenue": 712000000,
        "grossProfit": 960000000,
        "grossProfitRatio": 0.5741626794,
        "researchAndDevelopmentExpenses": 0,
        "generalAndAdministrativeExpenses": 515000000,
        "sellingAndMarketingExpenses": -60000000,
        "sellingGeneralAndAdministrativeExpenses": 455000000,
        "otherExpenses": 209000000,
        "operatingExpenses": 664000000,
        "costAndExpenses": 1376000000,
        "interestIncome": 1000000,
        "interestExpense": 94000000,
        "depreciationAndAmortization": 209000000,
        "ebitda": 363000000,
        "ebitdaratio": 0.2171052632,
        "operatingIncome": 166000000,
        "operatingIncomeRatio": 0.0992822967,
        "totalOtherIncomeExpensesNet": -105000000,
        "incomeBeforeTax": 61000000,
        "incomeBeforeTaxRatio": 0.0364832536,
        "incomeTaxExpense": 25000000,
        "netIncome": 35000000,
        "netIncomeRatio": 0.0209330144,
        "eps": 0.0979,
        "epsdiluted": 0.0973,
        "weightedAverageShsOut": 357449688,
        "weightedAverageShsOutDil": 359579863,
        "link": "https://www.sec.gov/Archives/edgar/data/1492633/000156459021008814/0001564590-21-008814-index.htm",
        "finalLink": "https://www.sec.gov/Archives/edgar/data/1492633/000156459021008814/nlsnnv-10k_20201231.htm"
    },
    {
        "date": "2020-09-30",
        "symbol": "NLSN",
        "reportedCurrency": "USD",
        "cik": "0001492633",
        "fillingDate": "2020-11-02",
        "acceptedDate": "2020-11-02 16:06:27",
        "calendarYear": "2020",
        "period": "Q3",
        "revenue": 1563000000,
        "costOfRevenue": 663000000,
        "grossProfit": 900000000,
        "grossProfitRatio": 0.575815739,
        "researchAndDevelopmentExpenses": 0,
        "generalAndAdministrativeExpenses": 0,
        "sellingAndMarketingExpenses": 0,
        "sellingGeneralAndAdministrativeExpenses": 451000000,
        "otherExpenses": 217000000,
        "operatingExpenses": 668000000,
        "costAndExpenses": 1331000000,
        "interestIncome": 0,
        "interestExpense": 92000000,
        "depreciationAndAmortization": 217000000,
        "ebitda": 385000000,
        "ebitdaratio": 0.2463211772,
        "operatingIncome": 174000000,
        "operatingIncomeRatio": 0.1113243762,
        "totalOtherIncomeExpensesNet": -95000000,
        "incomeBeforeTax": 79000000,
        "incomeBeforeTaxRatio": 0.050543826,
        "incomeTaxExpense": 69000000,
        "netIncome": 7000000,
        "netIncomeRatio": 0.0044785669,
        "eps": 0.0196,
        "epsdiluted": 0.0195,
        "weightedAverageShsOut": 356913312,
        "weightedAverageShsOutDil": 358443308,
        "link": "https://www.sec.gov/Archives/edgar/data/1492633/000156459020049632/0001564590-20-049632-index.htm",
        "finalLink": "https://www.sec.gov/Archives/edgar/data/1492633/000156459020049632/nlsnnv-10q_20200930.htm"
    },
    {
        "date": "2020-06-30",
        "symbol": "NLSN",
        "reportedCurrency": "USD",
        "cik": "0001492633",
        "fillingDate": "2020-08-05",
        "acceptedDate": "2020-08-05 16:07:25",
        "calendarYear": "2020",
        "period": "Q2",
        "revenue": 1496000000,
        "costOfRevenue": 664000000,
        "grossProfit": 832000000,
        "grossProfitRatio": 0.5561497326,
        "researchAndDevelopmentExpenses": 0,
        "generalAndAdministrativeExpenses": 0,
        "sellingAndMarketingExpenses": 0,
        "sellingGeneralAndAdministrativeExpenses": 451000000,
        "otherExpenses": 224000000,
        "operatingExpenses": 675000000,
        "costAndExpenses": 1339000000,
        "interestIncome": 0,
        "interestExpense": 91000000,
        "depreciationAndAmortization": 224000000,
        "ebitda": 247000000,
        "ebitdaratio": 0.1651069519,
        "operatingIncome": 28000000,
        "operatingIncomeRatio": 0.0187165775,
        "totalOtherIncomeExpensesNet": -92000000,
        "incomeBeforeTax": -64000000,
        "incomeBeforeTaxRatio": -0.0427807487,
        "incomeTaxExpense": -38000000,
        "netIncome": -30000000,
        "netIncomeRatio": -0.0200534759,
        "eps": -0.0841,
        "epsdiluted": -0.0841,
        "weightedAverageShsOut": 356672845,
        "weightedAverageShsOutDil": 356672845,
        "link": "https://www.sec.gov/Archives/edgar/data/1492633/000156459020036796/0001564590-20-036796-index.htm",
        "finalLink": "https://www.sec.gov/Archives/edgar/data/1492633/000156459020036796/nlsnnv-10q_20200630.htm"
    },
    {
        "date": "2020-03-31",
        "symbol": "NLSN",
        "reportedCurrency": "USD",
        "cik": "0001492633",
        "fillingDate": "2020-04-30",
        "acceptedDate": "2020-04-30 16:07:23",
        "calendarYear": "2020",
        "period": "Q1",
        "revenue": 1559000000,
        "costOfRevenue": 721000000,
        "grossProfit": 838000000,
        "grossProfitRatio": 0.5375240539,
        "researchAndDevelopmentExpenses": 0,
        "generalAndAdministrativeExpenses": 515000000,
        "sellingAndMarketingExpenses": 214000000,
        "sellingGeneralAndAdministrativeExpenses": 729000000,
        "otherExpenses": 0,
        "operatingExpenses": 729000000,
        "costAndExpenses": 1450000000,
        "interestIncome": 1000000,
        "interestExpense": 94000000,
        "depreciationAndAmortization": 214000000,
        "ebitda": 301000000,
        "ebitdaratio": 0.1930724824,
        "operatingIncome": 98000000,
        "operatingIncomeRatio": 0.0628608082,
        "totalOtherIncomeExpensesNet": -100000000,
        "incomeBeforeTax": -2000000,
        "incomeBeforeTaxRatio": -0.0012828736,
        "incomeTaxExpense": 11000000,
        "netIncome": -18000000,
        "netIncomeRatio": -0.0115458627,
        "eps": -0.0505,
        "epsdiluted": -0.0505,
        "weightedAverageShsOut": 356389022,
        "weightedAverageShsOutDil": 356389022,
        "link": "https://www.sec.gov/Archives/edgar/data/1492633/000156459020020170/0001564590-20-020170-index.htm",
        "finalLink": "https://www.sec.gov/Archives/edgar/data/1492633/000156459020020170/nlsnnv-10q_20200331.htm"
    },
    {
        "date": "2019-12-31",
        "symbol": "NLSN",
        "reportedCurrency": "USD",
        "cik": "0001492633",
        "fillingDate": "2020-02-27",
        "acceptedDate": "2020-02-27 06:50:25",
        "calendarYear": "2019",
        "period": "Q4",
        "revenue": 1691000000,
        "costOfRevenue": 734000000,
        "grossProfit": 957000000,
        "grossProfitRatio": 0.5659373152,
        "researchAndDevelopmentExpenses": 0,
        "generalAndAdministrativeExpenses": 499000000,
        "sellingAndMarketingExpenses": 206000000,
        "sellingGeneralAndAdministrativeExpenses": 705000000,
        "otherExpenses": 0,
        "operatingExpenses": 705000000,
        "costAndExpenses": 1439000000,
        "interestIncome": 2000000,
        "interestExpense": 98000000,
        "depreciationAndAmortization": 206000000,
        "ebitda": 260000000,
        "ebitdaratio": 0.1537551745,
        "operatingIncome": 224000000,
        "operatingIncomeRatio": 0.1324659965,
        "totalOtherIncomeExpensesNet": -267000000,
        "incomeBeforeTax": -43000000,
        "incomeBeforeTaxRatio": -0.0254287404,
        "incomeTaxExpense": 65000000,
        "netIncome": -109000000,
        "netIncomeRatio": -0.0644589001,
        "eps": -0.31,
        "epsdiluted": -0.31,
        "weightedAverageShsOut": 356058045,
        "weightedAverageShsOutDil": 356058045,
        "link": "https://www.sec.gov/Archives/edgar/data/1492633/000156459020007004/0001564590-20-007004-index.htm",
        "finalLink": "https://www.sec.gov/Archives/edgar/data/1492633/000156459020007004/nlsnnv-10k_20191231.htm"
    },
    {
        "date": "2019-09-30",
        "symbol": "NLSN",
        "reportedCurrency": "USD",
        "cik": "0001492633",
        "fillingDate": "2019-11-07",
        "acceptedDate": "2019-11-07 06:57:04",
        "calendarYear": "2019",
        "period": "Q3",
        "revenue": 1616000000,
        "costOfRevenue": 694000000,
        "grossProfit": 922000000,
        "grossProfitRatio": 0.5705445545,
        "researchAndDevelopmentExpenses": 0,
        "generalAndAdministrativeExpenses": 467000000,
        "sellingAndMarketingExpenses": 186000000,
        "sellingGeneralAndAdministrativeExpenses": 653000000,
        "otherExpenses": 0,
        "operatingExpenses": 653000000,
        "costAndExpenses": 1347000000,
        "interestIncome": 1000000,
        "interestExpense": 100000000,
        "depreciationAndAmortization": 186000000,
        "ebitda": -566000000,
        "ebitdaratio": -0.3502475248,
        "operatingIncome": -740000000,
        "operatingIncomeRatio": -0.4579207921,
        "totalOtherIncomeExpensesNet": -108000000,
        "incomeBeforeTax": -848000000,
        "incomeBeforeTaxRatio": -0.5247524752,
        "incomeTaxExpense": -380000000,
        "netIncome": -472000000,
        "netIncomeRatio": -0.2920792079,
        "eps": -1.33,
        "epsdiluted": -1.33,
        "weightedAverageShsOut": 355779274,
        "weightedAverageShsOutDil": 355779274,
        "link": "https://www.sec.gov/Archives/edgar/data/1492633/000156459019041345/0001564590-19-041345-index.htm",
        "finalLink": "https://www.sec.gov/Archives/edgar/data/1492633/000156459019041345/nlsnnv-10q_20190930.htm"
    },
    {
        "date": "2019-06-30",
        "symbol": "NLSN",
        "reportedCurrency": "USD",
        "cik": "0001492633",
        "fillingDate": "2019-07-31",
        "acceptedDate": "2019-07-31 07:18:03",
        "calendarYear": "2019",
        "period": "Q2",
        "revenue": 1628000000,
        "costOfRevenue": 699000000,
        "grossProfit": 929000000,
        "grossProfitRatio": 0.5706388206,
        "researchAndDevelopmentExpenses": 0,
        "generalAndAdministrativeExpenses": 483000000,
        "sellingAndMarketingExpenses": 185000000,
        "sellingGeneralAndAdministrativeExpenses": 668000000,
        "otherExpenses": 0,
        "operatingExpenses": 668000000,
        "costAndExpenses": 1367000000,
        "interestIncome": 1000000,
        "interestExpense": 100000000,
        "depreciationAndAmortization": 185000000,
        "ebitda": 431000000,
        "ebitdaratio": 0.2647420147,
        "operatingIncome": 249000000,
        "operatingIncomeRatio": 0.1529484029,
        "totalOtherIncomeExpensesNet": -100000000,
        "incomeBeforeTax": 149000000,
        "incomeBeforeTaxRatio": 0.0915233415,
        "incomeTaxExpense": 23000000,
        "netIncome": 123000000,
        "netIncomeRatio": 0.0755528256,
        "eps": 0.35,
        "epsdiluted": 0.34,
        "weightedAverageShsOut": 355630327,
        "weightedAverageShsOutDil": 356627708,
        "link": "https://www.sec.gov/Archives/edgar/data/1492633/000156459019027203/0001564590-19-027203-index.htm",
        "finalLink": "https://www.sec.gov/Archives/edgar/data/1492633/000156459019027203/nlsnnv-10q_20190630.htm"
    },
    {
        "date": "2019-03-31",
        "symbol": "NLSN",
        "reportedCurrency": "USD",
        "cik": "0001492633",
        "fillingDate": "2019-04-30",
        "acceptedDate": "2019-04-30 07:08:10",
        "calendarYear": "2019",
        "period": "Q1",
        "revenue": 1563000000,
        "costOfRevenue": 695000000,
        "grossProfit": 868000000,
        "grossProfitRatio": 0.5553422905,
        "researchAndDevelopmentExpenses": 0,
        "generalAndAdministrativeExpenses": 480000000,
        "sellingAndMarketingExpenses": 179000000,
        "sellingGeneralAndAdministrativeExpenses": 659000000,
        "otherExpenses": 0,
        "operatingExpenses": 659000000,
        "costAndExpenses": 1354000000,
        "interestIncome": 2000000,
        "interestExpense": 99000000,
        "depreciationAndAmortization": 179000000,
        "ebitda": 353000000,
        "ebitdaratio": 0.2258477287,
        "operatingIncome": 174000000,
        "operatingIncomeRatio": 0.1113243762,
        "totalOtherIncomeExpensesNet": -95000000,
        "incomeBeforeTax": 79000000,
        "incomeBeforeTaxRatio": 0.050543826,
        "incomeTaxExpense": 32000000,
        "netIncome": 43000000,
        "netIncomeRatio": 0.0275111964,
        "eps": 0.12,
        "epsdiluted": 0.12,
        "weightedAverageShsOut": 355444756,
        "weightedAverageShsOutDil": 356357083,
        "link": "https://www.sec.gov/Archives/edgar/data/1492633/000156459019013974/0001564590-19-013974-index.htm",
        "finalLink": "https://www.sec.gov/Archives/edgar/data/1492633/000156459019013974/nlsnnv-10q_20190331.htm"
    },
    {
        "date": "2018-12-31",
        "symbol": "NLSN",
        "reportedCurrency": "USD",
        "cik": "0001492633",
        "fillingDate": "2019-02-28",
        "acceptedDate": "2019-02-28 07:01:24",
        "calendarYear": "2018",
        "period": "Q4",
        "revenue": 1658000000,
        "costOfRevenue": 707000000,
        "grossProfit": 951000000,
        "grossProfitRatio": 0.5735826297,
        "researchAndDevelopmentExpenses": 0,
        "generalAndAdministrativeExpenses": 507000000,
        "sellingAndMarketingExpenses": 171000000,
        "sellingGeneralAndAdministrativeExpenses": 678000000,
        "otherExpenses": 0,
        "operatingExpenses": 678000000,
        "costAndExpenses": 1385000000,
        "interestIncome": 2000000,
        "interestExpense": 99000000,
        "depreciationAndAmortization": 171000000,
        "ebitda": -1006000000,
        "ebitdaratio": -0.6067551267,
        "operatingIncome": -1171000000,
        "operatingIncomeRatio": -0.7062726176,
        "totalOtherIncomeExpensesNet": -103000000,
        "incomeBeforeTax": -1274000000,
        "incomeBeforeTaxRatio": -0.7683956574,
        "incomeTaxExpense": -324000000,
        "netIncome": -952000000,
        "netIncomeRatio": -0.574185766,
        "eps": -2.68,
        "epsdiluted": -2.68,
        "weightedAverageShsOut": 355199432,
        "weightedAverageShsOutDil": 355199432,
        "link": "https://www.sec.gov/Archives/edgar/data/1492633/000156459019005165/0001564590-19-005165-index.htm",
        "finalLink": "https://www.sec.gov/Archives/edgar/data/1492633/000156459019005165/nlsnnv-10k_20181231.htm"
    },
    {
        "date": "2018-09-30",
        "symbol": "NLSN",
        "reportedCurrency": "USD",
        "cik": "0001492633",
        "fillingDate": "2018-10-25",
        "acceptedDate": "2018-10-25 06:41:34",
        "calendarYear": "2018",
        "period": "Q3",
        "revenue": 1600000000,
        "costOfRevenue": 681000000,
        "grossProfit": 919000000,
        "grossProfitRatio": 0.574375,
        "researchAndDevelopmentExpenses": 0,
        "generalAndAdministrativeExpenses": 464000000,
        "sellingAndMarketingExpenses": 175000000,
        "sellingGeneralAndAdministrativeExpenses": 639000000,
        "otherExpenses": 0,
        "operatingExpenses": 639000000,
        "costAndExpenses": 1320000000,
        "interestIncome": 2000000,
        "interestExpense": 99000000,
        "depreciationAndAmortization": 175000000,
        "ebitda": 429000000,
        "ebitdaratio": 0.268125,
        "operatingIncome": 261000000,
        "operatingIncomeRatio": 0.163125,
        "totalOtherIncomeExpensesNet": -104000000,
        "incomeBeforeTax": 157000000,
        "incomeBeforeTaxRatio": 0.098125,
        "incomeTaxExpense": 59000000,
        "netIncome": 96000000,
        "netIncomeRatio": 0.06,
        "eps": 0.27,
        "epsdiluted": 0.27,
        "weightedAverageShsOut": 354993315,
        "weightedAverageShsOutDil": 355561704,
        "link": "https://www.sec.gov/Archives/edgar/data/1492633/000156459018025003/0001564590-18-025003-index.htm",
        "finalLink": "https://www.sec.gov/Archives/edgar/data/1492633/000156459018025003/nlsnnv-10q_20180930.htm"
    },
    {
        "date": "2018-06-30",
        "symbol": "NLSN",
        "reportedCurrency": "USD",
        "cik": "0001492633",
        "fillingDate": "2018-07-26",
        "acceptedDate": "2018-07-26 06:41:05",
        "calendarYear": "2018",
        "period": "Q2",
        "revenue": 1647000000,
        "costOfRevenue": 698000000,
        "grossProfit": 949000000,
        "grossProfitRatio": 0.57619915,
        "researchAndDevelopmentExpenses": 0,
        "generalAndAdministrativeExpenses": 494000000,
        "sellingAndMarketingExpenses": 162000000,
        "sellingGeneralAndAdministrativeExpenses": 656000000,
        "otherExpenses": 0,
        "operatingExpenses": 656000000,
        "costAndExpenses": 1354000000,
        "interestIncome": 2000000,
        "interestExpense": 100000000,
        "depreciationAndAmortization": 162000000,
        "ebitda": 378000000,
        "ebitdaratio": 0.2295081967,
        "operatingIncome": 228000000,
        "operatingIncomeRatio": 0.1384335155,
        "totalOtherIncomeExpensesNet": -107000000,
        "incomeBeforeTax": 121000000,
        "incomeBeforeTaxRatio": 0.0734669095,
        "incomeTaxExpense": 44000000,
        "netIncome": 72000000,
        "netIncomeRatio": 0.043715847,
        "eps": 0.2,
        "epsdiluted": 0.2,
        "weightedAverageShsOut": 355773490,
        "weightedAverageShsOutDil": 356376160,
        "link": "https://www.sec.gov/Archives/edgar/data/1492633/000156459018017504/0001564590-18-017504-index.htm",
        "finalLink": "https://www.sec.gov/Archives/edgar/data/1492633/000156459018017504/nlsnnv-10q_20180630.htm"
    },
    {
        "date": "2018-03-31",
        "symbol": "NLSN",
        "reportedCurrency": "USD",
        "cik": "0001492633",
        "fillingDate": "2018-04-26",
        "acceptedDate": "2018-04-26 06:41:49",
        "calendarYear": "2018",
        "period": "Q1",
        "revenue": 1610000000,
        "costOfRevenue": 719000000,
        "grossProfit": 891000000,
        "grossProfitRatio": 0.5534161491,
        "researchAndDevelopmentExpenses": 0,
        "generalAndAdministrativeExpenses": 493000000,
        "sellingAndMarketingExpenses": 167000000,
        "sellingGeneralAndAdministrativeExpenses": 660000000,
        "otherExpenses": 0,
        "operatingExpenses": 660000000,
        "costAndExpenses": 1379000000,
        "interestIncome": 2000000,
        "interestExpense": 96000000,
        "depreciationAndAmortization": 167000000,
        "ebitda": 374000000,
        "ebitdaratio": 0.2322981366,
        "operatingIncome": 207000000,
        "operatingIncomeRatio": 0.1285714286,
        "totalOtherIncomeExpensesNet": -93000000,
        "incomeBeforeTax": 114000000,
        "incomeBeforeTaxRatio": 0.0708074534,
        "incomeTaxExpense": 39000000,
        "netIncome": 72000000,
        "netIncomeRatio": 0.0447204969,
        "eps": 0.2,
        "epsdiluted": 0.2,
        "weightedAverageShsOut": 356460561,
        "weightedAverageShsOutDil": 357273815,
        "link": "https://www.sec.gov/Archives/edgar/data/1492633/000156459018009168/0001564590-18-009168-index.htm",
        "finalLink": "https://www.sec.gov/Archives/edgar/data/1492633/000156459018009168/nlsnnv-10q_20180331.htm"
    },
    {
        "date": "2017-12-31",
        "symbol": "NLSN",
        "reportedCurrency": "USD",
        "cik": "0001492633",
        "fillingDate": "2018-02-08",
        "acceptedDate": "2018-02-08 06:55:45",
        "calendarYear": "2017",
        "period": "Q4",
        "revenue": 1761000000,
        "costOfRevenue": 734000000,
        "grossProfit": 1027000000,
        "grossProfitRatio": 0.5831913685,
        "researchAndDevelopmentExpenses": 0,
        "generalAndAdministrativeExpenses": 475000000,
        "sellingAndMarketingExpenses": 163000000,
        "sellingGeneralAndAdministrativeExpenses": 638000000,
        "otherExpenses": 0,
        "operatingExpenses": 638000000,
        "costAndExpenses": 1372000000,
        "interestIncome": 1000000,
        "interestExpense": 97000000,
        "depreciationAndAmortization": 163000000,
        "ebitda": 503000000,
        "ebitdaratio": 0.285633163,
        "operatingIncome": 357000000,
        "operatingIncomeRatio": 0.202725724,
        "totalOtherIncomeExpensesNet": -111000000,
        "incomeBeforeTax": 246000000,
        "incomeBeforeTaxRatio": 0.139693356,
        "incomeTaxExpense": 162000000,
        "netIncome": 81000000,
        "netIncomeRatio": 0.0459965928,
        "eps": 0.23,
        "epsdiluted": 0.23,
        "weightedAverageShsOut": 356219487,
        "weightedAverageShsOutDil": 357393714,
        "link": "https://www.sec.gov/Archives/edgar/data/1492633/000156459018001617/0001564590-18-001617-index.htm",
        "finalLink": "https://www.sec.gov/Archives/edgar/data/1492633/000156459018001617/nlsnnv-10k_20171231.htm"
    },
    {
        "date": "2017-09-30",
        "symbol": "NLSN",
        "reportedCurrency": "USD",
        "cik": "0001492633",
        "fillingDate": "2017-10-25",
        "acceptedDate": "2017-10-25 06:32:46",
        "calendarYear": "2017",
        "period": "Q3",
        "revenue": 1641000000,
        "costOfRevenue": 692000000,
        "grossProfit": 949000000,
        "grossProfitRatio": 0.578305911,
        "researchAndDevelopmentExpenses": 0,
        "generalAndAdministrativeExpenses": 445000000,
        "sellingAndMarketingExpenses": 160000000,
        "sellingGeneralAndAdministrativeExpenses": 605000000,
        "otherExpenses": 0,
        "operatingExpenses": 605000000,
        "costAndExpenses": 1297000000,
        "interestIncome": 1000000,
        "interestExpense": 95000000,
        "depreciationAndAmortization": 160000000,
        "ebitda": 493000000,
        "ebitdaratio": 0.3004265692,
        "operatingIncome": 337000000,
        "operatingIncomeRatio": 0.2053625838,
        "totalOtherIncomeExpensesNet": -95000000,
        "incomeBeforeTax": 242000000,
        "incomeBeforeTaxRatio": 0.1474710542,
        "incomeTaxExpense": 92000000,
        "netIncome": 146000000,
        "netIncomeRatio": 0.0889701402,
        "eps": 0.41,
        "epsdiluted": 0.41,
        "weightedAverageShsOut": 356426891,
        "weightedAverageShsOutDil": 357692115,
        "link": "https://www.sec.gov/Archives/edgar/data/1492633/000156459017019953/0001564590-17-019953-index.htm",
        "finalLink": "https://www.sec.gov/Archives/edgar/data/1492633/000156459017019953/nlsnnv-10q_20170930.htm"
    },
    {
        "date": "2017-06-30",
        "symbol": "NLSN",
        "reportedCurrency": "USD",
        "cik": "0001492633",
        "fillingDate": "2017-07-27",
        "acceptedDate": "2017-07-27 06:37:54",
        "calendarYear": "2017",
        "period": "Q2",
        "revenue": 1644000000,
        "costOfRevenue": 678000000,
        "grossProfit": 966000000,
        "grossProfitRatio": 0.5875912409,
        "researchAndDevelopmentExpenses": 0,
        "generalAndAdministrativeExpenses": 471000000,
        "sellingAndMarketingExpenses": 162000000,
        "sellingGeneralAndAdministrativeExpenses": 633000000,
        "otherExpenses": 0,
        "operatingExpenses": 633000000,
        "costAndExpenses": 1311000000,
        "interestIncome": 1000000,
        "interestExpense": 92000000,
        "depreciationAndAmortization": 162000000,
        "ebitda": 476000000,
        "ebitdaratio": 0.2895377129,
        "operatingIncome": 324000000,
        "operatingIncomeRatio": 0.197080292,
        "totalOtherIncomeExpensesNet": -100000000,
        "incomeBeforeTax": 224000000,
        "incomeBeforeTaxRatio": 0.1362530414,
        "incomeTaxExpense": 91000000,
        "netIncome": 131000000,
        "netIncomeRatio": 0.0796836983,
        "eps": 0.37,
        "epsdiluted": 0.37,
        "weightedAverageShsOut": 356829766,
        "weightedAverageShsOutDil": 358085067,
        "link": "https://www.sec.gov/Archives/edgar/data/1492633/000156459017014171/0001564590-17-014171-index.htm",
        "finalLink": "https://www.sec.gov/Archives/edgar/data/1492633/000156459017014171/nlsnnv-10q_20170630.htm"
    },
    {
        "date": "2017-03-31",
        "symbol": "NLSN",
        "reportedCurrency": "USD",
        "cik": "0001492633",
        "fillingDate": "2017-04-25",
        "acceptedDate": "2017-04-25 06:32:34",
        "calendarYear": "2017",
        "period": "Q1",
        "revenue": 1526000000,
        "costOfRevenue": 661000000,
        "grossProfit": 865000000,
        "grossProfitRatio": 0.5668414155,
        "researchAndDevelopmentExpenses": 0,
        "generalAndAdministrativeExpenses": 471000000,
        "sellingAndMarketingExpenses": 155000000,
        "sellingGeneralAndAdministrativeExpenses": 626000000,
        "otherExpenses": 0,
        "operatingExpenses": 626000000,
        "costAndExpenses": 1287000000,
        "interestIncome": 1000000,
        "interestExpense": 90000000,
        "depreciationAndAmortization": 155000000,
        "ebitda": 359000000,
        "ebitdaratio": 0.2352555701,
        "operatingIncome": 207000000,
        "operatingIncomeRatio": 0.1356487549,
        "totalOtherIncomeExpensesNet": -91000000,
        "incomeBeforeTax": 116000000,
        "incomeBeforeTaxRatio": 0.0760157274,
        "incomeTaxExpense": 43000000,
        "netIncome": 71000000,
        "netIncomeRatio": 0.0465268676,
        "eps": 0.2,
        "epsdiluted": 0.2,
        "weightedAverageShsOut": 357399749,
        "weightedAverageShsOutDil": 359054968,
        "link": "https://www.sec.gov/Archives/edgar/data/1492633/000156459017007075/0001564590-17-007075-index.htm",
        "finalLink": "https://www.sec.gov/Archives/edgar/data/1492633/000156459017007075/nlsnnv-10q_20170331.htm"
    },
    {
        "date": "2016-12-31",
        "symbol": "NLSN",
        "reportedCurrency": "USD",
        "cik": "0001492633",
        "fillingDate": "2017-02-17",
        "acceptedDate": "2017-02-17 06:32:19",
        "calendarYear": "2016",
        "period": "Q4",
        "revenue": 1656000000,
        "costOfRevenue": 670000000,
        "grossProfit": 986000000,
        "grossProfitRatio": 0.595410628,
        "researchAndDevelopmentExpenses": 0,
        "generalAndAdministrativeExpenses": 460000000,
        "sellingAndMarketingExpenses": 153000000,
        "sellingGeneralAndAdministrativeExpenses": 613000000,
        "otherExpenses": 0,
        "operatingExpenses": 613000000,
        "costAndExpenses": 1283000000,
        "interestIncome": 1000000,
        "interestExpense": 86000000,
        "depreciationAndAmortization": 153000000,
        "ebitda": 499000000,
        "ebitdaratio": 0.3013285024,
        "operatingIncome": 341000000,
        "operatingIncomeRatio": 0.2059178744,
        "totalOtherIncomeExpensesNet": -80000000,
        "incomeBeforeTax": 261000000,
        "incomeBeforeTaxRatio": 0.1576086957,
        "incomeTaxExpense": 101000000,
        "netIncome": 159000000,
        "netIncomeRatio": 0.0960144928,
        "eps": 0.44,
        "epsdiluted": 0.44,
        "weightedAverageShsOut": 357421305,
        "weightedAverageShsOutDil": 359708352,
        "link": "https://www.sec.gov/Archives/edgar/data/1492633/000156459017001729/0001564590-17-001729-index.htm",
        "finalLink": "https://www.sec.gov/Archives/edgar/data/1492633/000156459017001729/nlsnnv-10k_20161231.htm"
    },
    {
        "date": "2016-09-30",
        "symbol": "NLSN",
        "reportedCurrency": "USD",
        "cik": "0001492633",
        "fillingDate": "2016-10-25",
        "acceptedDate": "2016-10-25 06:34:55",
        "calendarYear": "2016",
        "period": "Q3",
        "revenue": 1570000000,
        "costOfRevenue": 642000000,
        "grossProfit": 928000000,
        "grossProfitRatio": 0.5910828025,
        "researchAndDevelopmentExpenses": 0,
        "generalAndAdministrativeExpenses": 452000000,
        "sellingAndMarketingExpenses": 151000000,
        "sellingGeneralAndAdministrativeExpenses": 603000000,
        "otherExpenses": 0,
        "operatingExpenses": 603000000,
        "costAndExpenses": 1245000000,
        "interestIncome": 1000000,
        "interestExpense": 85000000,
        "depreciationAndAmortization": 151000000,
        "ebitda": 448000000,
        "ebitdaratio": 0.2853503185,
        "operatingIncome": 296000000,
        "operatingIncomeRatio": 0.1885350318,
        "totalOtherIncomeExpensesNet": -82000000,
        "incomeBeforeTax": 214000000,
        "incomeBeforeTaxRatio": 0.1363057325,
        "incomeTaxExpense": 82000000,
        "netIncome": 130000000,
        "netIncomeRatio": 0.0828025478,
        "eps": 0.36,
        "epsdiluted": 0.36,
        "weightedAverageShsOut": 357088498,
        "weightedAverageShsOutDil": 360574807,
        "link": "https://www.sec.gov/Archives/edgar/data/1492633/000156459016026044/0001564590-16-026044-index.htm",
        "finalLink": "https://www.sec.gov/Archives/edgar/data/1492633/000156459016026044/nlsnnv-10q_20160930.htm"
    },
    {
        "date": "2016-06-30",
        "symbol": "NLSN",
        "reportedCurrency": "USD",
        "cik": "0001492633",
        "fillingDate": "2016-07-26",
        "acceptedDate": "2016-07-26 06:31:46",
        "calendarYear": "2016",
        "period": "Q2",
        "revenue": 1596000000,
        "costOfRevenue": 654000000,
        "grossProfit": 942000000,
        "grossProfitRatio": 0.5902255639,
        "researchAndDevelopmentExpenses": 0,
        "generalAndAdministrativeExpenses": 474000000,
        "sellingAndMarketingExpenses": 152000000,
        "sellingGeneralAndAdministrativeExpenses": 626000000,
        "otherExpenses": 0,
        "operatingExpenses": 626000000,
        "costAndExpenses": 1280000000,
        "interestIncome": 1000000,
        "interestExpense": 83000000,
        "depreciationAndAmortization": 152000000,
        "ebitda": 430000000,
        "ebitdaratio": 0.2694235589,
        "operatingIncome": 282000000,
        "operatingIncomeRatio": 0.1766917293,
        "totalOtherIncomeExpensesNet": -86000000,
        "incomeBeforeTax": 196000000,
        "incomeBeforeTaxRatio": 0.1228070175,
        "incomeTaxExpense": 82000000,
        "netIncome": 113000000,
        "netIncomeRatio": 0.070802005,
        "eps": 0.31,
        "epsdiluted": 0.31,
        "weightedAverageShsOut": 359264465,
        "weightedAverageShsOutDil": 363216877,
        "link": "https://www.sec.gov/Archives/edgar/data/1492633/000156459016021442/0001564590-16-021442-index.htm",
        "finalLink": "https://www.sec.gov/Archives/edgar/data/1492633/000156459016021442/nlsnnv-10q_20160630.htm"
    },
    {
        "date": "2016-03-31",
        "symbol": "NLSN",
        "reportedCurrency": "USD",
        "cik": "0001492633",
        "fillingDate": "2016-04-20",
        "acceptedDate": "2016-04-20 06:42:56",
        "calendarYear": "2016",
        "period": "Q1",
        "revenue": 1487000000,
        "costOfRevenue": 641000000,
        "grossProfit": 846000000,
        "grossProfitRatio": 0.568930733,
        "researchAndDevelopmentExpenses": 0,
        "generalAndAdministrativeExpenses": 465000000,
        "sellingAndMarketingExpenses": 147000000,
        "sellingGeneralAndAdministrativeExpenses": 612000000,
        "otherExpenses": 0,
        "operatingExpenses": 612000000,
        "costAndExpenses": 1253000000,
        "interestIncome": 1000000,
        "interestExpense": 79000000,
        "depreciationAndAmortization": 147000000,
        "ebitda": 370000000,
        "ebitdaratio": 0.2488231338,
        "operatingIncome": 224000000,
        "operatingIncomeRatio": 0.1506388702,
        "totalOtherIncomeExpensesNet": -79000000,
        "incomeBeforeTax": 145000000,
        "incomeBeforeTaxRatio": 0.0975117687,
        "incomeTaxExpense": 44000000,
        "netIncome": 100000000,
        "netIncomeRatio": 0.0672494956,
        "eps": 0.28,
        "epsdiluted": 0.27,
        "weightedAverageShsOut": 361580670,
        "weightedAverageShsOutDil": 365201139,
        "link": "https://www.sec.gov/Archives/edgar/data/1492633/000156459016016377/0001564590-16-016377-index.htm",
        "finalLink": "https://www.sec.gov/Archives/edgar/data/1492633/000156459016016377/nlsnnv-10q_20160331.htm"
    },
    {
        "date": "2015-12-31",
        "symbol": "NLSN",
        "reportedCurrency": "USD",
        "cik": "0001492633",
        "fillingDate": "2016-02-19",
        "acceptedDate": "2016-02-19 06:32:40",
        "calendarYear": "2015",
        "period": "Q4",
        "revenue": 1624000000,
        "costOfRevenue": 654000000,
        "grossProfit": 970000000,
        "grossProfitRatio": 0.5972906404,
        "researchAndDevelopmentExpenses": 0,
        "generalAndAdministrativeExpenses": 510000000,
        "sellingAndMarketingExpenses": 142000000,
        "sellingGeneralAndAdministrativeExpenses": 652000000,
        "otherExpenses": 0,
        "operatingExpenses": 652000000,
        "costAndExpenses": 1306000000,
        "interestIncome": 1000000,
        "interestExpense": 80000000,
        "depreciationAndAmortization": 142000000,
        "ebitda": 650000000,
        "ebitdaratio": 0.4002463054,
        "operatingIncome": 310000000,
        "operatingIncomeRatio": 0.1908866995,
        "totalOtherIncomeExpensesNet": 123000000,
        "incomeBeforeTax": 433000000,
        "incomeBeforeTaxRatio": 0.2666256158,
        "incomeTaxExpense": 177000000,
        "netIncome": 251000000,
        "netIncomeRatio": 0.1545566502,
        "eps": 0.69,
        "epsdiluted": 0.68,
        "weightedAverageShsOut": 363059789,
        "weightedAverageShsOutDil": 366495869,
        "link": "https://www.sec.gov/Archives/edgar/data/1492633/000156459016012905/0001564590-16-012905-index.htm",
        "finalLink": "https://www.sec.gov/Archives/edgar/data/1492633/000156459016012905/nlsnnv-10k_20151231.htm"
    },
    {
        "date": "2015-09-30",
        "symbol": "NLSN",
        "reportedCurrency": "USD",
        "cik": "0001492633",
        "fillingDate": "2015-10-21",
        "acceptedDate": "2015-10-21 06:36:17",
        "calendarYear": "2015",
        "period": "Q3",
        "revenue": 1531000000,
        "costOfRevenue": 615000000,
        "grossProfit": 916000000,
        "grossProfitRatio": 0.5983017636,
        "researchAndDevelopmentExpenses": 0,
        "generalAndAdministrativeExpenses": 459000000,
        "sellingAndMarketingExpenses": 144000000,
        "sellingGeneralAndAdministrativeExpenses": 603000000,
        "otherExpenses": 0,
        "operatingExpenses": 603000000,
        "costAndExpenses": 1218000000,
        "interestIncome": 1000000,
        "interestExpense": 79000000,
        "depreciationAndAmortization": 144000000,
        "ebitda": 447000000,
        "ebitdaratio": 0.2919660353,
        "operatingIncome": 298000000,
        "operatingIncomeRatio": 0.1946440235,
        "totalOtherIncomeExpensesNet": -73000000,
        "incomeBeforeTax": 225000000,
        "incomeBeforeTaxRatio": 0.1469627694,
        "incomeTaxExpense": 82000000,
        "netIncome": 142000000,
        "netIncomeRatio": 0.0927498367,
        "eps": 0.39,
        "epsdiluted": 0.38,
        "weightedAverageShsOut": 365498696,
        "weightedAverageShsOutDil": 369497939,
        "link": "https://www.sec.gov/Archives/edgar/data/1492633/000156459015008496/0001564590-15-008496-index.htm",
        "finalLink": "https://www.sec.gov/Archives/edgar/data/1492633/000156459015008496/nlsnnv-10q_20150930.htm"
    },
    {
        "date": "2015-06-30",
        "symbol": "NLSN",
        "reportedCurrency": "USD",
        "cik": "0001492633",
        "fillingDate": "2015-07-28",
        "acceptedDate": "2015-07-28 06:31:15",
        "calendarYear": "2015",
        "period": "Q2",
        "revenue": 1559000000,
        "costOfRevenue": 648000000,
        "grossProfit": 911000000,
        "grossProfitRatio": 0.5843489416,
        "researchAndDevelopmentExpenses": 0,
        "generalAndAdministrativeExpenses": 465000000,
        "sellingAndMarketingExpenses": 146000000,
        "sellingGeneralAndAdministrativeExpenses": 611000000,
        "otherExpenses": 0,
        "operatingExpenses": 611000000,
        "costAndExpenses": 1259000000,
        "interestIncome": 1000000,
        "interestExpense": 79000000,
        "depreciationAndAmortization": 146000000,
        "ebitda": 425000000,
        "ebitdaratio": 0.2726106479,
        "operatingIncome": 286000000,
        "operatingIncomeRatio": 0.1834509301,
        "totalOtherIncomeExpensesNet": -84000000,
        "incomeBeforeTax": 202000000,
        "incomeBeforeTaxRatio": 0.1295702373,
        "incomeTaxExpense": 86000000,
        "netIncome": 114000000,
        "netIncomeRatio": 0.0731237973,
        "eps": 0.31,
        "epsdiluted": 0.31,
        "weightedAverageShsOut": 368364597,
        "weightedAverageShsOutDil": 372581033,
        "link": "https://www.sec.gov/Archives/edgar/data/1492633/000156459015005686/0001564590-15-005686-index.htm",
        "finalLink": "https://www.sec.gov/Archives/edgar/data/1492633/000156459015005686/nlsnnv-10q_20150630.htm"
    },
    {
        "date": "2015-03-31",
        "symbol": "NLSN",
        "reportedCurrency": "USD",
        "cik": "0001492633",
        "fillingDate": "2015-04-22",
        "acceptedDate": "2015-04-22 06:31:03",
        "calendarYear": "2015",
        "period": "Q1",
        "revenue": 1458000000,
        "costOfRevenue": 622000000,
        "grossProfit": 836000000,
        "grossProfitRatio": 0.573388203,
        "researchAndDevelopmentExpenses": 0,
        "generalAndAdministrativeExpenses": 481000000,
        "sellingAndMarketingExpenses": 142000000,
        "sellingGeneralAndAdministrativeExpenses": 623000000,
        "otherExpenses": 0,
        "operatingExpenses": 623000000,
        "costAndExpenses": 1245000000,
        "interestIncome": 1000000,
        "interestExpense": 73000000,
        "depreciationAndAmortization": 142000000,
        "ebitda": 316000000,
        "ebitdaratio": 0.2167352538,
        "operatingIncome": 199000000,
        "operatingIncomeRatio": 0.1364883402,
        "totalOtherIncomeExpensesNet": -98000000,
        "incomeBeforeTax": 101000000,
        "incomeBeforeTaxRatio": 0.0692729767,
        "incomeTaxExpense": 38000000,
        "netIncome": 63000000,
        "netIncomeRatio": 0.0432098765,
        "eps": 0.17,
        "epsdiluted": 0.17,
        "weightedAverageShsOut": 371169651,
        "weightedAverageShsOutDil": 375361957,
        "link": "https://www.sec.gov/Archives/edgar/data/1492633/000156459015002744/0001564590-15-002744-index.htm",
        "finalLink": "https://www.sec.gov/Archives/edgar/data/1492633/000156459015002744/nlsnnv-10q_20150331.htm"
    },
    {
        "date": "2014-12-31",
        "symbol": "NLSN",
        "reportedCurrency": "USD",
        "cik": "0001492633",
        "fillingDate": "2015-02-20",
        "acceptedDate": "2015-02-20 06:05:38",
        "calendarYear": "2014",
        "period": "Q4",
        "revenue": 1633000000,
        "costOfRevenue": 653000000,
        "grossProfit": 980000000,
        "grossProfitRatio": 0.600122474,
        "researchAndDevelopmentExpenses": 0,
        "generalAndAdministrativeExpenses": 478000000,
        "sellingAndMarketingExpenses": 148000000,
        "sellingGeneralAndAdministrativeExpenses": 626000000,
        "otherExpenses": 0,
        "operatingExpenses": 626000000,
        "costAndExpenses": 1279000000,
        "interestIncome": -3000000,
        "interestExpense": 71000000,
        "depreciationAndAmortization": 148000000,
        "ebitda": 414000000,
        "ebitdaratio": 0.2535211268,
        "operatingIncome": 308000000,
        "operatingIncomeRatio": 0.1886099204,
        "totalOtherIncomeExpensesNet": -110000000,
        "incomeBeforeTax": 198000000,
        "incomeBeforeTaxRatio": 0.1212492345,
        "incomeTaxExpense": 34000000,
        "netIncome": 161000000,
        "netIncomeRatio": 0.0985915493,
        "eps": 0.43,
        "epsdiluted": 0.42,
        "weightedAverageShsOut": 377676631,
        "weightedAverageShsOutDil": 381840834,
        "link": "https://www.sec.gov/Archives/edgar/data/1492633/000156459015000780/0001564590-15-000780-index.htm",
        "finalLink": "https://www.sec.gov/Archives/edgar/data/1492633/000156459015000780/nlsnnv-10k_20141231.htm"
    },
    {
        "date": "2014-09-30",
        "symbol": "NLSN",
        "reportedCurrency": "USD",
        "cik": "0001492633",
        "fillingDate": "2014-10-23",
        "acceptedDate": "2014-10-23 07:00:57",
        "calendarYear": "2014",
        "period": "Q3",
        "revenue": 1572000000,
        "costOfRevenue": 648000000,
        "grossProfit": 924000000,
        "grossProfitRatio": 0.5877862595,
        "researchAndDevelopmentExpenses": 0,
        "generalAndAdministrativeExpenses": 468000000,
        "sellingAndMarketingExpenses": 139000000,
        "sellingGeneralAndAdministrativeExpenses": 607000000,
        "otherExpenses": 0,
        "operatingExpenses": 607000000,
        "costAndExpenses": 1255000000,
        "interestIncome": 1000000,
        "interestExpense": 74000000,
        "depreciationAndAmortization": 139000000,
        "ebitda": 399000000,
        "ebitdaratio": 0.2538167939,
        "operatingIncome": 311000000,
        "operatingIncomeRatio": 0.1978371501,
        "totalOtherIncomeExpensesNet": -124000000,
        "incomeBeforeTax": 187000000,
        "incomeBeforeTaxRatio": 0.118956743,
        "incomeTaxExpense": 95000000,
        "netIncome": 91000000,
        "netIncomeRatio": 0.0578880407,
        "eps": 0.24,
        "epsdiluted": 0.24,
        "weightedAverageShsOut": 380884561,
        "weightedAverageShsOutDil": 385891391,
        "link": "https://www.sec.gov/Archives/edgar/data/1492633/000156459014004429/0001564590-14-004429-index.htm",
        "finalLink": "https://www.sec.gov/Archives/edgar/data/1492633/000156459014004429/nlsnnv-10q_20140930.htm"
    },
    {
        "date": "2014-06-30",
        "symbol": "NLSN",
        "reportedCurrency": "USD",
        "cik": "0001492633",
        "fillingDate": "2014-07-29",
        "acceptedDate": "2014-07-29 07:09:31",
        "calendarYear": "2014",
        "period": "Q2",
        "revenue": 1594000000,
        "costOfRevenue": 677000000,
        "grossProfit": 917000000,
        "grossProfitRatio": 0.5752823087,
        "researchAndDevelopmentExpenses": 0,
        "generalAndAdministrativeExpenses": 482000000,
        "sellingAndMarketingExpenses": 145000000,
        "sellingGeneralAndAdministrativeExpenses": 627000000,
        "otherExpenses": 0,
        "operatingExpenses": 627000000,
        "costAndExpenses": 1304000000,
        "interestIncome": 1000000,
        "interestExpense": 78000000,
        "depreciationAndAmortization": 145000000,
        "ebitda": 371000000,
        "ebitdaratio": 0.2327478043,
        "operatingIncome": 277000000,
        "operatingIncomeRatio": 0.1737766625,
        "totalOtherIncomeExpensesNet": -128000000,
        "incomeBeforeTax": 149000000,
        "incomeBeforeTaxRatio": 0.0934755332,
        "incomeTaxExpense": 74000000,
        "netIncome": 74000000,
        "netIncomeRatio": 0.0464240903,
        "eps": 0.19,
        "epsdiluted": 0.19,
        "weightedAverageShsOut": 379755766,
        "weightedAverageShsOutDil": 385356813,
        "link": "https://www.sec.gov/Archives/edgar/data/1492633/000156459014002926/0001564590-14-002926-index.htm",
        "finalLink": "https://www.sec.gov/Archives/edgar/data/1492633/000156459014002926/nlsnnv-10q_20140630.htm"
    },
    {
        "date": "2014-03-31",
        "symbol": "NLSN",
        "reportedCurrency": "USD",
        "cik": "0001492633",
        "fillingDate": "2014-04-24",
        "acceptedDate": "2014-04-24 07:01:14",
        "calendarYear": "2014",
        "period": "Q1",
        "revenue": 1489000000,
        "costOfRevenue": 642000000,
        "grossProfit": 847000000,
        "grossProfitRatio": 0.5688381464,
        "researchAndDevelopmentExpenses": 0,
        "generalAndAdministrativeExpenses": 489000000,
        "sellingAndMarketingExpenses": 141000000,
        "sellingGeneralAndAdministrativeExpenses": 630000000,
        "otherExpenses": 0,
        "operatingExpenses": 630000000,
        "costAndExpenses": 1272000000,
        "interestIncome": 1000000,
        "interestExpense": 77000000,
        "depreciationAndAmortization": 141000000,
        "ebitda": 309000000,
        "ebitdaratio": 0.2075218267,
        "operatingIncome": 193000000,
        "operatingIncomeRatio": 0.1296171927,
        "totalOtherIncomeExpensesNet": -106000000,
        "incomeBeforeTax": 87000000,
        "incomeBeforeTaxRatio": 0.0584284755,
        "incomeTaxExpense": 33000000,
        "netIncome": 58000000,
        "netIncomeRatio": 0.038952317,
        "eps": 0.15,
        "epsdiluted": 0.15,
        "weightedAverageShsOut": 379012826,
        "weightedAverageShsOutDil": 384739599,
        "link": "https://www.sec.gov/Archives/edgar/data/1492633/000156459014001585/0001564590-14-001585-index.htm",
        "finalLink": "https://www.sec.gov/Archives/edgar/data/1492633/000156459014001585/nlsnnv-10q_20140331.htm"
    },
    {
        "date": "2013-12-31",
        "symbol": "NLSN",
        "reportedCurrency": "USD",
        "cik": "0001492633",
        "fillingDate": "2014-02-21",
        "acceptedDate": "2014-02-21 07:05:10",
        "calendarYear": "2013",
        "period": "Q4",
        "revenue": 1611000000,
        "costOfRevenue": 666000000,
        "grossProfit": 945000000,
        "grossProfitRatio": 0.5865921788,
        "researchAndDevelopmentExpenses": 0,
        "generalAndAdministrativeExpenses": 505000000,
        "sellingAndMarketingExpenses": 146000000,
        "sellingGeneralAndAdministrativeExpenses": 651000000,
        "otherExpenses": 0,
        "operatingExpenses": 651000000,
        "costAndExpenses": 1317000000,
        "interestIncome": -2000000,
        "interestExpense": 80000000,
        "depreciationAndAmortization": 146000000,
        "ebitda": 358000000,
        "ebitdaratio": 0.2222222222,
        "operatingIncome": 214000000,
        "operatingIncomeRatio": 0.1328367474,
        "totalOtherIncomeExpensesNet": -91000000,
        "incomeBeforeTax": 147000000,
        "incomeBeforeTaxRatio": 0.0912476723,
        "incomeTaxExpense": -13000000,
        "netIncome": 145000000,
        "netIncomeRatio": 0.0900062073,
        "eps": 0.38,
        "epsdiluted": 0.38,
        "weightedAverageShsOut": 378331799,
        "weightedAverageShsOutDil": 384226506,
        "link": "https://www.sec.gov/Archives/edgar/data/1492633/000156459014000287/0001564590-14-000287-index.htm",
        "finalLink": "https://www.sec.gov/Archives/edgar/data/1492633/000156459014000287/nlsnnv-10k_20131231.htm"
    },
    {
        "date": "2013-09-30",
        "symbol": "NLSN",
        "reportedCurrency": "USD",
        "cik": "0001492633",
        "fillingDate": "2013-10-23",
        "acceptedDate": "2013-10-23 07:10:49",
        "calendarYear": "2013",
        "period": "Q3",
        "revenue": 1387000000,
        "costOfRevenue": 573000000,
        "grossProfit": 814000000,
        "grossProfitRatio": 0.5868781543,
        "researchAndDevelopmentExpenses": 0,
        "generalAndAdministrativeExpenses": 434000000,
        "sellingAndMarketingExpenses": 117000000,
        "sellingGeneralAndAdministrativeExpenses": 551000000,
        "otherExpenses": 0,
        "operatingExpenses": 551000000,
        "costAndExpenses": 1124000000,
        "interestIncome": 1000000,
        "interestExpense": 78000000,
        "depreciationAndAmortization": 117000000,
        "ebitda": 369000000,
        "ebitdaratio": 0.2660418169,
        "operatingIncome": 243000000,
        "operatingIncomeRatio": 0.1751982696,
        "totalOtherIncomeExpensesNet": -72000000,
        "incomeBeforeTax": 171000000,
        "incomeBeforeTaxRatio": 0.1232876712,
        "incomeTaxExpense": 40000000,
        "netIncome": 134000000,
        "netIncomeRatio": 0.0966113915,
        "eps": 0.35,
        "epsdiluted": 0.35,
        "weightedAverageShsOut": 377590584,
        "weightedAverageShsOutDil": 382302017,
        "link": "https://www.sec.gov/Archives/edgar/data/1492633/000156459013000729/0001564590-13-000729-index.htm",
        "finalLink": "https://www.sec.gov/Archives/edgar/data/1492633/000156459013000729/nlsn-10q_20130930.htm"
    },
    {
        "date": "2013-06-30",
        "symbol": "NLSN",
        "reportedCurrency": "USD",
        "cik": "0001492633",
        "fillingDate": "2013-07-30",
        "acceptedDate": "2013-07-30 08:06:07",
        "calendarYear": "2013",
        "period": "Q2",
        "revenue": 1386000000,
        "costOfRevenue": 580000000,
        "grossProfit": 806000000,
        "grossProfitRatio": 0.5815295815,
        "researchAndDevelopmentExpenses": 0,
        "generalAndAdministrativeExpenses": 434000000,
        "sellingAndMarketingExpenses": 126000000,
        "sellingGeneralAndAdministrativeExpenses": 560000000,
        "otherExpenses": 0,
        "operatingExpenses": 560000000,
        "costAndExpenses": 1140000000,
        "interestIncome": 0,
        "interestExpense": 73000000,
        "depreciationAndAmortization": 130000000,
        "ebitda": 675000000,
        "ebitdaratio": 0.487012987,
        "operatingIncome": 238000000,
        "operatingIncomeRatio": 0.1717171717,
        "totalOtherIncomeExpensesNet": -77000000,
        "incomeBeforeTax": 161000000,
        "incomeBeforeTaxRatio": 0.1161616162,
        "incomeTaxExpense": 46000000,
        "netIncome": 426000000,
        "netIncomeRatio": 0.3073593074,
        "eps": 1.13,
        "epsdiluted": 1.12,
        "weightedAverageShsOut": 376580064,
        "weightedAverageShsOutDil": 381559390,
        "link": "https://www.sec.gov/Archives/edgar/data/1492633/000156459013000142/0001564590-13-000142-index.htm",
        "finalLink": "https://www.sec.gov/Archives/edgar/data/1492633/000156459013000142/NielsenHoldingsMaster.htm"
    },
    {
        "date": "2013-03-31",
        "symbol": "NLSN",
        "reportedCurrency": "USD",
        "cik": "0001492633",
        "fillingDate": "2013-04-25",
        "acceptedDate": "2013-04-25 07:08:46",
        "calendarYear": "2013",
        "period": "Q1",
        "revenue": 1376000000,
        "costOfRevenue": 593000000,
        "grossProfit": 783000000,
        "grossProfitRatio": 0.5690406977,
        "researchAndDevelopmentExpenses": 0,
        "generalAndAdministrativeExpenses": 451000000,
        "sellingAndMarketingExpenses": 126000000,
        "sellingGeneralAndAdministrativeExpenses": 577000000,
        "otherExpenses": 0,
        "operatingExpenses": 577000000,
        "costAndExpenses": 1170000000,
        "interestIncome": 1000000,
        "interestExpense": 83000000,
        "depreciationAndAmortization": 128000000,
        "ebitda": 273000000,
        "ebitdaratio": 0.1984011628,
        "operatingIncome": 171000000,
        "operatingIncomeRatio": 0.1242732558,
        "totalOtherIncomeExpensesNet": -106000000,
        "incomeBeforeTax": 65000000,
        "incomeBeforeTaxRatio": 0.0472383721,
        "incomeTaxExpense": 27000000,
        "netIncome": 35000000,
        "netIncomeRatio": 0.0254360465,
        "eps": 0.0944,
        "epsdiluted": 0.0932,
        "weightedAverageShsOut": 370583217,
        "weightedAverageShsOutDil": 375557021,
        "link": "https://www.sec.gov/Archives/edgar/data/1492633/000119312513172002/0001193125-13-172002-index.htm",
        "finalLink": "https://www.sec.gov/Archives/edgar/data/1492633/000119312513172002/d513716d10q.htm"
    },
    {
        "date": "2012-12-31",
        "symbol": "NLSN",
        "reportedCurrency": "USD",
        "cik": "0001492633",
        "fillingDate": "2013-02-22",
        "acceptedDate": "2013-02-22 07:09:14",
        "calendarYear": "2012",
        "period": "Q4",
        "revenue": 1464000000,
        "costOfRevenue": 584000000,
        "grossProfit": 880000000,
        "grossProfitRatio": 0.6010928962,
        "researchAndDevelopmentExpenses": 0,
        "generalAndAdministrativeExpenses": 440000000,
        "sellingAndMarketingExpenses": 132000000,
        "sellingGeneralAndAdministrativeExpenses": 572000000,
        "otherExpenses": 0,
        "operatingExpenses": 572000000,
        "costAndExpenses": 1156000000,
        "interestIncome": 1000000,
        "interestExpense": 94000000,
        "depreciationAndAmortization": 132000000,
        "ebitda": 291000000,
        "ebitdaratio": 0.1987704918,
        "operatingIncome": 280000000,
        "operatingIncomeRatio": 0.1912568306,
        "totalOtherIncomeExpensesNet": -219000000,
        "incomeBeforeTax": 61000000,
        "incomeBeforeTaxRatio": 0.0416666667,
        "incomeTaxExpense": 26000000,
        "netIncome": 39000000,
        "netIncomeRatio": 0.0266393443,
        "eps": 0.11,
        "epsdiluted": 0.11,
        "weightedAverageShsOut": 362712063,
        "weightedAverageShsOutDil": 366973945,
        "link": "https://www.sec.gov/Archives/edgar/data/1492633/000119312513070319/0001193125-13-070319-index.htm",
        "finalLink": "https://www.sec.gov/Archives/edgar/data/1492633/000119312513070319/d446881d10k.htm"
    },
    {
        "date": "2012-09-30",
        "symbol": "NLSN",
        "reportedCurrency": "USD",
        "cik": "0001492633",
        "fillingDate": "2012-10-22",
        "acceptedDate": "2012-10-22 06:57:46",
        "calendarYear": "2012",
        "period": "Q3",
        "revenue": 1423000000,
        "costOfRevenue": 565000000,
        "grossProfit": 858000000,
        "grossProfitRatio": 0.6029515109,
        "researchAndDevelopmentExpenses": 0,
        "generalAndAdministrativeExpenses": 444000000,
        "sellingAndMarketingExpenses": 130000000,
        "sellingGeneralAndAdministrativeExpenses": 574000000,
        "otherExpenses": 0,
        "operatingExpenses": 574000000,
        "costAndExpenses": 1139000000,
        "interestIncome": 1000000,
        "interestExpense": 106000000,
        "depreciationAndAmortization": 130000000,
        "ebitda": 410000000,
        "ebitdaratio": 0.2881236824,
        "operatingIncome": 281000000,
        "operatingIncomeRatio": 0.1974701335,
        "totalOtherIncomeExpensesNet": -105000000,
        "incomeBeforeTax": 176000000,
        "incomeBeforeTaxRatio": 0.1236823612,
        "incomeTaxExpense": 69000000,
        "netIncome": 105000000,
        "netIncomeRatio": 0.0737877723,
        "eps": 0.29,
        "epsdiluted": 0.29,
        "weightedAverageShsOut": 362016373,
        "weightedAverageShsOutDil": 366221520,
        "link": "https://www.sec.gov/Archives/edgar/data/1492633/000119312512429318/0001193125-12-429318-index.htm",
        "finalLink": "https://www.sec.gov/Archives/edgar/data/1492633/000119312512429318/d414630d10q.htm"
    },
    {
        "date": "2012-06-30",
        "symbol": "NLSN",
        "reportedCurrency": "USD",
        "cik": "0001492633",
        "fillingDate": "2012-07-25",
        "acceptedDate": "2012-07-25 06:49:36",
        "calendarYear": "2012",
        "period": "Q2",
        "revenue": 1385000000,
        "costOfRevenue": 564000000,
        "grossProfit": 821000000,
        "grossProfitRatio": 0.5927797834,
        "researchAndDevelopmentExpenses": 0,
        "generalAndAdministrativeExpenses": 441000000,
        "sellingAndMarketingExpenses": 127000000,
        "sellingGeneralAndAdministrativeExpenses": 568000000,
        "otherExpenses": 0,
        "operatingExpenses": 568000000,
        "costAndExpenses": 1132000000,
        "interestIncome": 1000000,
        "interestExpense": 107000000,
        "depreciationAndAmortization": 127000000,
        "ebitda": 376000000,
        "ebitdaratio": 0.2714801444,
        "operatingIncome": 237000000,
        "operatingIncomeRatio": 0.1711191336,
        "totalOtherIncomeExpensesNet": -100000000,
        "incomeBeforeTax": 137000000,
        "incomeBeforeTaxRatio": 0.0989169675,
        "incomeTaxExpense": 38000000,
        "netIncome": 104000000,
        "netIncomeRatio": 0.0750902527,
        "eps": 0.29,
        "epsdiluted": 0.28,
        "weightedAverageShsOut": 361528675,
        "weightedAverageShsOutDil": 365875719,
        "link": "https://www.sec.gov/Archives/edgar/data/1492633/000119312512313319/0001193125-12-313319-index.htm",
        "finalLink": "https://www.sec.gov/Archives/edgar/data/1492633/000119312512313319/d343545d10q.htm"
    },
    {
        "date": "2012-03-31",
        "symbol": "NLSN",
        "reportedCurrency": "USD",
        "cik": "0001492633",
        "fillingDate": "2012-04-25",
        "acceptedDate": "2012-04-25 06:15:31",
        "calendarYear": "2012",
        "period": "Q1",
        "revenue": 1340000000,
        "costOfRevenue": 565000000,
        "grossProfit": 775000000,
        "grossProfitRatio": 0.578358209,
        "researchAndDevelopmentExpenses": 0,
        "generalAndAdministrativeExpenses": 453000000,
        "sellingAndMarketingExpenses": 131000000,
        "sellingGeneralAndAdministrativeExpenses": 584000000,
        "otherExpenses": 0,
        "operatingExpenses": 584000000,
        "costAndExpenses": 1149000000,
        "interestIncome": 1000000,
        "interestExpense": 106000000,
        "depreciationAndAmortization": 131000000,
        "ebitda": 269000000,
        "ebitdaratio": 0.2007462687,
        "operatingIncome": 154000000,
        "operatingIncomeRatio": 0.1149253731,
        "totalOtherIncomeExpensesNet": -120000000,
        "incomeBeforeTax": 34000000,
        "incomeBeforeTaxRatio": 0.0253731343,
        "incomeTaxExpense": 7000000,
        "netIncome": 25000000,
        "netIncomeRatio": 0.0186567164,
        "eps": 0.0693,
        "epsdiluted": 0.0684,
        "weightedAverageShsOut": 360881693,
        "weightedAverageShsOutDil": 365721058,
        "link": "https://www.sec.gov/Archives/edgar/data/1492633/000119312512180183/0001193125-12-180183-index.htm",
        "finalLink": "https://www.sec.gov/Archives/edgar/data/1492633/000119312512180183/d326778d10q.htm"
    },
    {
        "date": "2011-12-31",
        "symbol": "NLSN",
        "reportedCurrency": "USD",
        "cik": "0001492633",
        "fillingDate": "2012-02-22",
        "acceptedDate": "2012-02-22 15:57:38",
        "calendarYear": "2011",
        "period": "Q4",
        "revenue": 1421000000,
        "costOfRevenue": 564000000,
        "grossProfit": 857000000,
        "grossProfitRatio": 0.603096411,
        "researchAndDevelopmentExpenses": 0,
        "generalAndAdministrativeExpenses": 435000000,
        "sellingAndMarketingExpenses": 133000000,
        "sellingGeneralAndAdministrativeExpenses": 568000000,
        "otherExpenses": 0,
        "operatingExpenses": 568000000,
        "costAndExpenses": 1132000000,
        "interestIncome": 1000000,
        "interestExpense": 109000000,
        "depreciationAndAmortization": 133000000,
        "ebitda": 410000000,
        "ebitdaratio": 0.2885292048,
        "operatingIncome": 260000000,
        "operatingIncomeRatio": 0.1829697396,
        "totalOtherIncomeExpensesNet": -98000000,
        "incomeBeforeTax": 162000000,
        "incomeBeforeTaxRatio": 0.1140042224,
        "incomeTaxExpense": 73000000,
        "netIncome": 95000000,
        "netIncomeRatio": 0.0668543279,
        "eps": 0.26,
        "epsdiluted": 0.26,
        "weightedAverageShsOut": 360881693,
        "weightedAverageShsOutDil": 360881693,
        "link": "https://www.sec.gov/Archives/edgar/data/1492633/000119312512072683/0001193125-12-072683-index.htm",
        "finalLink": "https://www.sec.gov/Archives/edgar/data/1492633/000119312512072683/d262594d10k.htm"
    },
    {
        "date": "2011-09-30",
        "symbol": "NLSN",
        "reportedCurrency": "USD",
        "cik": "0001492633",
        "fillingDate": "2011-10-27",
        "acceptedDate": "2011-10-27 09:38:30",
        "calendarYear": "2011",
        "period": "Q3",
        "revenue": 1413000000,
        "costOfRevenue": 554000000,
        "grossProfit": 859000000,
        "grossProfitRatio": 0.6079263977,
        "researchAndDevelopmentExpenses": 0,
        "generalAndAdministrativeExpenses": 460000000,
        "sellingAndMarketingExpenses": 125000000,
        "sellingGeneralAndAdministrativeExpenses": 585000000,
        "otherExpenses": 0,
        "operatingExpenses": 585000000,
        "costAndExpenses": 1139000000,
        "interestIncome": 2000000,
        "interestExpense": 114000000,
        "depreciationAndAmortization": 125000000,
        "ebitda": 385000000,
        "ebitdaratio": 0.2724699222,
        "operatingIncome": 265000000,
        "operatingIncomeRatio": 0.1875442321,
        "totalOtherIncomeExpensesNet": -116000000,
        "incomeBeforeTax": 149000000,
        "incomeBeforeTaxRatio": 0.1054493984,
        "incomeTaxExpense": 44000000,
        "netIncome": 102000000,
        "netIncomeRatio": 0.0721868365,
        "eps": 0.28,
        "epsdiluted": 0.28,
        "weightedAverageShsOut": 359381233,
        "weightedAverageShsOutDil": 364471804,
        "link": "https://www.sec.gov/Archives/edgar/data/1492633/000119312511283333/0001193125-11-283333-index.htm",
        "finalLink": "https://www.sec.gov/Archives/edgar/data/1492633/000119312511283333/d231477d10q.htm"
    },
    {
        "date": "2011-06-30",
        "symbol": "NLSN",
        "reportedCurrency": "USD",
        "cik": "0001492633",
        "fillingDate": "2011-07-28",
        "acceptedDate": "2011-07-28 07:42:05",
        "calendarYear": "2011",
        "period": "Q2",
        "revenue": 1396000000,
        "costOfRevenue": 570000000,
        "grossProfit": 826000000,
        "grossProfitRatio": 0.5916905444,
        "researchAndDevelopmentExpenses": 0,
        "generalAndAdministrativeExpenses": 450000000,
        "sellingAndMarketingExpenses": 135000000,
        "sellingGeneralAndAdministrativeExpenses": 585000000,
        "otherExpenses": 0,
        "operatingExpenses": 585000000,
        "costAndExpenses": 1155000000,
        "interestIncome": 2000000,
        "interestExpense": 114000000,
        "depreciationAndAmortization": 135000000,
        "ebitda": 357000000,
        "ebitdaratio": 0.255730659,
        "operatingIncome": 218000000,
        "operatingIncomeRatio": 0.1561604585,
        "totalOtherIncomeExpensesNet": -113000000,
        "incomeBeforeTax": 105000000,
        "incomeBeforeTaxRatio": 0.0752148997,
        "incomeTaxExpense": 39000000,
        "netIncome": 69000000,
        "netIncomeRatio": 0.0494269341,
        "eps": 0.19,
        "epsdiluted": 0.19,
        "weightedAverageShsOut": 358792103,
        "weightedAverageShsOutDil": 364203419,
        "link": "https://www.sec.gov/Archives/edgar/data/1492633/000119312511199866/0001193125-11-199866-index.htm",
        "finalLink": "https://www.sec.gov/Archives/edgar/data/1492633/000119312511199866/d10q.htm"
    },
    {
        "date": "2011-03-31",
        "symbol": "NLSN",
        "reportedCurrency": "USD",
        "cik": "0001492633",
        "fillingDate": "2011-04-28",
        "acceptedDate": "2011-04-28 09:28:04",
        "calendarYear": "2011",
        "period": "Q1",
        "revenue": 1302000000,
        "costOfRevenue": 549000000,
        "grossProfit": 753000000,
        "grossProfitRatio": 0.5783410138,
        "researchAndDevelopmentExpenses": 0,
        "generalAndAdministrativeExpenses": 543000000,
        "sellingAndMarketingExpenses": 136000000,
        "sellingGeneralAndAdministrativeExpenses": 679000000,
        "otherExpenses": 0,
        "operatingExpenses": 679000000,
        "costAndExpenses": 1228000000,
        "interestIncome": 1000000,
        "interestExpense": 140000000,
        "depreciationAndAmortization": 136000000,
        "ebitda": -40000000,
        "ebitdaratio": -0.0307219662,
        "operatingIncome": 51000000,
        "operatingIncomeRatio": 0.0391705069,
        "totalOtherIncomeExpensesNet": -363000000,
        "incomeBeforeTax": -312000000,
        "incomeBeforeTaxRatio": -0.2396313364,
        "incomeTaxExpense": -134000000,
        "netIncome": -182000000,
        "netIncomeRatio": -0.1397849462,
        "eps": -0.55,
        "epsdiluted": -0.55,
        "weightedAverageShsOut": 331248626,
        "weightedAverageShsOutDil": 331248626,
        "link": "https://www.sec.gov/Archives/edgar/data/1492633/000119312511113696/0001193125-11-113696-index.htm",
        "finalLink": "https://www.sec.gov/Archives/edgar/data/1492633/000119312511113696/d10q.htm"
    },
    {
        "date": "2010-12-31",
        "symbol": "NLSN",
        "reportedCurrency": "USD",
        "cik": "0001492633",
        "fillingDate": "2011-03-01",
        "acceptedDate": "2011-03-01 10:00:49",
        "calendarYear": "2010",
        "period": "Q4",
        "revenue": 1371000000,
        "costOfRevenue": 560000000,
        "grossProfit": 811000000,
        "grossProfitRatio": 0.5915390226,
        "researchAndDevelopmentExpenses": 0,
        "generalAndAdministrativeExpenses": 0,
        "sellingAndMarketingExpenses": 0,
        "sellingGeneralAndAdministrativeExpenses": 568000000,
        "otherExpenses": 0,
        "operatingExpenses": 568000000,
        "costAndExpenses": 1128000000,
        "interestIncome": 2000000,
        "interestExpense": 169000000,
        "depreciationAndAmortization": 139000000,
        "ebitda": 251000000,
        "ebitdaratio": 0.1830780452,
        "operatingIncome": 215000000,
        "operatingIncomeRatio": 0.1568198395,
        "totalOtherIncomeExpensesNet": -272000000,
        "incomeBeforeTax": -57000000,
        "incomeBeforeTaxRatio": -0.0415754923,
        "incomeTaxExpense": -60000000,
        "netIncome": 3000000,
        "netIncomeRatio": 0.0021881838,
        "eps": 0.0108,
        "epsdiluted": 0.0108,
        "weightedAverageShsOut": 276651344,
        "weightedAverageShsOutDil": 276651344,
        "link": "https://www.sec.gov/Archives/edgar/data/1492633/000119312511051229/0001193125-11-051229-index.htm",
        "finalLink": "https://www.sec.gov/Archives/edgar/data/1492633/000119312511051229/d10k.htm"
    },
    {
        "date": "2010-09-30",
        "symbol": "NLSN",
        "reportedCurrency": "USD",
        "cik": "0001492633",
        "fillingDate": "2010-09-30",
        "acceptedDate": "2010-09-29 20:00:00",
        "calendarYear": "2010",
        "period": "Q3",
        "revenue": 1289000000,
        "costOfRevenue": 521000000,
        "grossProfit": 768000000,
        "grossProfitRatio": 0.595810706,
        "researchAndDevelopmentExpenses": 0,
        "generalAndAdministrativeExpenses": 0,
        "sellingAndMarketingExpenses": 0,
        "sellingGeneralAndAdministrativeExpenses": 556000000,
        "otherExpenses": 0,
        "operatingExpenses": 556000000,
        "costAndExpenses": 1077000000,
        "interestIncome": 1000000,
        "interestExpense": 169000000,
        "depreciationAndAmortization": 142000000,
        "ebitda": 324000000,
        "ebitdaratio": 0.2513576416,
        "operatingIncome": 201000000,
        "operatingIncomeRatio": 0.1559348332,
        "totalOtherIncomeExpensesNet": -178000000,
        "incomeBeforeTax": 23000000,
        "incomeBeforeTaxRatio": 0.0178432894,
        "incomeTaxExpense": 2000000,
        "netIncome": 11000000,
        "netIncomeRatio": 0.0085337471,
        "eps": 0.0398,
        "epsdiluted": 0.0393,
        "weightedAverageShsOut": 276651344,
        "weightedAverageShsOutDil": 280176824,
        "link": "",
        "finalLink": ""
    },
    {
        "date": "2010-06-30",
        "symbol": "NLSN",
        "reportedCurrency": "USD",
        "cik": "0001492633",
        "fillingDate": "2010-06-30",
        "acceptedDate": "2010-06-29 20:00:00",
        "calendarYear": "2010",
        "period": "Q2",
        "revenue": 1270000000,
        "costOfRevenue": 528000000,
        "grossProfit": 742000000,
        "grossProfitRatio": 0.5842519685,
        "researchAndDevelopmentExpenses": 0,
        "generalAndAdministrativeExpenses": 0,
        "sellingAndMarketingExpenses": 0,
        "sellingGeneralAndAdministrativeExpenses": 541000000,
        "otherExpenses": 0,
        "operatingExpenses": 541000000,
        "costAndExpenses": 1069000000,
        "interestIncome": 1000000,
        "interestExpense": 160000000,
        "depreciationAndAmortization": 136000000,
        "ebitda": 383000000,
        "ebitdaratio": 0.3015748031,
        "operatingIncome": 182000000,
        "operatingIncomeRatio": 0.1433070866,
        "totalOtherIncomeExpensesNet": -94000000,
        "incomeBeforeTax": 88000000,
        "incomeBeforeTaxRatio": 0.0692913386,
        "incomeTaxExpense": 13000000,
        "netIncome": 74000000,
        "netIncomeRatio": 0.0582677165,
        "eps": 0.27,
        "epsdiluted": 0.26,
        "weightedAverageShsOut": 276748497,
        "weightedAverageShsOutDil": 279585358,
        "link": "",
        "finalLink": ""
    },
    {
        "date": "2010-03-31",
        "symbol": "NLSN",
        "reportedCurrency": "USD",
        "cik": "0001492633",
        "fillingDate": "2010-03-31",
        "acceptedDate": "2010-03-30 20:00:00",
        "calendarYear": "2010",
        "period": "Q1",
        "revenue": 1196000000,
        "costOfRevenue": 520000000,
        "grossProfit": 676000000,
        "grossProfitRatio": 0.5652173913,
        "researchAndDevelopmentExpenses": 0,
        "generalAndAdministrativeExpenses": 0,
        "sellingAndMarketingExpenses": 0,
        "sellingGeneralAndAdministrativeExpenses": 541000000,
        "otherExpenses": 0,
        "operatingExpenses": 541000000,
        "costAndExpenses": 1061000000,
        "interestIncome": 1000000,
        "interestExpense": 162000000,
        "depreciationAndAmortization": 141000000,
        "ebitda": 344000000,
        "ebitdaratio": 0.2876254181,
        "operatingIncome": 132000000,
        "operatingIncomeRatio": 0.110367893,
        "totalOtherIncomeExpensesNet": -83000000,
        "incomeBeforeTax": 49000000,
        "incomeBeforeTaxRatio": 0.0409698997,
        "incomeTaxExpense": -1000000,
        "netIncome": 42000000,
        "netIncomeRatio": 0.0351170569,
        "eps": 0.15,
        "epsdiluted": 0.15,
        "weightedAverageShsOut": 276545786,
        "weightedAverageShsOutDil": 280379828,
        "link": "",
        "finalLink": ""
    },
    {
        "date": "2009-12-31",
        "symbol": "NLSN",
        "reportedCurrency": "USD",
        "cik": "0001492633",
        "fillingDate": "2009-12-31",
        "acceptedDate": "2009-12-30 19:00:00",
        "calendarYear": "2009",
        "period": "Q4",
        "revenue": 1297000000,
        "costOfRevenue": 539000000,
        "grossProfit": 758000000,
        "grossProfitRatio": 0.5844255975,
        "researchAndDevelopmentExpenses": 0,
        "generalAndAdministrativeExpenses": 0,
        "sellingAndMarketingExpenses": 0,
        "sellingGeneralAndAdministrativeExpenses": 544000000,
        "otherExpenses": 0,
        "operatingExpenses": 544000000,
        "costAndExpenses": 1083000000,
        "interestIncome": 1000000,
        "interestExpense": 164000000,
        "depreciationAndAmortization": 148000000,
        "ebitda": 283000000,
        "ebitdaratio": 0.2181958365,
        "operatingIncome": 158000000,
        "operatingIncomeRatio": 0.1218195837,
        "totalOtherIncomeExpensesNet": -187000000,
        "incomeBeforeTax": -29000000,
        "incomeBeforeTaxRatio": -0.0223592907,
        "incomeTaxExpense": -73000000,
        "netIncome": 44000000,
        "netIncomeRatio": 0.033924441,
        "eps": 0.16,
        "epsdiluted": 0.16,
        "weightedAverageShsOut": 276545786,
        "weightedAverageShsOutDil": 276545786,
        "link": "",
        "finalLink": ""
    },
    {
        "date": "2009-09-30",
        "symbol": "NLSN",
        "reportedCurrency": "USD",
        "cik": "0001492633",
        "fillingDate": "2009-09-30",
        "acceptedDate": "2009-09-29 20:00:00",
        "calendarYear": "2009",
        "period": "Q3",
        "revenue": 1227000000,
        "costOfRevenue": 521000000,
        "grossProfit": 706000000,
        "grossProfitRatio": 0.5753871231,
        "researchAndDevelopmentExpenses": 0,
        "generalAndAdministrativeExpenses": 0,
        "sellingAndMarketingExpenses": 0,
        "sellingGeneralAndAdministrativeExpenses": 508000000,
        "otherExpenses": 0,
        "operatingExpenses": 508000000,
        "costAndExpenses": 1029000000,
        "interestIncome": 2000000,
        "interestExpense": 168000000,
        "depreciationAndAmortization": 145000000,
        "ebitda": -313000000,
        "ebitdaratio": -0.2550937245,
        "operatingIncome": -326000000,
        "operatingIncomeRatio": -0.2656886716,
        "totalOtherIncomeExpensesNet": -208000000,
        "incomeBeforeTax": -534000000,
        "incomeBeforeTaxRatio": -0.435207824,
        "incomeTaxExpense": -99000000,
        "netIncome": -527000000,
        "netIncomeRatio": -0.4295028525,
        "eps": -1.91,
        "epsdiluted": -1.91,
        "weightedAverageShsOut": 276545786,
        "weightedAverageShsOutDil": 276545786,
        "link": "",
        "finalLink": ""
    },
    {
        "date": "2009-06-30",
        "symbol": "NLSN",
        "reportedCurrency": "USD",
        "cik": "0001492633",
        "fillingDate": "2009-06-30",
        "acceptedDate": "2009-06-29 20:00:00",
        "calendarYear": "2009",
        "period": "Q2",
        "revenue": 1182000000,
        "costOfRevenue": 484000000,
        "grossProfit": 698000000,
        "grossProfitRatio": 0.5905245347,
        "researchAndDevelopmentExpenses": 0,
        "generalAndAdministrativeExpenses": 0,
        "sellingAndMarketingExpenses": 0,
        "sellingGeneralAndAdministrativeExpenses": 522000000,
        "otherExpenses": 0,
        "operatingExpenses": 522000000,
        "costAndExpenses": 1006000000,
        "interestIncome": 2000000,
        "interestExpense": 151000000,
        "depreciationAndAmortization": 137000000,
        "ebitda": 253000000,
        "ebitdaratio": 0.2140439932,
        "operatingIncome": 172000000,
        "operatingIncomeRatio": 0.1455160745,
        "totalOtherIncomeExpensesNet": -216000000,
        "incomeBeforeTax": -44000000,
        "incomeBeforeTaxRatio": -0.0372250423,
        "incomeTaxExpense": -25000000,
        "netIncome": -10000000,
        "netIncomeRatio": -0.0084602369,
        "eps": -0.0362,
        "epsdiluted": -0.0362,
        "weightedAverageShsOut": 276545786,
        "weightedAverageShsOutDil": 276545786,
        "link": "",
        "finalLink": ""
    },
    {
        "date": "2009-03-31",
        "symbol": "NLSN",
        "reportedCurrency": "USD",
        "cik": "0001492633",
        "fillingDate": "2009-03-31",
        "acceptedDate": "2009-03-30 20:00:00",
        "calendarYear": "2009",
        "period": "Q1",
        "revenue": 1102000000,
        "costOfRevenue": 479000000,
        "grossProfit": 623000000,
        "grossProfitRatio": 0.5653357532,
        "researchAndDevelopmentExpenses": 0,
        "generalAndAdministrativeExpenses": 0,
        "sellingAndMarketingExpenses": 0,
        "sellingGeneralAndAdministrativeExpenses": 506000000,
        "otherExpenses": 0,
        "operatingExpenses": 506000000,
        "costAndExpenses": 985000000,
        "interestIncome": 2000000,
        "interestExpense": 164000000,
        "depreciationAndAmortization": 132000000,
        "ebitda": 298000000,
        "ebitdaratio": 0.2704174229,
        "operatingIncome": 112000000,
        "operatingIncomeRatio": 0.1016333938,
        "totalOtherIncomeExpensesNet": -108000000,
        "incomeBeforeTax": 4000000,
        "incomeBeforeTaxRatio": 0.0036297641,
        "incomeTaxExpense": 56000000,
        "netIncome": 2000000,
        "netIncomeRatio": 0.001814882,
        "eps": 0.0072,
        "epsdiluted": 0.0071,
        "weightedAverageShsOut": 276545786,
        "weightedAverageShsOutDil": 280379828,
        "link": "",
        "finalLink": ""
    }
]