[
    {
        "date": "2025-09-30",
        "symbol": "NOV",
        "reportedCurrency": "USD",
        "cik": "0001021860",
        "fillingDate": "2025-10-27",
        "acceptedDate": "2025-10-26 20:00:00",
        "calendarYear": "2025",
        "period": "Q3",
        "revenue": 2176000000,
        "costOfRevenue": 1764000000,
        "grossProfit": 412000000,
        "grossProfitRatio": 0.1893382353,
        "researchAndDevelopmentExpenses": 0,
        "generalAndAdministrativeExpenses": 0,
        "sellingAndMarketingExpenses": 0,
        "sellingGeneralAndAdministrativeExpenses": 305000000,
        "otherExpenses": 0,
        "operatingExpenses": 305000000,
        "costAndExpenses": 2069000000,
        "interestIncome": 11000000,
        "interestExpense": 22000000,
        "depreciationAndAmortization": 89000000,
        "ebitda": 184000000,
        "ebitdaratio": 0.0845588235,
        "operatingIncome": 107000000,
        "operatingIncomeRatio": 0.0491727941,
        "totalOtherIncomeExpensesNet": -34000000,
        "incomeBeforeTax": 73000000,
        "incomeBeforeTaxRatio": 0.0335477941,
        "incomeTaxExpense": 29000000,
        "netIncome": 42000000,
        "netIncomeRatio": 0.0193014706,
        "eps": 0.11,
        "epsdiluted": 0.11,
        "weightedAverageShsOut": 370000000,
        "weightedAverageShsOutDil": 371000000,
        "link": "",
        "finalLink": ""
    },
    {
        "date": "2025-06-30",
        "symbol": "NOV",
        "reportedCurrency": "USD",
        "cik": "0001021860",
        "fillingDate": "2025-07-29",
        "acceptedDate": "2025-07-29 12:59:30",
        "calendarYear": "2025",
        "period": "Q2",
        "revenue": 2188000000,
        "costOfRevenue": 1609000000,
        "grossProfit": 579000000,
        "grossProfitRatio": 0.2646252285,
        "researchAndDevelopmentExpenses": 0,
        "generalAndAdministrativeExpenses": 0,
        "sellingAndMarketingExpenses": 0,
        "sellingGeneralAndAdministrativeExpenses": 299000000,
        "otherExpenses": 0,
        "operatingExpenses": 299000000,
        "costAndExpenses": 1908000000,
        "interestIncome": 10000000,
        "interestExpense": 22000000,
        "depreciationAndAmortization": 89000000,
        "ebitda": 226000000,
        "ebitdaratio": 0.1032906764,
        "operatingIncome": 280000000,
        "operatingIncomeRatio": 0.1279707495,
        "totalOtherIncomeExpensesNet": -165000000,
        "incomeBeforeTax": 115000000,
        "incomeBeforeTaxRatio": 0.052559415,
        "incomeTaxExpense": 1000000,
        "netIncome": 108000000,
        "netIncomeRatio": 0.0493601463,
        "eps": 0.29,
        "epsdiluted": 0.29,
        "weightedAverageShsOut": 375000000,
        "weightedAverageShsOutDil": 376000000,
        "link": "https://www.sec.gov/Archives/edgar/data/1021860/000095017025099476/0000950170-25-099476-index.htm",
        "finalLink": "https://www.sec.gov/Archives/edgar/data/1021860/000095017025099476/nov-20250630.htm"
    },
    {
        "date": "2025-03-31",
        "symbol": "NOV",
        "reportedCurrency": "USD",
        "cik": "0001021860",
        "fillingDate": "2025-04-29",
        "acceptedDate": "2025-04-29 13:25:44",
        "calendarYear": "2025",
        "period": "Q1",
        "revenue": 2101000000,
        "costOfRevenue": 1645000000,
        "grossProfit": 456000000,
        "grossProfitRatio": 0.217039505,
        "researchAndDevelopmentExpenses": 0,
        "generalAndAdministrativeExpenses": 0,
        "sellingAndMarketingExpenses": 0,
        "sellingGeneralAndAdministrativeExpenses": 286000000,
        "otherExpenses": 0,
        "operatingExpenses": 286000000,
        "costAndExpenses": 1931000000,
        "interestIncome": 11000000,
        "interestExpense": 22000000,
        "depreciationAndAmortization": 89000000,
        "ebitda": 232000000,
        "ebitdaratio": 0.1104236078,
        "operatingIncome": 170000000,
        "operatingIncomeRatio": 0.0809138505,
        "totalOtherIncomeExpensesNet": -49000000,
        "incomeBeforeTax": 121000000,
        "incomeBeforeTaxRatio": 0.057591623,
        "incomeTaxExpense": 47000000,
        "netIncome": 73000000,
        "netIncomeRatio": 0.0347453594,
        "eps": 0.19,
        "epsdiluted": 0.19,
        "weightedAverageShsOut": 381000000,
        "weightedAverageShsOutDil": 383000000,
        "link": "https://www.sec.gov/Archives/edgar/data/1021860/000095017025059817/0000950170-25-059817-index.htm",
        "finalLink": "https://www.sec.gov/Archives/edgar/data/1021860/000095017025059817/nov-20250331.htm"
    },
    {
        "date": "2024-12-31",
        "symbol": "NOV",
        "reportedCurrency": "USD",
        "cik": "0001021860",
        "fillingDate": "2025-02-14",
        "acceptedDate": "2025-02-14 15:04:12",
        "calendarYear": "2024",
        "period": "Q4",
        "revenue": 2304000000,
        "costOfRevenue": 1819000000,
        "grossProfit": 485000000,
        "grossProfitRatio": 0.2105034722,
        "researchAndDevelopmentExpenses": 0,
        "generalAndAdministrativeExpenses": 0,
        "sellingAndMarketingExpenses": 0,
        "sellingGeneralAndAdministrativeExpenses": 286000000,
        "otherExpenses": 0,
        "operatingExpenses": 286000000,
        "costAndExpenses": 2105000000,
        "interestIncome": 11000000,
        "interestExpense": 24000000,
        "depreciationAndAmortization": 88000000,
        "ebitda": 311000000,
        "ebitdaratio": 0.1349826389,
        "operatingIncome": 199000000,
        "operatingIncomeRatio": 0.0863715278,
        "totalOtherIncomeExpensesNet": 0,
        "incomeBeforeTax": 199000000,
        "incomeBeforeTaxRatio": 0.0863715278,
        "incomeTaxExpense": 38000000,
        "netIncome": 160000000,
        "netIncomeRatio": 0.0694444444,
        "eps": 0.41,
        "epsdiluted": 0.41,
        "weightedAverageShsOut": 388000000,
        "weightedAverageShsOutDil": 390000000,
        "link": "https://www.sec.gov/Archives/edgar/data/1021860/000095017025021042/0000950170-25-021042-index.htm",
        "finalLink": "https://www.sec.gov/Archives/edgar/data/1021860/000095017025021042/nov-20241231.htm"
    },
    {
        "date": "2024-09-30",
        "symbol": "NOV",
        "reportedCurrency": "USD",
        "cik": "0001021860",
        "fillingDate": "2024-10-25",
        "acceptedDate": "2024-10-25 13:07:34",
        "calendarYear": "2024",
        "period": "Q3",
        "revenue": 2191000000,
        "costOfRevenue": 1721000000,
        "grossProfit": 470000000,
        "grossProfitRatio": 0.2145139206,
        "researchAndDevelopmentExpenses": 0,
        "generalAndAdministrativeExpenses": 0,
        "sellingAndMarketingExpenses": 0,
        "sellingGeneralAndAdministrativeExpenses": 275000000,
        "otherExpenses": 0,
        "operatingExpenses": 275000000,
        "costAndExpenses": 1996000000,
        "interestIncome": 11000000,
        "interestExpense": 21000000,
        "depreciationAndAmortization": 86000000,
        "ebitda": 281000000,
        "ebitdaratio": 0.1282519398,
        "operatingIncome": 195000000,
        "operatingIncomeRatio": 0.0890004564,
        "totalOtherIncomeExpensesNet": -21000000,
        "incomeBeforeTax": 174000000,
        "incomeBeforeTaxRatio": 0.0794157919,
        "incomeTaxExpense": 44000000,
        "netIncome": 130000000,
        "netIncomeRatio": 0.0593336376,
        "eps": 0.33,
        "epsdiluted": 0.33,
        "weightedAverageShsOut": 392000000,
        "weightedAverageShsOutDil": 395000000,
        "link": "https://www.sec.gov/Archives/edgar/data/1021860/000095017024117316/0000950170-24-117316-index.htm",
        "finalLink": "https://www.sec.gov/Archives/edgar/data/1021860/000095017024117316/nov-20240930.htm"
    },
    {
        "date": "2024-06-30",
        "symbol": "NOV",
        "reportedCurrency": "USD",
        "cik": "0001021860",
        "fillingDate": "2024-07-29",
        "acceptedDate": "2024-07-29 12:14:24",
        "calendarYear": "2024",
        "period": "Q2",
        "revenue": 2216000000,
        "costOfRevenue": 1495000000,
        "grossProfit": 721000000,
        "grossProfitRatio": 0.3253610108,
        "researchAndDevelopmentExpenses": 0,
        "generalAndAdministrativeExpenses": 0,
        "sellingAndMarketingExpenses": 0,
        "sellingGeneralAndAdministrativeExpenses": 277000000,
        "otherExpenses": 0,
        "operatingExpenses": 277000000,
        "costAndExpenses": 1772000000,
        "interestIncome": 8000000,
        "interestExpense": 22000000,
        "depreciationAndAmortization": 86000000,
        "ebitda": 401000000,
        "ebitdaratio": 0.1809566787,
        "operatingIncome": 444000000,
        "operatingIncomeRatio": 0.2003610108,
        "totalOtherIncomeExpensesNet": -151000000,
        "incomeBeforeTax": 293000000,
        "incomeBeforeTaxRatio": 0.1322202166,
        "incomeTaxExpense": 70000000,
        "netIncome": 226000000,
        "netIncomeRatio": 0.1019855596,
        "eps": 0.57,
        "epsdiluted": 0.57,
        "weightedAverageShsOut": 395000000,
        "weightedAverageShsOutDil": 397000000,
        "link": "https://www.sec.gov/Archives/edgar/data/1021860/000095017024087179/0000950170-24-087179-index.htm",
        "finalLink": "https://www.sec.gov/Archives/edgar/data/1021860/000095017024087179/nov-20240630.htm"
    },
    {
        "date": "2024-03-31",
        "symbol": "NOV",
        "reportedCurrency": "USD",
        "cik": "0001021860",
        "fillingDate": "2024-04-26",
        "acceptedDate": "2024-04-26 13:01:01",
        "calendarYear": "2024",
        "period": "Q1",
        "revenue": 2154000000,
        "costOfRevenue": 1696000000,
        "grossProfit": 458000000,
        "grossProfitRatio": 0.2126276695,
        "researchAndDevelopmentExpenses": 0,
        "generalAndAdministrativeExpenses": 0,
        "sellingAndMarketingExpenses": 0,
        "sellingGeneralAndAdministrativeExpenses": 296000000,
        "otherExpenses": 0,
        "operatingExpenses": 296000000,
        "costAndExpenses": 1992000000,
        "interestIncome": 8000000,
        "interestExpense": 24000000,
        "depreciationAndAmortization": 83000000,
        "ebitda": 272000000,
        "ebitdaratio": 0.1262766945,
        "operatingIncome": 162000000,
        "operatingIncomeRatio": 0.0752089136,
        "totalOtherIncomeExpensesNet": 3000000,
        "incomeBeforeTax": 165000000,
        "incomeBeforeTaxRatio": 0.0766016713,
        "incomeTaxExpense": 44000000,
        "netIncome": 119000000,
        "netIncomeRatio": 0.0552460539,
        "eps": 0.3,
        "epsdiluted": 0.3,
        "weightedAverageShsOut": 394000000,
        "weightedAverageShsOutDil": 397000000,
        "link": "https://www.sec.gov/Archives/edgar/data/1021860/000095017024048859/0000950170-24-048859-index.htm",
        "finalLink": "https://www.sec.gov/Archives/edgar/data/1021860/000095017024048859/nov-20240331.htm"
    },
    {
        "date": "2023-12-31",
        "symbol": "NOV",
        "reportedCurrency": "USD",
        "cik": "0001021860",
        "fillingDate": "2024-02-14",
        "acceptedDate": "2024-02-14 14:41:22",
        "calendarYear": "2023",
        "period": "Q4",
        "revenue": 2338000000,
        "costOfRevenue": 1847000000,
        "grossProfit": 491000000,
        "grossProfitRatio": 0.2100085543,
        "researchAndDevelopmentExpenses": 0,
        "generalAndAdministrativeExpenses": 0,
        "sellingAndMarketingExpenses": 0,
        "sellingGeneralAndAdministrativeExpenses": 336000000,
        "otherExpenses": 0,
        "operatingExpenses": 336000000,
        "costAndExpenses": 2183000000,
        "interestIncome": 7000000,
        "interestExpense": 23000000,
        "depreciationAndAmortization": 77000000,
        "ebitda": 235000000,
        "ebitdaratio": 0.1005132592,
        "operatingIncome": 155000000,
        "operatingIncomeRatio": 0.0662959795,
        "totalOtherIncomeExpensesNet": -20000000,
        "incomeBeforeTax": 135000000,
        "incomeBeforeTaxRatio": 0.0577416595,
        "incomeTaxExpense": -460000000,
        "netIncome": 598000000,
        "netIncomeRatio": 0.255774166,
        "eps": 1.52,
        "epsdiluted": 1.51,
        "weightedAverageShsOut": 393000000,
        "weightedAverageShsOutDil": 397000000,
        "link": "https://www.sec.gov/Archives/edgar/data/1021860/000095017024015145/0000950170-24-015145-index.htm",
        "finalLink": "https://www.sec.gov/Archives/edgar/data/1021860/000095017024015145/nov-20231231.htm"
    },
    {
        "date": "2023-09-30",
        "symbol": "NOV",
        "reportedCurrency": "USD",
        "cik": "0001021860",
        "fillingDate": "2023-10-27",
        "acceptedDate": "2023-10-27 12:42:23",
        "calendarYear": "2023",
        "period": "Q3",
        "revenue": 2184000000,
        "costOfRevenue": 1723000000,
        "grossProfit": 461000000,
        "grossProfitRatio": 0.2110805861,
        "researchAndDevelopmentExpenses": 0,
        "generalAndAdministrativeExpenses": 0,
        "sellingAndMarketingExpenses": 0,
        "sellingGeneralAndAdministrativeExpenses": 285000000,
        "otherExpenses": 0,
        "operatingExpenses": 285000000,
        "costAndExpenses": 2008000000,
        "interestIncome": 5000000,
        "interestExpense": 23000000,
        "depreciationAndAmortization": 77000000,
        "ebitda": 256000000,
        "ebitdaratio": 0.1172161172,
        "operatingIncome": 176000000,
        "operatingIncomeRatio": 0.0805860806,
        "totalOtherIncomeExpensesNet": -20000000,
        "incomeBeforeTax": 156000000,
        "incomeBeforeTaxRatio": 0.0714285714,
        "incomeTaxExpense": 48000000,
        "netIncome": 114000000,
        "netIncomeRatio": 0.0521978022,
        "eps": 0.29,
        "epsdiluted": 0.29,
        "weightedAverageShsOut": 393000000,
        "weightedAverageShsOutDil": 396000000,
        "link": "https://www.sec.gov/Archives/edgar/data/1021860/000095017023055867/0000950170-23-055867-index.htm",
        "finalLink": "https://www.sec.gov/Archives/edgar/data/1021860/000095017023055867/nov-20230930.htm"
    },
    {
        "date": "2023-06-30",
        "symbol": "NOV",
        "reportedCurrency": "USD",
        "cik": "0001021860",
        "fillingDate": "2023-07-27",
        "acceptedDate": "2023-07-27 17:01:26",
        "calendarYear": "2023",
        "period": "Q2",
        "revenue": 2089000000,
        "costOfRevenue": 1637000000,
        "grossProfit": 452000000,
        "grossProfitRatio": 0.2163714696,
        "researchAndDevelopmentExpenses": 0,
        "generalAndAdministrativeExpenses": 0,
        "sellingAndMarketingExpenses": 0,
        "sellingGeneralAndAdministrativeExpenses": 276000000,
        "otherExpenses": 0,
        "operatingExpenses": 276000000,
        "costAndExpenses": 1913000000,
        "interestIncome": 8000000,
        "interestExpense": 21000000,
        "depreciationAndAmortization": 71000000,
        "ebitda": 268000000,
        "ebitdaratio": 0.1282910483,
        "operatingIncome": 176000000,
        "operatingIncomeRatio": 0.0842508377,
        "totalOtherIncomeExpensesNet": 0,
        "incomeBeforeTax": 176000000,
        "incomeBeforeTaxRatio": 0.0842508377,
        "incomeTaxExpense": 19000000,
        "netIncome": 155000000,
        "netIncomeRatio": 0.0741981809,
        "eps": 0.39,
        "epsdiluted": 0.39,
        "weightedAverageShsOut": 393000000,
        "weightedAverageShsOutDil": 395000000,
        "link": "https://www.sec.gov/Archives/edgar/data/1021860/000095017023035210/0000950170-23-035210-index.htm",
        "finalLink": "https://www.sec.gov/Archives/edgar/data/1021860/000095017023035210/nov-20230630.htm"
    },
    {
        "date": "2023-03-31",
        "symbol": "NOV",
        "reportedCurrency": "USD",
        "cik": "0001021860",
        "fillingDate": "2023-04-27",
        "acceptedDate": "2023-04-27 13:36:13",
        "calendarYear": "2023",
        "period": "Q1",
        "revenue": 1961000000,
        "costOfRevenue": 1552000000,
        "grossProfit": 409000000,
        "grossProfitRatio": 0.2085670576,
        "researchAndDevelopmentExpenses": 0,
        "generalAndAdministrativeExpenses": 0,
        "sellingAndMarketingExpenses": 0,
        "sellingGeneralAndAdministrativeExpenses": 285000000,
        "otherExpenses": 0,
        "operatingExpenses": 285000000,
        "costAndExpenses": 1837000000,
        "interestIncome": 8000000,
        "interestExpense": 21000000,
        "depreciationAndAmortization": 77000000,
        "ebitda": 243000000,
        "ebitdaratio": 0.1239163692,
        "operatingIncome": 124000000,
        "operatingIncomeRatio": 0.0632330444,
        "totalOtherIncomeExpensesNet": 21000000,
        "incomeBeforeTax": 145000000,
        "incomeBeforeTaxRatio": 0.0739418664,
        "incomeTaxExpense": 20000000,
        "netIncome": 126000000,
        "netIncomeRatio": 0.0642529322,
        "eps": 0.32,
        "epsdiluted": 0.32,
        "weightedAverageShsOut": 393750000,
        "weightedAverageShsOutDil": 396000000,
        "link": "https://www.sec.gov/Archives/edgar/data/1021860/000095017023015150/0000950170-23-015150-index.htm",
        "finalLink": "https://www.sec.gov/Archives/edgar/data/1021860/000095017023015150/nov-20230331.htm"
    },
    {
        "date": "2022-12-31",
        "symbol": "NOV",
        "reportedCurrency": "USD",
        "cik": "0001021860",
        "fillingDate": "2023-02-14",
        "acceptedDate": "2023-02-14 15:32:12",
        "calendarYear": "2022",
        "period": "Q4",
        "revenue": 2072000000,
        "costOfRevenue": 1638000000,
        "grossProfit": 434000000,
        "grossProfitRatio": 0.2094594595,
        "researchAndDevelopmentExpenses": 0,
        "generalAndAdministrativeExpenses": 0,
        "sellingAndMarketingExpenses": 0,
        "sellingGeneralAndAdministrativeExpenses": 281000000,
        "otherExpenses": 0,
        "operatingExpenses": 281000000,
        "costAndExpenses": 1919000000,
        "interestIncome": 7000000,
        "interestExpense": 21000000,
        "depreciationAndAmortization": 76000000,
        "ebitda": 238000000,
        "ebitdaratio": 0.1148648649,
        "operatingIncome": 153000000,
        "operatingIncomeRatio": 0.0738416988,
        "totalOtherIncomeExpensesNet": -12000000,
        "incomeBeforeTax": 141000000,
        "incomeBeforeTaxRatio": 0.0680501931,
        "incomeTaxExpense": 42000000,
        "netIncome": 104000000,
        "netIncomeRatio": 0.0501930502,
        "eps": 0.27,
        "epsdiluted": 0.26,
        "weightedAverageShsOut": 391000000,
        "weightedAverageShsOutDil": 395000000,
        "link": "https://www.sec.gov/Archives/edgar/data/1021860/000095017023002767/0000950170-23-002767-index.htm",
        "finalLink": "https://www.sec.gov/Archives/edgar/data/1021860/000095017023002767/nov-20221231.htm"
    },
    {
        "date": "2022-09-30",
        "symbol": "NOV",
        "reportedCurrency": "USD",
        "cik": "0001021860",
        "fillingDate": "2022-10-28",
        "acceptedDate": "2022-10-28 12:43:49",
        "calendarYear": "2022",
        "period": "Q3",
        "revenue": 1888000000,
        "costOfRevenue": 1527000000,
        "grossProfit": 361000000,
        "grossProfitRatio": 0.1912076271,
        "researchAndDevelopmentExpenses": 0,
        "generalAndAdministrativeExpenses": 0,
        "sellingAndMarketingExpenses": 0,
        "sellingGeneralAndAdministrativeExpenses": 313000000,
        "otherExpenses": 0,
        "operatingExpenses": 313000000,
        "costAndExpenses": 1840000000,
        "interestIncome": 6000000,
        "interestExpense": 19000000,
        "depreciationAndAmortization": 76000000,
        "ebitda": 159000000,
        "ebitdaratio": 0.0842161017,
        "operatingIncome": 48000000,
        "operatingIncomeRatio": 0.0254237288,
        "totalOtherIncomeExpensesNet": 16000000,
        "incomeBeforeTax": 64000000,
        "incomeBeforeTaxRatio": 0.0338983051,
        "incomeTaxExpense": 29000000,
        "netIncome": 32000000,
        "netIncomeRatio": 0.0169491525,
        "eps": 0.0818,
        "epsdiluted": 0.0814,
        "weightedAverageShsOut": 391000000,
        "weightedAverageShsOutDil": 393000000,
        "link": "https://www.sec.gov/Archives/edgar/data/1021860/000095017022020421/0000950170-22-020421-index.htm",
        "finalLink": "https://www.sec.gov/Archives/edgar/data/1021860/000095017022020421/nov-20220930.htm"
    },
    {
        "date": "2022-06-30",
        "symbol": "NOV",
        "reportedCurrency": "USD",
        "cik": "0001021860",
        "fillingDate": "2022-07-28",
        "acceptedDate": "2022-07-28 14:11:20",
        "calendarYear": "2022",
        "period": "Q2",
        "revenue": 1726000000,
        "costOfRevenue": 1419000000,
        "grossProfit": 307000000,
        "grossProfitRatio": 0.1778679027,
        "researchAndDevelopmentExpenses": 0,
        "generalAndAdministrativeExpenses": 0,
        "sellingAndMarketingExpenses": 0,
        "sellingGeneralAndAdministrativeExpenses": 241000000,
        "otherExpenses": 0,
        "operatingExpenses": 241000000,
        "costAndExpenses": 1660000000,
        "interestIncome": 5000000,
        "interestExpense": 19000000,
        "depreciationAndAmortization": 75000000,
        "ebitda": 162000000,
        "ebitdaratio": 0.0938586327,
        "operatingIncome": 66000000,
        "operatingIncomeRatio": 0.0382387022,
        "totalOtherIncomeExpensesNet": 2000000,
        "incomeBeforeTax": 68000000,
        "incomeBeforeTaxRatio": 0.0393974508,
        "incomeTaxExpense": -2000000,
        "netIncome": 69000000,
        "netIncomeRatio": 0.039976825,
        "eps": 0.18,
        "epsdiluted": 0.18,
        "weightedAverageShsOut": 390000000,
        "weightedAverageShsOutDil": 393000000,
        "link": "https://www.sec.gov/Archives/edgar/data/1021860/000095017022013349/0000950170-22-013349-index.htm",
        "finalLink": "https://www.sec.gov/Archives/edgar/data/1021860/000095017022013349/nov-20220630.htm"
    },
    {
        "date": "2022-03-31",
        "symbol": "NOV",
        "reportedCurrency": "USD",
        "cik": "0001021860",
        "fillingDate": "2022-04-29",
        "acceptedDate": "2022-04-29 13:47:09",
        "calendarYear": "2022",
        "period": "Q1",
        "revenue": 1548000000,
        "costOfRevenue": 1327000000,
        "grossProfit": 221000000,
        "grossProfitRatio": 0.1427648579,
        "researchAndDevelopmentExpenses": 0,
        "generalAndAdministrativeExpenses": 0,
        "sellingAndMarketingExpenses": 0,
        "sellingGeneralAndAdministrativeExpenses": 235000000,
        "otherExpenses": 0,
        "operatingExpenses": 235000000,
        "costAndExpenses": 1562000000,
        "interestIncome": 1000000,
        "interestExpense": 19000000,
        "depreciationAndAmortization": 74000000,
        "ebitda": 58000000,
        "ebitdaratio": 0.0374677003,
        "operatingIncome": -14000000,
        "operatingIncomeRatio": -0.0090439276,
        "totalOtherIncomeExpensesNet": -21000000,
        "incomeBeforeTax": -35000000,
        "incomeBeforeTaxRatio": -0.0226098191,
        "incomeTaxExpense": 14000000,
        "netIncome": -50000000,
        "netIncomeRatio": -0.0322997416,
        "eps": -0.13,
        "epsdiluted": -0.13,
        "weightedAverageShsOut": 384615384,
        "weightedAverageShsOutDil": 387000000,
        "link": "https://www.sec.gov/Archives/edgar/data/1021860/000095017022006674/0000950170-22-006674-index.htm",
        "finalLink": "https://www.sec.gov/Archives/edgar/data/1021860/000095017022006674/nov-20220331.htm"
    },
    {
        "date": "2021-12-31",
        "symbol": "NOV",
        "reportedCurrency": "USD",
        "cik": "0001021860",
        "fillingDate": "2022-02-11",
        "acceptedDate": "2022-02-11 14:19:54",
        "calendarYear": "2021",
        "period": "Q4",
        "revenue": 1517000000,
        "costOfRevenue": 1310000000,
        "grossProfit": 207000000,
        "grossProfitRatio": 0.1364535267,
        "researchAndDevelopmentExpenses": 0,
        "generalAndAdministrativeExpenses": 0,
        "sellingAndMarketingExpenses": 0,
        "sellingGeneralAndAdministrativeExpenses": 217000000,
        "otherExpenses": 0,
        "operatingExpenses": 217000000,
        "costAndExpenses": 1527000000,
        "interestIncome": 2000000,
        "interestExpense": 19000000,
        "depreciationAndAmortization": 75000000,
        "ebitda": 65000000,
        "ebitdaratio": 0.0428477258,
        "operatingIncome": -10000000,
        "operatingIncomeRatio": -0.0065919578,
        "totalOtherIncomeExpensesNet": -19000000,
        "incomeBeforeTax": -29000000,
        "incomeBeforeTaxRatio": -0.0191166777,
        "incomeTaxExpense": 14000000,
        "netIncome": -40000000,
        "netIncomeRatio": -0.0263678312,
        "eps": -0.1,
        "epsdiluted": -0.1,
        "weightedAverageShsOut": 386000000,
        "weightedAverageShsOutDil": 387000000,
        "link": "https://www.sec.gov/Archives/edgar/data/1021860/000156459022004755/0001564590-22-004755-index.htm",
        "finalLink": "https://www.sec.gov/Archives/edgar/data/1021860/000156459022004755/nov-10k_20211231.htm"
    },
    {
        "date": "2021-09-30",
        "symbol": "NOV",
        "reportedCurrency": "USD",
        "cik": "0001021860",
        "fillingDate": "2021-10-27",
        "acceptedDate": "2021-10-27 12:31:23",
        "calendarYear": "2021",
        "period": "Q3",
        "revenue": 1341000000,
        "costOfRevenue": 1156000000,
        "grossProfit": 185000000,
        "grossProfitRatio": 0.1379567487,
        "researchAndDevelopmentExpenses": 0,
        "generalAndAdministrativeExpenses": 0,
        "sellingAndMarketingExpenses": 0,
        "sellingGeneralAndAdministrativeExpenses": 228000000,
        "otherExpenses": 0,
        "operatingExpenses": 228000000,
        "costAndExpenses": 1384000000,
        "interestIncome": 3000000,
        "interestExpense": 19000000,
        "depreciationAndAmortization": 75000000,
        "ebitda": 34000000,
        "ebitdaratio": 0.0253542133,
        "operatingIncome": -43000000,
        "operatingIncomeRatio": -0.0320656227,
        "totalOtherIncomeExpensesNet": -17000000,
        "incomeBeforeTax": -60000000,
        "incomeBeforeTaxRatio": -0.0447427293,
        "incomeTaxExpense": 5000000,
        "netIncome": -69000000,
        "netIncomeRatio": -0.0514541387,
        "eps": -0.18,
        "epsdiluted": -0.18,
        "weightedAverageShsOut": 383333333,
        "weightedAverageShsOutDil": 387000000,
        "link": "https://www.sec.gov/Archives/edgar/data/1021860/000156459021052220/0001564590-21-052220-index.htm",
        "finalLink": "https://www.sec.gov/Archives/edgar/data/1021860/000156459021052220/nov-10q_20210930.htm"
    },
    {
        "date": "2021-06-30",
        "symbol": "NOV",
        "reportedCurrency": "USD",
        "cik": "0001021860",
        "fillingDate": "2021-07-28",
        "acceptedDate": "2021-07-28 13:32:00",
        "calendarYear": "2021",
        "period": "Q2",
        "revenue": 1418000000,
        "costOfRevenue": 1189000000,
        "grossProfit": 229000000,
        "grossProfitRatio": 0.1614950635,
        "researchAndDevelopmentExpenses": 0,
        "generalAndAdministrativeExpenses": 0,
        "sellingAndMarketingExpenses": 0,
        "sellingGeneralAndAdministrativeExpenses": 219000000,
        "otherExpenses": 0,
        "operatingExpenses": 219000000,
        "costAndExpenses": 1408000000,
        "interestIncome": 2000000,
        "interestExpense": 19000000,
        "depreciationAndAmortization": 77000000,
        "ebitda": 75000000,
        "ebitdaratio": 0.0528913963,
        "operatingIncome": 10000000,
        "operatingIncomeRatio": 0.0070521862,
        "totalOtherIncomeExpensesNet": -31000000,
        "incomeBeforeTax": -21000000,
        "incomeBeforeTaxRatio": -0.014809591,
        "incomeTaxExpense": 2000000,
        "netIncome": -26000000,
        "netIncomeRatio": -0.0183356841,
        "eps": -0.07,
        "epsdiluted": -0.0674,
        "weightedAverageShsOut": 371428571,
        "weightedAverageShsOutDil": 386000000,
        "link": "https://www.sec.gov/Archives/edgar/data/1021860/000156459021038561/0001564590-21-038561-index.htm",
        "finalLink": "https://www.sec.gov/Archives/edgar/data/1021860/000156459021038561/nov-10q_20210630.htm"
    },
    {
        "date": "2021-03-31",
        "symbol": "NOV",
        "reportedCurrency": "USD",
        "cik": "0001021860",
        "fillingDate": "2021-04-28",
        "acceptedDate": "2021-04-28 13:55:32",
        "calendarYear": "2021",
        "period": "Q1",
        "revenue": 1249000000,
        "costOfRevenue": 1093000000,
        "grossProfit": 156000000,
        "grossProfitRatio": 0.1248999199,
        "researchAndDevelopmentExpenses": 0,
        "generalAndAdministrativeExpenses": 0,
        "sellingAndMarketingExpenses": 0,
        "sellingGeneralAndAdministrativeExpenses": 244000000,
        "otherExpenses": 0,
        "operatingExpenses": 244000000,
        "costAndExpenses": 1337000000,
        "interestIncome": 2000000,
        "interestExpense": 20000000,
        "depreciationAndAmortization": 79000000,
        "ebitda": -21000000,
        "ebitdaratio": -0.0168134508,
        "operatingIncome": -88000000,
        "operatingIncomeRatio": -0.0704563651,
        "totalOtherIncomeExpensesNet": -32000000,
        "incomeBeforeTax": -120000000,
        "incomeBeforeTaxRatio": -0.0960768615,
        "incomeTaxExpense": -6000000,
        "netIncome": -115000000,
        "netIncomeRatio": -0.0920736589,
        "eps": -0.3,
        "epsdiluted": -0.3,
        "weightedAverageShsOut": 383333333,
        "weightedAverageShsOutDil": 385000000,
        "link": "https://www.sec.gov/Archives/edgar/data/1021860/000156459021021238/0001564590-21-021238-index.htm",
        "finalLink": "https://www.sec.gov/Archives/edgar/data/1021860/000156459021021238/nov-10q_20210331.htm"
    },
    {
        "date": "2020-12-31",
        "symbol": "NOV",
        "reportedCurrency": "USD",
        "cik": "0001021860",
        "fillingDate": "2021-02-12",
        "acceptedDate": "2021-02-12 12:37:11",
        "calendarYear": "2020",
        "period": "Q4",
        "revenue": 1314000000,
        "costOfRevenue": 1403000000,
        "grossProfit": -89000000,
        "grossProfitRatio": -0.0677321157,
        "researchAndDevelopmentExpenses": 0,
        "generalAndAdministrativeExpenses": 0,
        "sellingAndMarketingExpenses": 0,
        "sellingGeneralAndAdministrativeExpenses": 235000000,
        "otherExpenses": 0,
        "operatingExpenses": 235000000,
        "costAndExpenses": 1638000000,
        "interestIncome": 2000000,
        "interestExpense": 19000000,
        "depreciationAndAmortization": 82000000,
        "ebitda": -225000000,
        "ebitdaratio": -0.1712328767,
        "operatingIncome": -324000000,
        "operatingIncomeRatio": -0.2465753425,
        "totalOtherIncomeExpensesNet": -2000000,
        "incomeBeforeTax": -326000000,
        "incomeBeforeTaxRatio": -0.2480974125,
        "incomeTaxExpense": 22000000,
        "netIncome": -347000000,
        "netIncomeRatio": -0.2640791476,
        "eps": -0.9,
        "epsdiluted": -0.9,
        "weightedAverageShsOut": 384000000,
        "weightedAverageShsOutDil": 385000000,
        "link": "https://www.sec.gov/Archives/edgar/data/1021860/000156459021005708/0001564590-21-005708-index.htm",
        "finalLink": "https://www.sec.gov/Archives/edgar/data/1021860/000156459021005708/nov-10k_20201231.htm"
    },
    {
        "date": "2020-09-30",
        "symbol": "NOV",
        "reportedCurrency": "USD",
        "cik": "0001021860",
        "fillingDate": "2020-10-27",
        "acceptedDate": "2020-10-27 14:10:36",
        "calendarYear": "2020",
        "period": "Q3",
        "revenue": 1384000000,
        "costOfRevenue": 1244000000,
        "grossProfit": 140000000,
        "grossProfitRatio": 0.1011560694,
        "researchAndDevelopmentExpenses": 0,
        "generalAndAdministrativeExpenses": 0,
        "sellingAndMarketingExpenses": 0,
        "sellingGeneralAndAdministrativeExpenses": 213000000,
        "otherExpenses": 0,
        "operatingExpenses": 213000000,
        "costAndExpenses": 1457000000,
        "interestIncome": 0,
        "interestExpense": 21000000,
        "depreciationAndAmortization": 83000000,
        "ebitda": -10000000,
        "ebitdaratio": -0.0072254335,
        "operatingIncome": -73000000,
        "operatingIncomeRatio": -0.0527456647,
        "totalOtherIncomeExpensesNet": -41000000,
        "incomeBeforeTax": -114000000,
        "incomeBeforeTaxRatio": -0.0823699422,
        "incomeTaxExpense": -61000000,
        "netIncome": -55000000,
        "netIncomeRatio": -0.0397398844,
        "eps": -0.14,
        "epsdiluted": -0.14,
        "weightedAverageShsOut": 385000000,
        "weightedAverageShsOutDil": 385000000,
        "link": "https://www.sec.gov/Archives/edgar/data/1021860/000156459020047905/0001564590-20-047905-index.htm",
        "finalLink": "https://www.sec.gov/Archives/edgar/data/1021860/000156459020047905/nov-10q_20200930.htm"
    },
    {
        "date": "2020-06-30",
        "symbol": "NOV",
        "reportedCurrency": "USD",
        "cik": "0001021860",
        "fillingDate": "2020-07-28",
        "acceptedDate": "2020-07-28 12:35:50",
        "calendarYear": "2020",
        "period": "Q2",
        "revenue": 1496000000,
        "costOfRevenue": 1349000000,
        "grossProfit": 147000000,
        "grossProfitRatio": 0.0982620321,
        "researchAndDevelopmentExpenses": 0,
        "generalAndAdministrativeExpenses": 0,
        "sellingAndMarketingExpenses": 0,
        "sellingGeneralAndAdministrativeExpenses": 237000000,
        "otherExpenses": 0,
        "operatingExpenses": 237000000,
        "costAndExpenses": 1586000000,
        "interestIncome": 2000000,
        "interestExpense": 22000000,
        "depreciationAndAmortization": 82000000,
        "ebitda": -30000000,
        "ebitdaratio": -0.0200534759,
        "operatingIncome": -90000000,
        "operatingIncomeRatio": -0.0601604278,
        "totalOtherIncomeExpensesNet": -44000000,
        "incomeBeforeTax": -134000000,
        "incomeBeforeTaxRatio": -0.0895721925,
        "incomeTaxExpense": -47000000,
        "netIncome": -93000000,
        "netIncomeRatio": -0.0621657754,
        "eps": -0.24,
        "epsdiluted": -0.24,
        "weightedAverageShsOut": 385000000,
        "weightedAverageShsOutDil": 385000000,
        "link": "https://www.sec.gov/Archives/edgar/data/1021860/000156459020033775/0001564590-20-033775-index.htm",
        "finalLink": "https://www.sec.gov/Archives/edgar/data/1021860/000156459020033775/nov-10q_20200630.htm"
    },
    {
        "date": "2020-03-31",
        "symbol": "NOV",
        "reportedCurrency": "USD",
        "cik": "0001021860",
        "fillingDate": "2020-04-28",
        "acceptedDate": "2020-04-28 16:11:54",
        "calendarYear": "2020",
        "period": "Q1",
        "revenue": 1883000000,
        "costOfRevenue": 1654000000,
        "grossProfit": 229000000,
        "grossProfitRatio": 0.121614445,
        "researchAndDevelopmentExpenses": 0,
        "generalAndAdministrativeExpenses": 0,
        "sellingAndMarketingExpenses": 0,
        "sellingGeneralAndAdministrativeExpenses": 283000000,
        "otherExpenses": 0,
        "operatingExpenses": 283000000,
        "costAndExpenses": 1937000000,
        "interestIncome": 3000000,
        "interestExpense": 22000000,
        "depreciationAndAmortization": 105000000,
        "ebitda": -2078000000,
        "ebitdaratio": -1.1035581519,
        "operatingIncome": -54000000,
        "operatingIncomeRatio": -0.0286776421,
        "totalOtherIncomeExpensesNet": -2151000000,
        "incomeBeforeTax": -2205000000,
        "incomeBeforeTaxRatio": -1.1710037175,
        "incomeTaxExpense": -156000000,
        "netIncome": -2047000000,
        "netIncomeRatio": -1.0870950611,
        "eps": -5.34,
        "epsdiluted": -5.34,
        "weightedAverageShsOut": 383000000,
        "weightedAverageShsOutDil": 383000000,
        "link": "https://www.sec.gov/Archives/edgar/data/1021860/000156459020019212/0001564590-20-019212-index.htm",
        "finalLink": "https://www.sec.gov/Archives/edgar/data/1021860/000156459020019212/nov-10q_20200331.htm"
    },
    {
        "date": "2019-12-31",
        "symbol": "NOV",
        "reportedCurrency": "USD",
        "cik": "0001021860",
        "fillingDate": "2020-02-13",
        "acceptedDate": "2020-02-13 14:58:11",
        "calendarYear": "2019",
        "period": "Q4",
        "revenue": 2281000000,
        "costOfRevenue": 1898000000,
        "grossProfit": 383000000,
        "grossProfitRatio": 0.1679088119,
        "researchAndDevelopmentExpenses": 0,
        "generalAndAdministrativeExpenses": 0,
        "sellingAndMarketingExpenses": 0,
        "sellingGeneralAndAdministrativeExpenses": 289000000,
        "otherExpenses": 0,
        "operatingExpenses": 289000000,
        "costAndExpenses": 2187000000,
        "interestIncome": 4000000,
        "interestExpense": 25000000,
        "depreciationAndAmortization": 100000000,
        "ebitda": -306000000,
        "ebitdaratio": -0.1341516879,
        "operatingIncome": 94000000,
        "operatingIncomeRatio": 0.0412099956,
        "totalOtherIncomeExpensesNet": -525000000,
        "incomeBeforeTax": -431000000,
        "incomeBeforeTaxRatio": -0.1889522139,
        "incomeTaxExpense": -46000000,
        "netIncome": -385000000,
        "netIncomeRatio": -0.1687856203,
        "eps": -1.01,
        "epsdiluted": -1.01,
        "weightedAverageShsOut": 381188118,
        "weightedAverageShsOutDil": 382000000,
        "link": "https://www.sec.gov/Archives/edgar/data/1021860/000156459020004552/0001564590-20-004552-index.htm",
        "finalLink": "https://www.sec.gov/Archives/edgar/data/1021860/000156459020004552/nov-10k_20191231.htm"
    },
    {
        "date": "2019-09-30",
        "symbol": "NOV",
        "reportedCurrency": "USD",
        "cik": "0001021860",
        "fillingDate": "2019-10-30",
        "acceptedDate": "2019-10-29 20:07:33",
        "calendarYear": "2019",
        "period": "Q3",
        "revenue": 2126000000,
        "costOfRevenue": 1971000000,
        "grossProfit": 155000000,
        "grossProfitRatio": 0.0729068674,
        "researchAndDevelopmentExpenses": 0,
        "generalAndAdministrativeExpenses": 0,
        "sellingAndMarketingExpenses": 0,
        "sellingGeneralAndAdministrativeExpenses": 293000000,
        "otherExpenses": 0,
        "operatingExpenses": 293000000,
        "costAndExpenses": 2264000000,
        "interestIncome": 4000000,
        "interestExpense": 25000000,
        "depreciationAndAmortization": 102000000,
        "ebitda": -62000000,
        "ebitdaratio": -0.0291627469,
        "operatingIncome": -138000000,
        "operatingIncomeRatio": -0.0649106303,
        "totalOtherIncomeExpensesNet": -51000000,
        "incomeBeforeTax": -189000000,
        "incomeBeforeTaxRatio": -0.0888993415,
        "incomeTaxExpense": 60000000,
        "netIncome": -244000000,
        "netIncomeRatio": -0.1147695202,
        "eps": -0.64,
        "epsdiluted": -0.64,
        "weightedAverageShsOut": 381250000,
        "weightedAverageShsOutDil": 382000000,
        "link": "https://www.sec.gov/Archives/edgar/data/1021860/000156459019038434/0001564590-19-038434-index.htm",
        "finalLink": "https://www.sec.gov/Archives/edgar/data/1021860/000156459019038434/nov-10q_20190930.htm"
    },
    {
        "date": "2019-06-30",
        "symbol": "NOV",
        "reportedCurrency": "USD",
        "cik": "0001021860",
        "fillingDate": "2019-07-31",
        "acceptedDate": "2019-07-31 06:11:44",
        "calendarYear": "2019",
        "period": "Q2",
        "revenue": 2131000000,
        "costOfRevenue": 2068000000,
        "grossProfit": 63000000,
        "grossProfitRatio": 0.0295635852,
        "researchAndDevelopmentExpenses": 0,
        "generalAndAdministrativeExpenses": 0,
        "sellingAndMarketingExpenses": 0,
        "sellingGeneralAndAdministrativeExpenses": 417000000,
        "otherExpenses": 0,
        "operatingExpenses": 417000000,
        "costAndExpenses": 2485000000,
        "interestIncome": 6000000,
        "interestExpense": 25000000,
        "depreciationAndAmortization": 154000000,
        "ebitda": -5578000000,
        "ebitdaratio": -2.6175504458,
        "operatingIncome": -354000000,
        "operatingIncomeRatio": -0.1661191929,
        "totalOtherIncomeExpensesNet": -5403000000,
        "incomeBeforeTax": -5757000000,
        "incomeBeforeTaxRatio": -2.7015485687,
        "incomeTaxExpense": -373000000,
        "netIncome": -5389000000,
        "netIncomeRatio": -2.5288596903,
        "eps": -14.11,
        "epsdiluted": -14.11,
        "weightedAverageShsOut": 381927710,
        "weightedAverageShsOutDil": 382000000,
        "link": "https://www.sec.gov/Archives/edgar/data/1021860/000156459019027182/0001564590-19-027182-index.htm",
        "finalLink": "https://www.sec.gov/Archives/edgar/data/1021860/000156459019027182/nov-10q_20190630.htm"
    },
    {
        "date": "2019-03-31",
        "symbol": "NOV",
        "reportedCurrency": "USD",
        "cik": "0001021860",
        "fillingDate": "2019-04-26",
        "acceptedDate": "2019-04-26 13:27:52",
        "calendarYear": "2019",
        "period": "Q1",
        "revenue": 1940000000,
        "costOfRevenue": 1683000000,
        "grossProfit": 257000000,
        "grossProfitRatio": 0.1324742268,
        "researchAndDevelopmentExpenses": 0,
        "generalAndAdministrativeExpenses": 0,
        "sellingAndMarketingExpenses": 0,
        "sellingGeneralAndAdministrativeExpenses": 304000000,
        "otherExpenses": 0,
        "operatingExpenses": 304000000,
        "costAndExpenses": 1987000000,
        "interestIncome": 6000000,
        "interestExpense": 25000000,
        "depreciationAndAmortization": 177000000,
        "ebitda": 117000000,
        "ebitdaratio": 0.0603092784,
        "operatingIncome": -47000000,
        "operatingIncomeRatio": -0.0242268041,
        "totalOtherIncomeExpensesNet": -38000000,
        "incomeBeforeTax": -85000000,
        "incomeBeforeTaxRatio": -0.043814433,
        "incomeTaxExpense": -10000000,
        "netIncome": -77000000,
        "netIncomeRatio": -0.0396907216,
        "eps": -0.2,
        "epsdiluted": -0.2,
        "weightedAverageShsOut": 380000000,
        "weightedAverageShsOutDil": 380000000,
        "link": "https://www.sec.gov/Archives/edgar/data/1021860/000156459019013287/0001564590-19-013287-index.htm",
        "finalLink": "https://www.sec.gov/Archives/edgar/data/1021860/000156459019013287/nov-10q_20190331.htm"
    },
    {
        "date": "2018-12-31",
        "symbol": "NOV",
        "reportedCurrency": "USD",
        "cik": "0001021860",
        "fillingDate": "2019-02-14",
        "acceptedDate": "2019-02-14 14:24:25",
        "calendarYear": "2018",
        "period": "Q4",
        "revenue": 2400000000,
        "costOfRevenue": 1992000000,
        "grossProfit": 408000000,
        "grossProfitRatio": 0.17,
        "researchAndDevelopmentExpenses": 0,
        "generalAndAdministrativeExpenses": 0,
        "sellingAndMarketingExpenses": 0,
        "sellingGeneralAndAdministrativeExpenses": 322000000,
        "otherExpenses": 0,
        "operatingExpenses": 322000000,
        "costAndExpenses": 2314000000,
        "interestIncome": 7000000,
        "interestExpense": 22000000,
        "depreciationAndAmortization": 171000000,
        "ebitda": 234000000,
        "ebitdaratio": 0.0975,
        "operatingIncome": 86000000,
        "operatingIncomeRatio": 0.0358333333,
        "totalOtherIncomeExpensesNet": -45000000,
        "incomeBeforeTax": 41000000,
        "incomeBeforeTaxRatio": 0.0170833333,
        "incomeTaxExpense": 26000000,
        "netIncome": 12000000,
        "netIncomeRatio": 0.005,
        "eps": 0.03,
        "epsdiluted": 0.03,
        "weightedAverageShsOut": 379000000,
        "weightedAverageShsOutDil": 383000000,
        "link": "https://www.sec.gov/Archives/edgar/data/1021860/000156459019002967/0001564590-19-002967-index.htm",
        "finalLink": "https://www.sec.gov/Archives/edgar/data/1021860/000156459019002967/nov-10k_20181231.htm"
    },
    {
        "date": "2018-09-30",
        "symbol": "NOV",
        "reportedCurrency": "USD",
        "cik": "0001021860",
        "fillingDate": "2018-10-26",
        "acceptedDate": "2018-10-26 12:24:05",
        "calendarYear": "2018",
        "period": "Q3",
        "revenue": 2155000000,
        "costOfRevenue": 1759000000,
        "grossProfit": 396000000,
        "grossProfitRatio": 0.1837587007,
        "researchAndDevelopmentExpenses": 0,
        "generalAndAdministrativeExpenses": 0,
        "sellingAndMarketingExpenses": 0,
        "sellingGeneralAndAdministrativeExpenses": 320000000,
        "otherExpenses": 0,
        "operatingExpenses": 320000000,
        "costAndExpenses": 2079000000,
        "interestIncome": 6000000,
        "interestExpense": 24000000,
        "depreciationAndAmortization": 172000000,
        "ebitda": 229000000,
        "ebitdaratio": 0.1062645012,
        "operatingIncome": 76000000,
        "operatingIncomeRatio": 0.0352668213,
        "totalOtherIncomeExpensesNet": -43000000,
        "incomeBeforeTax": 33000000,
        "incomeBeforeTaxRatio": 0.0153132251,
        "incomeTaxExpense": 29000000,
        "netIncome": 1000000,
        "netIncomeRatio": 0.0004640371,
        "eps": 0.0026,
        "epsdiluted": 0.0026,
        "weightedAverageShsOut": 379000000,
        "weightedAverageShsOutDil": 383000000,
        "link": "https://www.sec.gov/Archives/edgar/data/1021860/000156459018025236/0001564590-18-025236-index.htm",
        "finalLink": "https://www.sec.gov/Archives/edgar/data/1021860/000156459018025236/nov-10q_20180930.htm"
    },
    {
        "date": "2018-06-30",
        "symbol": "NOV",
        "reportedCurrency": "USD",
        "cik": "0001021860",
        "fillingDate": "2018-07-27",
        "acceptedDate": "2018-07-27 12:16:08",
        "calendarYear": "2018",
        "period": "Q2",
        "revenue": 2106000000,
        "costOfRevenue": 1752000000,
        "grossProfit": 354000000,
        "grossProfitRatio": 0.1680911681,
        "researchAndDevelopmentExpenses": 0,
        "generalAndAdministrativeExpenses": 0,
        "sellingAndMarketingExpenses": 0,
        "sellingGeneralAndAdministrativeExpenses": 303000000,
        "otherExpenses": 0,
        "operatingExpenses": 303000000,
        "costAndExpenses": 2055000000,
        "interestIncome": 5000000,
        "interestExpense": 23000000,
        "depreciationAndAmortization": 174000000,
        "ebitda": 227000000,
        "ebitdaratio": 0.1077872745,
        "operatingIncome": 51000000,
        "operatingIncomeRatio": 0.0242165242,
        "totalOtherIncomeExpensesNet": -21000000,
        "incomeBeforeTax": 30000000,
        "incomeBeforeTaxRatio": 0.0142450142,
        "incomeTaxExpense": 5000000,
        "netIncome": 24000000,
        "netIncomeRatio": 0.0113960114,
        "eps": 0.06,
        "epsdiluted": 0.06,
        "weightedAverageShsOut": 378000000,
        "weightedAverageShsOutDil": 381000000,
        "link": "https://www.sec.gov/Archives/edgar/data/1021860/000119312518229129/0001193125-18-229129-index.htm",
        "finalLink": "https://www.sec.gov/Archives/edgar/data/1021860/000119312518229129/d518369d10q.htm"
    },
    {
        "date": "2018-03-31",
        "symbol": "NOV",
        "reportedCurrency": "USD",
        "cik": "0001021860",
        "fillingDate": "2018-04-27",
        "acceptedDate": "2018-04-27 16:55:50",
        "calendarYear": "2018",
        "period": "Q1",
        "revenue": 1794000000,
        "costOfRevenue": 1512000000,
        "grossProfit": 282000000,
        "grossProfitRatio": 0.1571906355,
        "researchAndDevelopmentExpenses": 0,
        "generalAndAdministrativeExpenses": 0,
        "sellingAndMarketingExpenses": 0,
        "sellingGeneralAndAdministrativeExpenses": 288000000,
        "otherExpenses": 0,
        "operatingExpenses": 288000000,
        "costAndExpenses": 1800000000,
        "interestIncome": 7000000,
        "interestExpense": 24000000,
        "depreciationAndAmortization": 173000000,
        "ebitda": 134000000,
        "ebitdaratio": 0.0746934225,
        "operatingIncome": -6000000,
        "operatingIncomeRatio": -0.0033444816,
        "totalOtherIncomeExpensesNet": -57000000,
        "incomeBeforeTax": -63000000,
        "incomeBeforeTaxRatio": -0.0351170569,
        "incomeTaxExpense": 3000000,
        "netIncome": -68000000,
        "netIncomeRatio": -0.0379041249,
        "eps": -0.18,
        "epsdiluted": -0.18,
        "weightedAverageShsOut": 377000000,
        "weightedAverageShsOutDil": 377000000,
        "link": "https://www.sec.gov/Archives/edgar/data/1021860/000119312518139205/0001193125-18-139205-index.htm",
        "finalLink": "https://www.sec.gov/Archives/edgar/data/1021860/000119312518139205/d544537d10q.htm"
    },
    {
        "date": "2017-12-31",
        "symbol": "NOV",
        "reportedCurrency": "USD",
        "cik": "0001021860",
        "fillingDate": "2018-02-16",
        "acceptedDate": "2018-02-16 14:31:16",
        "calendarYear": "2017",
        "period": "Q4",
        "revenue": 1967000000,
        "costOfRevenue": 1818000000,
        "grossProfit": 149000000,
        "grossProfitRatio": 0.0757498729,
        "researchAndDevelopmentExpenses": 0,
        "generalAndAdministrativeExpenses": 0,
        "sellingAndMarketingExpenses": 0,
        "sellingGeneralAndAdministrativeExpenses": 278000000,
        "otherExpenses": 0,
        "operatingExpenses": 278000000,
        "costAndExpenses": 2096000000,
        "interestIncome": 6000000,
        "interestExpense": 25000000,
        "depreciationAndAmortization": 175000000,
        "ebitda": 55000000,
        "ebitdaratio": 0.0279613625,
        "operatingIncome": -129000000,
        "operatingIncomeRatio": -0.0655821047,
        "totalOtherIncomeExpensesNet": -16000000,
        "incomeBeforeTax": -145000000,
        "incomeBeforeTaxRatio": -0.0737163193,
        "incomeTaxExpense": -130000000,
        "netIncome": -14000000,
        "netIncomeRatio": -0.0071174377,
        "eps": -0.0371,
        "epsdiluted": -0.0371,
        "weightedAverageShsOut": 377000000,
        "weightedAverageShsOutDil": 377000000,
        "link": "https://www.sec.gov/Archives/edgar/data/1021860/000119312518048333/0001193125-18-048333-index.htm",
        "finalLink": "https://www.sec.gov/Archives/edgar/data/1021860/000119312518048333/d495377d10k.htm"
    },
    {
        "date": "2017-09-30",
        "symbol": "NOV",
        "reportedCurrency": "USD",
        "cik": "0001021860",
        "fillingDate": "2017-10-27",
        "acceptedDate": "2017-10-27 15:01:51",
        "calendarYear": "2017",
        "period": "Q3",
        "revenue": 1833000000,
        "costOfRevenue": 1526000000,
        "grossProfit": 307000000,
        "grossProfitRatio": 0.1674849973,
        "researchAndDevelopmentExpenses": 0,
        "generalAndAdministrativeExpenses": 0,
        "sellingAndMarketingExpenses": 0,
        "sellingGeneralAndAdministrativeExpenses": 292000000,
        "otherExpenses": 0,
        "operatingExpenses": 292000000,
        "costAndExpenses": 1818000000,
        "interestIncome": 11000000,
        "interestExpense": 26000000,
        "depreciationAndAmortization": 174000000,
        "ebitda": 170000000,
        "ebitdaratio": 0.0927441353,
        "operatingIncome": 15000000,
        "operatingIncomeRatio": 0.0081833061,
        "totalOtherIncomeExpensesNet": -45000000,
        "incomeBeforeTax": -30000000,
        "incomeBeforeTaxRatio": -0.0163666121,
        "incomeTaxExpense": -3000000,
        "netIncome": -26000000,
        "netIncomeRatio": -0.0141843972,
        "eps": -0.07,
        "epsdiluted": -0.069,
        "weightedAverageShsOut": 371428571,
        "weightedAverageShsOutDil": 377000000,
        "link": "https://www.sec.gov/Archives/edgar/data/1021860/000119312517322890/0001193125-17-322890-index.htm",
        "finalLink": "https://www.sec.gov/Archives/edgar/data/1021860/000119312517322890/d474153d10q.htm"
    },
    {
        "date": "2017-06-30",
        "symbol": "NOV",
        "reportedCurrency": "USD",
        "cik": "0001021860",
        "fillingDate": "2017-07-28",
        "acceptedDate": "2017-07-28 12:45:03",
        "calendarYear": "2017",
        "period": "Q2",
        "revenue": 1760000000,
        "costOfRevenue": 1520000000,
        "grossProfit": 240000000,
        "grossProfitRatio": 0.1363636364,
        "researchAndDevelopmentExpenses": 0,
        "generalAndAdministrativeExpenses": 0,
        "sellingAndMarketingExpenses": 0,
        "sellingGeneralAndAdministrativeExpenses": 293000000,
        "otherExpenses": 0,
        "operatingExpenses": 293000000,
        "costAndExpenses": 1813000000,
        "interestIncome": 4000000,
        "interestExpense": 26000000,
        "depreciationAndAmortization": 174000000,
        "ebitda": 112000000,
        "ebitdaratio": 0.0636363636,
        "operatingIncome": -53000000,
        "operatingIncomeRatio": -0.0301136364,
        "totalOtherIncomeExpensesNet": -35000000,
        "incomeBeforeTax": -88000000,
        "incomeBeforeTaxRatio": -0.05,
        "incomeTaxExpense": -14000000,
        "netIncome": -75000000,
        "netIncomeRatio": -0.0426136364,
        "eps": -0.2,
        "epsdiluted": -0.2,
        "weightedAverageShsOut": 375000000,
        "weightedAverageShsOutDil": 377000000,
        "link": "https://www.sec.gov/Archives/edgar/data/1021860/000119312517239998/0001193125-17-239998-index.htm",
        "finalLink": "https://www.sec.gov/Archives/edgar/data/1021860/000119312517239998/d419284d10q.htm"
    },
    {
        "date": "2017-03-31",
        "symbol": "NOV",
        "reportedCurrency": "USD",
        "cik": "0001021860",
        "fillingDate": "2017-04-28",
        "acceptedDate": "2017-04-28 14:09:29",
        "calendarYear": "2017",
        "period": "Q1",
        "revenue": 1736000000,
        "costOfRevenue": 1536000000,
        "grossProfit": 200000000,
        "grossProfitRatio": 0.1152073733,
        "researchAndDevelopmentExpenses": 0,
        "generalAndAdministrativeExpenses": 0,
        "sellingAndMarketingExpenses": 0,
        "sellingGeneralAndAdministrativeExpenses": 306000000,
        "otherExpenses": 0,
        "operatingExpenses": 306000000,
        "costAndExpenses": 1842000000,
        "interestIncome": 4000000,
        "interestExpense": 25000000,
        "depreciationAndAmortization": 175000000,
        "ebitda": 71000000,
        "ebitdaratio": 0.0408986175,
        "operatingIncome": -106000000,
        "operatingIncomeRatio": -0.0610599078,
        "totalOtherIncomeExpensesNet": -23000000,
        "incomeBeforeTax": -129000000,
        "incomeBeforeTaxRatio": -0.0743087558,
        "incomeTaxExpense": -9000000,
        "netIncome": -122000000,
        "netIncomeRatio": -0.0702764977,
        "eps": -0.32,
        "epsdiluted": -0.32,
        "weightedAverageShsOut": 376000000,
        "weightedAverageShsOutDil": 376000000,
        "link": "https://www.sec.gov/Archives/edgar/data/1021860/000119312517147204/0001193125-17-147204-index.htm",
        "finalLink": "https://www.sec.gov/Archives/edgar/data/1021860/000119312517147204/d357986d10q.htm"
    },
    {
        "date": "2016-12-31",
        "symbol": "NOV",
        "reportedCurrency": "USD",
        "cik": "0001021860",
        "fillingDate": "2017-02-17",
        "acceptedDate": "2017-02-17 16:04:21",
        "calendarYear": "2016",
        "period": "Q4",
        "revenue": 1690000000,
        "costOfRevenue": 2130000000,
        "grossProfit": -440000000,
        "grossProfitRatio": -0.2603550296,
        "researchAndDevelopmentExpenses": 0,
        "generalAndAdministrativeExpenses": 0,
        "sellingAndMarketingExpenses": 0,
        "sellingGeneralAndAdministrativeExpenses": 307000000,
        "otherExpenses": 0,
        "operatingExpenses": 307000000,
        "costAndExpenses": 2437000000,
        "interestIncome": 4000000,
        "interestExpense": 25000000,
        "depreciationAndAmortization": 174000000,
        "ebitda": -606000000,
        "ebitdaratio": -0.3585798817,
        "operatingIncome": -747000000,
        "operatingIncomeRatio": -0.4420118343,
        "totalOtherIncomeExpensesNet": -58000000,
        "incomeBeforeTax": -805000000,
        "incomeBeforeTaxRatio": -0.4763313609,
        "incomeTaxExpense": -88000000,
        "netIncome": -714000000,
        "netIncomeRatio": -0.4224852071,
        "eps": -1.9,
        "epsdiluted": -1.9,
        "weightedAverageShsOut": 376000000,
        "weightedAverageShsOutDil": 376000000,
        "link": "https://www.sec.gov/Archives/edgar/data/1021860/000119312517047937/0001193125-17-047937-index.htm",
        "finalLink": "https://www.sec.gov/Archives/edgar/data/1021860/000119312517047937/d313669d10k.htm"
    },
    {
        "date": "2016-09-30",
        "symbol": "NOV",
        "reportedCurrency": "USD",
        "cik": "0001021860",
        "fillingDate": "2016-10-28",
        "acceptedDate": "2016-10-28 10:42:32",
        "calendarYear": "2016",
        "period": "Q3",
        "revenue": 1646000000,
        "costOfRevenue": 1519000000,
        "grossProfit": 127000000,
        "grossProfitRatio": 0.0771567436,
        "researchAndDevelopmentExpenses": 0,
        "generalAndAdministrativeExpenses": 0,
        "sellingAndMarketingExpenses": 0,
        "sellingGeneralAndAdministrativeExpenses": 293000000,
        "otherExpenses": 0,
        "operatingExpenses": 293000000,
        "costAndExpenses": 1812000000,
        "interestIncome": 3000000,
        "interestExpense": 25000000,
        "depreciationAndAmortization": 176000000,
        "ebitda": -1043000000,
        "ebitdaratio": -0.6336573512,
        "operatingIncome": -166000000,
        "operatingIncomeRatio": -0.1008505468,
        "totalOtherIncomeExpensesNet": -1078000000,
        "incomeBeforeTax": -1244000000,
        "incomeBeforeTaxRatio": -0.7557715674,
        "incomeTaxExpense": 120000000,
        "netIncome": -1362000000,
        "netIncomeRatio": -0.8274605103,
        "eps": -3.62,
        "epsdiluted": -3.62,
        "weightedAverageShsOut": 376000000,
        "weightedAverageShsOutDil": 376000000,
        "link": "https://www.sec.gov/Archives/edgar/data/1021860/000119312516750945/0001193125-16-750945-index.htm",
        "finalLink": "https://www.sec.gov/Archives/edgar/data/1021860/000119312516750945/d92587d10q.htm"
    },
    {
        "date": "2016-06-30",
        "symbol": "NOV",
        "reportedCurrency": "USD",
        "cik": "0001021860",
        "fillingDate": "2016-08-03",
        "acceptedDate": "2016-08-03 16:00:32",
        "calendarYear": "2016",
        "period": "Q2",
        "revenue": 1724000000,
        "costOfRevenue": 1585000000,
        "grossProfit": 139000000,
        "grossProfitRatio": 0.0806264501,
        "researchAndDevelopmentExpenses": 0,
        "generalAndAdministrativeExpenses": 305000000,
        "sellingAndMarketingExpenses": -13000000,
        "sellingGeneralAndAdministrativeExpenses": 292000000,
        "otherExpenses": -34000000,
        "operatingExpenses": 409000000,
        "costAndExpenses": 1994000000,
        "interestIncome": 3000000,
        "interestExpense": 30000000,
        "depreciationAndAmortization": 178000000,
        "ebitda": -92000000,
        "ebitdaratio": -0.0533642691,
        "operatingIncome": -270000000,
        "operatingIncomeRatio": -0.156612529,
        "totalOtherIncomeExpensesNet": -68000000,
        "incomeBeforeTax": -338000000,
        "incomeBeforeTaxRatio": -0.1960556845,
        "incomeTaxExpense": -121000000,
        "netIncome": -217000000,
        "netIncomeRatio": -0.1258700696,
        "eps": -0.58,
        "epsdiluted": -0.58,
        "weightedAverageShsOut": 374137931,
        "weightedAverageShsOutDil": 375000000,
        "link": "https://www.sec.gov/Archives/edgar/data/1021860/000119312516670055/0001193125-16-670055-index.htm",
        "finalLink": "https://www.sec.gov/Archives/edgar/data/1021860/000119312516670055/d185028d10q.htm"
    },
    {
        "date": "2016-03-31",
        "symbol": "NOV",
        "reportedCurrency": "USD",
        "cik": "0001021860",
        "fillingDate": "2016-05-05",
        "acceptedDate": "2016-05-05 15:52:09",
        "calendarYear": "2016",
        "period": "Q1",
        "revenue": 2189000000,
        "costOfRevenue": 1889000000,
        "grossProfit": 300000000,
        "grossProfitRatio": 0.1370488808,
        "researchAndDevelopmentExpenses": 0,
        "generalAndAdministrativeExpenses": 433000000,
        "sellingAndMarketingExpenses": -85000000,
        "sellingGeneralAndAdministrativeExpenses": 348000000,
        "otherExpenses": -21000000,
        "operatingExpenses": 489000000,
        "costAndExpenses": 2378000000,
        "interestIncome": 5000000,
        "interestExpense": 25000000,
        "depreciationAndAmortization": 175000000,
        "ebitda": -14000000,
        "ebitdaratio": -0.0063956144,
        "operatingIncome": -189000000,
        "operatingIncomeRatio": -0.0863407949,
        "totalOtherIncomeExpensesNet": -47000000,
        "incomeBeforeTax": -236000000,
        "incomeBeforeTaxRatio": -0.1078117862,
        "incomeTaxExpense": -118000000,
        "netIncome": -119000000,
        "netIncomeRatio": -0.0543627227,
        "eps": -0.32,
        "epsdiluted": -0.32,
        "weightedAverageShsOut": 371875000,
        "weightedAverageShsOutDil": 375000000,
        "link": "https://www.sec.gov/Archives/edgar/data/1021860/000119312516579802/0001193125-16-579802-index.htm",
        "finalLink": "https://www.sec.gov/Archives/edgar/data/1021860/000119312516579802/d168353d10q.htm"
    },
    {
        "date": "2015-12-31",
        "symbol": "NOV",
        "reportedCurrency": "USD",
        "cik": "0001021860",
        "fillingDate": "2016-02-19",
        "acceptedDate": "2016-02-19 13:51:06",
        "calendarYear": "2015",
        "period": "Q4",
        "revenue": 2722000000,
        "costOfRevenue": 2202000000,
        "grossProfit": 520000000,
        "grossProfitRatio": 0.1910360029,
        "researchAndDevelopmentExpenses": 0,
        "generalAndAdministrativeExpenses": 386000000,
        "sellingAndMarketingExpenses": -7000000,
        "sellingGeneralAndAdministrativeExpenses": 379000000,
        "otherExpenses": -17000000,
        "operatingExpenses": 2152000000,
        "costAndExpenses": 4354000000,
        "interestIncome": 5000000,
        "interestExpense": 27000000,
        "depreciationAndAmortization": 183000000,
        "ebitda": -1464000000,
        "ebitdaratio": -0.5378398237,
        "operatingIncome": -1632000000,
        "operatingIncomeRatio": -0.5995591477,
        "totalOtherIncomeExpensesNet": -42000000,
        "incomeBeforeTax": -1674000000,
        "incomeBeforeTaxRatio": -0.6149889787,
        "incomeTaxExpense": -152000000,
        "netIncome": -1523000000,
        "netIncomeRatio": -0.5595150625,
        "eps": -4.07,
        "epsdiluted": -4.06,
        "weightedAverageShsOut": 374584341,
        "weightedAverageShsOutDil": 375000000,
        "link": "https://www.sec.gov/Archives/edgar/data/1021860/000119312516469696/0001193125-16-469696-index.htm",
        "finalLink": "https://www.sec.gov/Archives/edgar/data/1021860/000119312516469696/d118658d10k.htm"
    },
    {
        "date": "2015-09-30",
        "symbol": "NOV",
        "reportedCurrency": "USD",
        "cik": "0001021860",
        "fillingDate": "2015-10-30",
        "acceptedDate": "2015-10-30 15:13:16",
        "calendarYear": "2015",
        "period": "Q3",
        "revenue": 3306000000,
        "costOfRevenue": 2606000000,
        "grossProfit": 700000000,
        "grossProfitRatio": 0.2117362371,
        "researchAndDevelopmentExpenses": 0,
        "generalAndAdministrativeExpenses": 383000000,
        "sellingAndMarketingExpenses": -29000000,
        "sellingGeneralAndAdministrativeExpenses": 354000000,
        "otherExpenses": -20000000,
        "operatingExpenses": 466000000,
        "costAndExpenses": 3072000000,
        "interestIncome": 2000000,
        "interestExpense": 24000000,
        "depreciationAndAmortization": 184000000,
        "ebitda": 473000000,
        "ebitdaratio": 0.1430732002,
        "operatingIncome": 234000000,
        "operatingIncomeRatio": 0.0707803993,
        "totalOtherIncomeExpensesNet": -42000000,
        "incomeBeforeTax": 192000000,
        "incomeBeforeTaxRatio": 0.058076225,
        "incomeTaxExpense": 36000000,
        "netIncome": 155000000,
        "netIncomeRatio": 0.0468844525,
        "eps": 0.41,
        "epsdiluted": 0.41,
        "weightedAverageShsOut": 380000000,
        "weightedAverageShsOutDil": 381000000,
        "link": "https://www.sec.gov/Archives/edgar/data/1021860/000119312515360063/0001193125-15-360063-index.htm",
        "finalLink": "https://www.sec.gov/Archives/edgar/data/1021860/000119312515360063/d96908d10q.htm"
    },
    {
        "date": "2015-06-30",
        "symbol": "NOV",
        "reportedCurrency": "USD",
        "cik": "0001021860",
        "fillingDate": "2015-08-05",
        "acceptedDate": "2015-08-05 16:17:05",
        "calendarYear": "2015",
        "period": "Q2",
        "revenue": 3909000000,
        "costOfRevenue": 3037000000,
        "grossProfit": 872000000,
        "grossProfitRatio": 0.2230749552,
        "researchAndDevelopmentExpenses": 0,
        "generalAndAdministrativeExpenses": 417000000,
        "sellingAndMarketingExpenses": 0,
        "sellingGeneralAndAdministrativeExpenses": 417000000,
        "otherExpenses": -30000000,
        "operatingExpenses": 434000000,
        "costAndExpenses": 3471000000,
        "interestIncome": 2000000,
        "interestExpense": 26000000,
        "depreciationAndAmortization": 190000000,
        "ebitda": 628000000,
        "ebitdaratio": 0.160654899,
        "operatingIncome": 438000000,
        "operatingIncomeRatio": 0.1120491174,
        "totalOtherIncomeExpensesNet": -47000000,
        "incomeBeforeTax": 391000000,
        "incomeBeforeTaxRatio": 0.100025582,
        "incomeTaxExpense": 105000000,
        "netIncome": 289000000,
        "netIncomeRatio": 0.0739319519,
        "eps": 0.75,
        "epsdiluted": 0.74,
        "weightedAverageShsOut": 387000000,
        "weightedAverageShsOutDil": 388000000,
        "link": "https://www.sec.gov/Archives/edgar/data/1021860/000119312515278704/0001193125-15-278704-index.htm",
        "finalLink": "https://www.sec.gov/Archives/edgar/data/1021860/000119312515278704/d71437d10q.htm"
    },
    {
        "date": "2015-03-31",
        "symbol": "NOV",
        "reportedCurrency": "USD",
        "cik": "0001021860",
        "fillingDate": "2015-05-05",
        "acceptedDate": "2015-05-05 16:16:58",
        "calendarYear": "2015",
        "period": "Q1",
        "revenue": 4820000000,
        "costOfRevenue": 3642000000,
        "grossProfit": 1178000000,
        "grossProfitRatio": 0.2443983402,
        "researchAndDevelopmentExpenses": 0,
        "generalAndAdministrativeExpenses": 607000000,
        "sellingAndMarketingExpenses": -121000000,
        "sellingGeneralAndAdministrativeExpenses": 486000000,
        "otherExpenses": -56000000,
        "operatingExpenses": 608000000,
        "costAndExpenses": 4250000000,
        "interestIncome": 5000000,
        "interestExpense": 26000000,
        "depreciationAndAmortization": 190000000,
        "ebitda": 760000000,
        "ebitdaratio": 0.1576763485,
        "operatingIncome": 570000000,
        "operatingIncomeRatio": 0.1182572614,
        "totalOtherIncomeExpensesNet": -68000000,
        "incomeBeforeTax": 502000000,
        "incomeBeforeTaxRatio": 0.1041493776,
        "incomeTaxExpense": 189000000,
        "netIncome": 310000000,
        "netIncomeRatio": 0.0643153527,
        "eps": 0.76,
        "epsdiluted": 0.76,
        "weightedAverageShsOut": 407000000,
        "weightedAverageShsOutDil": 409000000,
        "link": "https://www.sec.gov/Archives/edgar/data/1021860/000119312515172107/0001193125-15-172107-index.htm",
        "finalLink": "https://www.sec.gov/Archives/edgar/data/1021860/000119312515172107/d907653d10q.htm"
    },
    {
        "date": "2014-12-31",
        "symbol": "NOV",
        "reportedCurrency": "USD",
        "cik": "0001021860",
        "fillingDate": "2015-02-17",
        "acceptedDate": "2015-02-17 17:18:30",
        "calendarYear": "2014",
        "period": "Q4",
        "revenue": 5709000000,
        "costOfRevenue": 4163000000,
        "grossProfit": 1546000000,
        "grossProfitRatio": 0.2708004905,
        "researchAndDevelopmentExpenses": 0,
        "generalAndAdministrativeExpenses": 524000000,
        "sellingAndMarketingExpenses": 4000000,
        "sellingGeneralAndAdministrativeExpenses": 528000000,
        "otherExpenses": -20000000,
        "operatingExpenses": 691000000,
        "costAndExpenses": 4854000000,
        "interestIncome": 5000000,
        "interestExpense": 26000000,
        "depreciationAndAmortization": 199000000,
        "ebitda": 1216000000,
        "ebitdaratio": 0.2129970222,
        "operatingIncome": 855000000,
        "operatingIncomeRatio": 0.1497635313,
        "totalOtherIncomeExpensesNet": -83000000,
        "incomeBeforeTax": 830000000,
        "incomeBeforeTaxRatio": 0.1453844806,
        "incomeTaxExpense": 233000000,
        "netIncome": 595000000,
        "netIncomeRatio": 0.1042214048,
        "eps": 1.39,
        "epsdiluted": 1.39,
        "weightedAverageShsOut": 427000000,
        "weightedAverageShsOutDil": 428000000,
        "link": "https://www.sec.gov/Archives/edgar/data/1021860/000095012315003051/0000950123-15-003051-index.htm",
        "finalLink": "https://www.sec.gov/Archives/edgar/data/1021860/000095012315003051/d859582d10k.htm"
    },
    {
        "date": "2014-09-30",
        "symbol": "NOV",
        "reportedCurrency": "USD",
        "cik": "0001021860",
        "fillingDate": "2014-11-03",
        "acceptedDate": "2014-11-03 14:57:25",
        "calendarYear": "2014",
        "period": "Q3",
        "revenue": 5587000000,
        "costOfRevenue": 4063000000,
        "grossProfit": 1524000000,
        "grossProfitRatio": 0.2727760873,
        "researchAndDevelopmentExpenses": 0,
        "generalAndAdministrativeExpenses": 540000000,
        "sellingAndMarketingExpenses": -5000000,
        "sellingGeneralAndAdministrativeExpenses": 535000000,
        "otherExpenses": 0,
        "operatingExpenses": 536000000,
        "costAndExpenses": 4599000000,
        "interestIncome": 4000000,
        "interestExpense": 26000000,
        "depreciationAndAmortization": 198000000,
        "ebitda": 1186000000,
        "ebitdaratio": 0.2122785037,
        "operatingIncome": 988000000,
        "operatingIncomeRatio": 0.1768390907,
        "totalOtherIncomeExpensesNet": -4000000,
        "incomeBeforeTax": 984000000,
        "incomeBeforeTaxRatio": 0.176123143,
        "incomeTaxExpense": 283000000,
        "netIncome": 699000000,
        "netIncomeRatio": 0.1251118668,
        "eps": 1.63,
        "epsdiluted": 1.62,
        "weightedAverageShsOut": 429000000,
        "weightedAverageShsOutDil": 431000000,
        "link": "https://www.sec.gov/Archives/edgar/data/1021860/000119312514393794/0001193125-14-393794-index.htm",
        "finalLink": "https://www.sec.gov/Archives/edgar/data/1021860/000119312514393794/d799831d10q.htm"
    },
    {
        "date": "2014-06-30",
        "symbol": "NOV",
        "reportedCurrency": "USD",
        "cik": "0001021860",
        "fillingDate": "2014-08-04",
        "acceptedDate": "2014-08-04 16:04:59",
        "calendarYear": "2014",
        "period": "Q2",
        "revenue": 5255000000,
        "costOfRevenue": 3799000000,
        "grossProfit": 1456000000,
        "grossProfitRatio": 0.2770694577,
        "researchAndDevelopmentExpenses": 0,
        "generalAndAdministrativeExpenses": 542000000,
        "sellingAndMarketingExpenses": -31000000,
        "sellingGeneralAndAdministrativeExpenses": 511000000,
        "otherExpenses": 0,
        "operatingExpenses": 511000000,
        "costAndExpenses": 4310000000,
        "interestIncome": 5000000,
        "interestExpense": 27000000,
        "depreciationAndAmortization": 186000000,
        "ebitda": 1103000000,
        "ebitdaratio": 0.2098953378,
        "operatingIncome": 913000000,
        "operatingIncomeRatio": 0.1737392959,
        "totalOtherIncomeExpensesNet": -20000000,
        "incomeBeforeTax": 893000000,
        "incomeBeforeTaxRatio": 0.1699333968,
        "incomeTaxExpense": 284000000,
        "netIncome": 619000000,
        "netIncomeRatio": 0.1177925785,
        "eps": 1.45,
        "epsdiluted": 1.44,
        "weightedAverageShsOut": 428000000,
        "weightedAverageShsOutDil": 430000000,
        "link": "https://www.sec.gov/Archives/edgar/data/1021860/000119312514293445/0001193125-14-293445-index.htm",
        "finalLink": "https://www.sec.gov/Archives/edgar/data/1021860/000119312514293445/d753467d10q.htm"
    },
    {
        "date": "2014-03-31",
        "symbol": "NOV",
        "reportedCurrency": "USD",
        "cik": "0001021860",
        "fillingDate": "2014-05-05",
        "acceptedDate": "2014-05-05 15:30:20",
        "calendarYear": "2014",
        "period": "Q1",
        "revenue": 5777000000,
        "costOfRevenue": 4377000000,
        "grossProfit": 1400000000,
        "grossProfitRatio": 0.242340315,
        "researchAndDevelopmentExpenses": 0,
        "generalAndAdministrativeExpenses": 535000000,
        "sellingAndMarketingExpenses": -15000000,
        "sellingGeneralAndAdministrativeExpenses": 520000000,
        "otherExpenses": 0,
        "operatingExpenses": 539000000,
        "costAndExpenses": 4916000000,
        "interestIncome": 4000000,
        "interestExpense": 26000000,
        "depreciationAndAmortization": 195000000,
        "ebitda": 990000000,
        "ebitdaratio": 0.1713692228,
        "operatingIncome": 861000000,
        "operatingIncomeRatio": 0.1490392938,
        "totalOtherIncomeExpensesNet": -12000000,
        "incomeBeforeTax": 849000000,
        "incomeBeforeTaxRatio": 0.1469620911,
        "incomeTaxExpense": 260000000,
        "netIncome": 589000000,
        "netIncomeRatio": 0.1019560325,
        "eps": 1.38,
        "epsdiluted": 1.37,
        "weightedAverageShsOut": 428000000,
        "weightedAverageShsOutDil": 429000000,
        "link": "https://www.sec.gov/Archives/edgar/data/1021860/000119312514182287/0001193125-14-182287-index.htm",
        "finalLink": "https://www.sec.gov/Archives/edgar/data/1021860/000119312514182287/d698260d10q.htm"
    },
    {
        "date": "2013-12-31",
        "symbol": "NOV",
        "reportedCurrency": "USD",
        "cik": "0001021860",
        "fillingDate": "2014-02-14",
        "acceptedDate": "2014-02-14 10:24:13",
        "calendarYear": "2013",
        "period": "Q4",
        "revenue": 6172000000,
        "costOfRevenue": 4672000000,
        "grossProfit": 1500000000,
        "grossProfitRatio": 0.2430330525,
        "researchAndDevelopmentExpenses": 0,
        "generalAndAdministrativeExpenses": 540000000,
        "sellingAndMarketingExpenses": -13000000,
        "sellingGeneralAndAdministrativeExpenses": 527000000,
        "otherExpenses": -17000000,
        "operatingExpenses": 543000000,
        "costAndExpenses": 5215000000,
        "interestIncome": 4000000,
        "interestExpense": 27000000,
        "depreciationAndAmortization": 200000000,
        "ebitda": 1160000000,
        "ebitdaratio": 0.1879455606,
        "operatingIncome": 957000000,
        "operatingIncomeRatio": 0.1550550875,
        "totalOtherIncomeExpensesNet": -24000000,
        "incomeBeforeTax": 933000000,
        "incomeBeforeTaxRatio": 0.1511665587,
        "incomeTaxExpense": 272000000,
        "netIncome": 658000000,
        "netIncomeRatio": 0.106610499,
        "eps": 1.54,
        "epsdiluted": 1.53,
        "weightedAverageShsOut": 427000000,
        "weightedAverageShsOutDil": 429000000,
        "link": "https://www.sec.gov/Archives/edgar/data/1021860/000119312514053283/0001193125-14-053283-index.htm",
        "finalLink": "https://www.sec.gov/Archives/edgar/data/1021860/000119312514053283/d646935d10k.htm"
    },
    {
        "date": "2013-09-30",
        "symbol": "NOV",
        "reportedCurrency": "USD",
        "cik": "0001021860",
        "fillingDate": "2013-11-04",
        "acceptedDate": "2013-11-04 15:32:52",
        "calendarYear": "2013",
        "period": "Q3",
        "revenue": 5687000000,
        "costOfRevenue": 4332000000,
        "grossProfit": 1355000000,
        "grossProfitRatio": 0.2382627044,
        "researchAndDevelopmentExpenses": 0,
        "generalAndAdministrativeExpenses": 516000000,
        "sellingAndMarketingExpenses": -14000000,
        "sellingGeneralAndAdministrativeExpenses": 502000000,
        "otherExpenses": -15000000,
        "operatingExpenses": 410000000,
        "costAndExpenses": 4742000000,
        "interestIncome": 2000000,
        "interestExpense": 26000000,
        "depreciationAndAmortization": 191000000,
        "ebitda": 945000000,
        "ebitdaratio": 0.1661684544,
        "operatingIncome": 945000000,
        "operatingIncomeRatio": 0.1661684544,
        "totalOtherIncomeExpensesNet": -27000000,
        "incomeBeforeTax": 919000000,
        "incomeBeforeTaxRatio": 0.1615966239,
        "incomeTaxExpense": 283000000,
        "netIncome": 636000000,
        "netIncomeRatio": 0.1118340074,
        "eps": 1.49,
        "epsdiluted": 1.49,
        "weightedAverageShsOut": 426000000,
        "weightedAverageShsOutDil": 428000000,
        "link": "https://www.sec.gov/Archives/edgar/data/1021860/000119312513425087/0001193125-13-425087-index.htm",
        "finalLink": "https://www.sec.gov/Archives/edgar/data/1021860/000119312513425087/d597110d10q.htm"
    },
    {
        "date": "2013-06-30",
        "symbol": "NOV",
        "reportedCurrency": "USD",
        "cik": "0001021860",
        "fillingDate": "2013-08-05",
        "acceptedDate": "2013-08-05 12:44:57",
        "calendarYear": "2013",
        "period": "Q2",
        "revenue": 5601000000,
        "costOfRevenue": 4281000000,
        "grossProfit": 1320000000,
        "grossProfitRatio": 0.2356722014,
        "researchAndDevelopmentExpenses": 0,
        "generalAndAdministrativeExpenses": 497000000,
        "sellingAndMarketingExpenses": -3000000,
        "sellingGeneralAndAdministrativeExpenses": 494000000,
        "otherExpenses": 13000000,
        "operatingExpenses": 551000000,
        "costAndExpenses": 4832000000,
        "interestIncome": 3000000,
        "interestExpense": 30000000,
        "depreciationAndAmortization": 190000000,
        "ebitda": 924000000,
        "ebitdaratio": 0.164970541,
        "operatingIncome": 769000000,
        "operatingIncomeRatio": 0.1372969113,
        "totalOtherIncomeExpensesNet": 57000000,
        "incomeBeforeTax": 770000000,
        "incomeBeforeTaxRatio": 0.1374754508,
        "incomeTaxExpense": 239000000,
        "netIncome": 531000000,
        "netIncomeRatio": 0.0948044992,
        "eps": 1.25,
        "epsdiluted": 1.24,
        "weightedAverageShsOut": 426000000,
        "weightedAverageShsOutDil": 428000000,
        "link": "https://www.sec.gov/Archives/edgar/data/1021860/000119312513318692/0001193125-13-318692-index.htm",
        "finalLink": "https://www.sec.gov/Archives/edgar/data/1021860/000119312513318692/d553846d10q.htm"
    },
    {
        "date": "2013-03-31",
        "symbol": "NOV",
        "reportedCurrency": "USD",
        "cik": "0001021860",
        "fillingDate": "2013-05-07",
        "acceptedDate": "2013-05-07 14:05:25",
        "calendarYear": "2013",
        "period": "Q1",
        "revenue": 5307000000,
        "costOfRevenue": 4020000000,
        "grossProfit": 1287000000,
        "grossProfitRatio": 0.2425098926,
        "researchAndDevelopmentExpenses": 0,
        "generalAndAdministrativeExpenses": 513000000,
        "sellingAndMarketingExpenses": -42000000,
        "sellingGeneralAndAdministrativeExpenses": 471000000,
        "otherExpenses": -13000000,
        "operatingExpenses": 544000000,
        "costAndExpenses": 4564000000,
        "interestIncome": 3000000,
        "interestExpense": 28000000,
        "depreciationAndAmortization": 174000000,
        "ebitda": 926000000,
        "ebitdaratio": 0.1744865272,
        "operatingIncome": 743000000,
        "operatingIncomeRatio": 0.1400037686,
        "totalOtherIncomeExpensesNet": -27000000,
        "incomeBeforeTax": 724000000,
        "incomeBeforeTaxRatio": 0.1364235915,
        "incomeTaxExpense": 224000000,
        "netIncome": 502000000,
        "netIncomeRatio": 0.0945920482,
        "eps": 1.18,
        "epsdiluted": 1.17,
        "weightedAverageShsOut": 426000000,
        "weightedAverageShsOutDil": 428000000,
        "link": "https://www.sec.gov/Archives/edgar/data/1021860/000119312513203945/0001193125-13-203945-index.htm",
        "finalLink": "https://www.sec.gov/Archives/edgar/data/1021860/000119312513203945/d517766d10q.htm"
    },
    {
        "date": "2012-12-31",
        "symbol": "NOV",
        "reportedCurrency": "USD",
        "cik": "0001021860",
        "fillingDate": "2013-02-22",
        "acceptedDate": "2013-02-22 11:24:42",
        "calendarYear": "2012",
        "period": "Q4",
        "revenue": 5685000000,
        "costOfRevenue": 4275000000,
        "grossProfit": 1410000000,
        "grossProfitRatio": 0.2480211082,
        "researchAndDevelopmentExpenses": 0,
        "generalAndAdministrativeExpenses": 491000000,
        "sellingAndMarketingExpenses": -35000000,
        "sellingGeneralAndAdministrativeExpenses": 456000000,
        "otherExpenses": -28000000,
        "operatingExpenses": 507000000,
        "costAndExpenses": 4782000000,
        "interestIncome": 2000000,
        "interestExpense": 21000000,
        "depreciationAndAmortization": 166000000,
        "ebitda": 1058000000,
        "ebitdaratio": 0.1861037819,
        "operatingIncome": 903000000,
        "operatingIncomeRatio": 0.1588390501,
        "totalOtherIncomeExpensesNet": -32000000,
        "incomeBeforeTax": 871000000,
        "incomeBeforeTaxRatio": 0.1532102023,
        "incomeTaxExpense": 203000000,
        "netIncome": 668000000,
        "netIncomeRatio": 0.1175021988,
        "eps": 1.57,
        "epsdiluted": 1.56,
        "weightedAverageShsOut": 426000000,
        "weightedAverageShsOutDil": 428000000,
        "link": "https://www.sec.gov/Archives/edgar/data/1021860/000119312513070840/0001193125-13-070840-index.htm",
        "finalLink": "https://www.sec.gov/Archives/edgar/data/1021860/000119312513070840/d458841d10k.htm"
    },
    {
        "date": "2012-09-30",
        "symbol": "NOV",
        "reportedCurrency": "USD",
        "cik": "0001021860",
        "fillingDate": "2012-11-02",
        "acceptedDate": "2012-11-02 15:40:57",
        "calendarYear": "2012",
        "period": "Q3",
        "revenue": 5319000000,
        "costOfRevenue": 3908000000,
        "grossProfit": 1411000000,
        "grossProfitRatio": 0.2652754277,
        "researchAndDevelopmentExpenses": 0,
        "generalAndAdministrativeExpenses": 473000000,
        "sellingAndMarketingExpenses": -8000000,
        "sellingGeneralAndAdministrativeExpenses": 465000000,
        "otherExpenses": 0,
        "operatingExpenses": 522000000,
        "costAndExpenses": 4430000000,
        "interestIncome": 2000000,
        "interestExpense": 10000000,
        "depreciationAndAmortization": 157000000,
        "ebitda": 1042000000,
        "ebitdaratio": 0.1959014852,
        "operatingIncome": 889000000,
        "operatingIncomeRatio": 0.1671366798,
        "totalOtherIncomeExpensesNet": -24000000,
        "incomeBeforeTax": 874000000,
        "incomeBeforeTaxRatio": 0.1643166009,
        "incomeTaxExpense": 265000000,
        "netIncome": 612000000,
        "netIncomeRatio": 0.1150592217,
        "eps": 1.44,
        "epsdiluted": 1.43,
        "weightedAverageShsOut": 425000000,
        "weightedAverageShsOutDil": 427000000,
        "link": "https://www.sec.gov/Archives/edgar/data/1021860/000119312512448985/0001193125-12-448985-index.htm",
        "finalLink": "https://www.sec.gov/Archives/edgar/data/1021860/000119312512448985/d408798d10q.htm"
    },
    {
        "date": "2012-06-30",
        "symbol": "NOV",
        "reportedCurrency": "USD",
        "cik": "0001021860",
        "fillingDate": "2012-08-06",
        "acceptedDate": "2012-08-06 15:35:05",
        "calendarYear": "2012",
        "period": "Q2",
        "revenue": 4734000000,
        "costOfRevenue": 3413000000,
        "grossProfit": 1321000000,
        "grossProfitRatio": 0.2790452049,
        "researchAndDevelopmentExpenses": 0,
        "generalAndAdministrativeExpenses": 427000000,
        "sellingAndMarketingExpenses": -13000000,
        "sellingGeneralAndAdministrativeExpenses": 414000000,
        "otherExpenses": 0,
        "operatingExpenses": 442000000,
        "costAndExpenses": 3855000000,
        "interestIncome": 3000000,
        "interestExpense": 9000000,
        "depreciationAndAmortization": 157000000,
        "ebitda": 1053000000,
        "ebitdaratio": 0.2224334601,
        "operatingIncome": 879000000,
        "operatingIncomeRatio": 0.1856780735,
        "totalOtherIncomeExpensesNet": 8000000,
        "incomeBeforeTax": 887000000,
        "incomeBeforeTaxRatio": 0.1873679763,
        "incomeTaxExpense": 285000000,
        "netIncome": 605000000,
        "netIncomeRatio": 0.1277989016,
        "eps": 1.42,
        "epsdiluted": 1.42,
        "weightedAverageShsOut": 425000000,
        "weightedAverageShsOutDil": 427000000,
        "link": "https://www.sec.gov/Archives/edgar/data/1021860/000119312512337604/0001193125-12-337604-index.htm",
        "finalLink": "https://www.sec.gov/Archives/edgar/data/1021860/000119312512337604/d355807d10q.htm"
    },
    {
        "date": "2012-03-31",
        "symbol": "NOV",
        "reportedCurrency": "USD",
        "cik": "0001021860",
        "fillingDate": "2012-05-08",
        "acceptedDate": "2012-05-08 14:58:15",
        "calendarYear": "2012",
        "period": "Q1",
        "revenue": 4303000000,
        "costOfRevenue": 3032000000,
        "grossProfit": 1271000000,
        "grossProfitRatio": 0.2953753195,
        "researchAndDevelopmentExpenses": 0,
        "generalAndAdministrativeExpenses": 390000000,
        "sellingAndMarketingExpenses": 7000000,
        "sellingGeneralAndAdministrativeExpenses": 397000000,
        "otherExpenses": 0,
        "operatingExpenses": 397000000,
        "costAndExpenses": 3429000000,
        "interestIncome": 3000000,
        "interestExpense": 8000000,
        "depreciationAndAmortization": 148000000,
        "ebitda": 1029000000,
        "ebitdaratio": 0.2391354869,
        "operatingIncome": 874000000,
        "operatingIncomeRatio": 0.2031141064,
        "totalOtherIncomeExpensesNet": -4000000,
        "incomeBeforeTax": 873000000,
        "incomeBeforeTaxRatio": 0.2028817104,
        "incomeTaxExpense": 269000000,
        "netIncome": 606000000,
        "netIncomeRatio": 0.1408319777,
        "eps": 1.43,
        "epsdiluted": 1.42,
        "weightedAverageShsOut": 423000000,
        "weightedAverageShsOutDil": 426000000,
        "link": "https://www.sec.gov/Archives/edgar/data/1021860/000119312512218090/0001193125-12-218090-index.htm",
        "finalLink": "https://www.sec.gov/Archives/edgar/data/1021860/000119312512218090/d337431d10q.htm"
    },
    {
        "date": "2011-12-31",
        "symbol": "NOV",
        "reportedCurrency": "USD",
        "cik": "0001021860",
        "fillingDate": "2012-02-23",
        "acceptedDate": "2012-02-23 13:26:07",
        "calendarYear": "2011",
        "period": "Q4",
        "revenue": 4259000000,
        "costOfRevenue": 2984000000,
        "grossProfit": 1275000000,
        "grossProfitRatio": 0.2993660484,
        "researchAndDevelopmentExpenses": 0,
        "generalAndAdministrativeExpenses": 427000000,
        "sellingAndMarketingExpenses": 0,
        "sellingGeneralAndAdministrativeExpenses": 427000000,
        "otherExpenses": 0,
        "operatingExpenses": 427000000,
        "costAndExpenses": 3411000000,
        "interestIncome": 5000000,
        "interestExpense": 9000000,
        "depreciationAndAmortization": 142000000,
        "ebitda": 994000000,
        "ebitdaratio": 0.2333881193,
        "operatingIncome": 848000000,
        "operatingIncomeRatio": 0.1991077718,
        "totalOtherIncomeExpensesNet": -5000000,
        "incomeBeforeTax": 843000000,
        "incomeBeforeTaxRatio": 0.1979337873,
        "incomeTaxExpense": 270000000,
        "netIncome": 574000000,
        "netIncomeRatio": 0.134773421,
        "eps": 1.36,
        "epsdiluted": 1.36,
        "weightedAverageShsOut": 423000000,
        "weightedAverageShsOutDil": 423000000,
        "link": "https://www.sec.gov/Archives/edgar/data/1021860/000119312512074776/0001193125-12-074776-index.htm",
        "finalLink": "https://www.sec.gov/Archives/edgar/data/1021860/000119312512074776/d267762d10k.htm"
    },
    {
        "date": "2011-09-30",
        "symbol": "NOV",
        "reportedCurrency": "USD",
        "cik": "0001021860",
        "fillingDate": "2011-11-04",
        "acceptedDate": "2011-11-04 13:41:31",
        "calendarYear": "2011",
        "period": "Q3",
        "revenue": 3740000000,
        "costOfRevenue": 2570000000,
        "grossProfit": 1170000000,
        "grossProfitRatio": 0.3128342246,
        "researchAndDevelopmentExpenses": 0,
        "generalAndAdministrativeExpenses": 392000000,
        "sellingAndMarketingExpenses": 0,
        "sellingGeneralAndAdministrativeExpenses": 392000000,
        "otherExpenses": 0,
        "operatingExpenses": 392000000,
        "costAndExpenses": 2962000000,
        "interestIncome": 5000000,
        "interestExpense": 8000000,
        "depreciationAndAmortization": 140000000,
        "ebitda": 928000000,
        "ebitdaratio": 0.2481283422,
        "operatingIncome": 772000000,
        "operatingIncomeRatio": 0.2064171123,
        "totalOtherIncomeExpensesNet": 8000000,
        "incomeBeforeTax": 780000000,
        "incomeBeforeTaxRatio": 0.2085561497,
        "incomeTaxExpense": 252000000,
        "netIncome": 532000000,
        "netIncomeRatio": 0.1422459893,
        "eps": 1.26,
        "epsdiluted": 1.25,
        "weightedAverageShsOut": 422000000,
        "weightedAverageShsOutDil": 425000000,
        "link": "https://www.sec.gov/Archives/edgar/data/1021860/000095012311095230/0000950123-11-095230-index.htm",
        "finalLink": "https://www.sec.gov/Archives/edgar/data/1021860/000095012311095230/h84351e10vq.htm"
    },
    {
        "date": "2011-06-30",
        "symbol": "NOV",
        "reportedCurrency": "USD",
        "cik": "0001021860",
        "fillingDate": "2011-08-05",
        "acceptedDate": "2011-08-05 15:49:14",
        "calendarYear": "2011",
        "period": "Q2",
        "revenue": 3513000000,
        "costOfRevenue": 2426000000,
        "grossProfit": 1087000000,
        "grossProfitRatio": 0.3094221463,
        "researchAndDevelopmentExpenses": 0,
        "generalAndAdministrativeExpenses": 375000000,
        "sellingAndMarketingExpenses": 0,
        "sellingGeneralAndAdministrativeExpenses": 375000000,
        "otherExpenses": 0,
        "operatingExpenses": 375000000,
        "costAndExpenses": 2801000000,
        "interestIncome": 4000000,
        "interestExpense": 9000000,
        "depreciationAndAmortization": 138000000,
        "ebitda": 853000000,
        "ebitdaratio": 0.242812411,
        "operatingIncome": 708000000,
        "operatingIncomeRatio": 0.2015371477,
        "totalOtherIncomeExpensesNet": -2000000,
        "incomeBeforeTax": 706000000,
        "incomeBeforeTaxRatio": 0.2009678338,
        "incomeTaxExpense": 226000000,
        "netIncome": 481000000,
        "netIncomeRatio": 0.1369200114,
        "eps": 1.14,
        "epsdiluted": 1.13,
        "weightedAverageShsOut": 422000000,
        "weightedAverageShsOutDil": 425000000,
        "link": "https://www.sec.gov/Archives/edgar/data/1021860/000095012311073636/0000950123-11-073636-index.htm",
        "finalLink": "https://www.sec.gov/Archives/edgar/data/1021860/000095012311073636/h82414e10vq.htm"
    },
    {
        "date": "2011-03-31",
        "symbol": "NOV",
        "reportedCurrency": "USD",
        "cik": "0001021860",
        "fillingDate": "2011-05-06",
        "acceptedDate": "2011-05-06 11:31:58",
        "calendarYear": "2011",
        "period": "Q1",
        "revenue": 3146000000,
        "costOfRevenue": 2152000000,
        "grossProfit": 994000000,
        "grossProfitRatio": 0.3159567705,
        "researchAndDevelopmentExpenses": 0,
        "generalAndAdministrativeExpenses": 366000000,
        "sellingAndMarketingExpenses": 0,
        "sellingGeneralAndAdministrativeExpenses": 366000000,
        "otherExpenses": 0,
        "operatingExpenses": 385000000,
        "costAndExpenses": 2537000000,
        "interestIncome": 4000000,
        "interestExpense": 14000000,
        "depreciationAndAmortization": 135000000,
        "ebitda": 742000000,
        "ebitdaratio": 0.235855054,
        "operatingIncome": 609000000,
        "operatingIncomeRatio": 0.1935791481,
        "totalOtherIncomeExpensesNet": -16000000,
        "incomeBeforeTax": 593000000,
        "incomeBeforeTaxRatio": 0.1884933249,
        "incomeTaxExpense": 189000000,
        "netIncome": 407000000,
        "netIncomeRatio": 0.1293706294,
        "eps": 0.97,
        "epsdiluted": 0.96,
        "weightedAverageShsOut": 420000000,
        "weightedAverageShsOutDil": 423000000,
        "link": "https://www.sec.gov/Archives/edgar/data/1021860/000095012311046298/0000950123-11-046298-index.htm",
        "finalLink": "https://www.sec.gov/Archives/edgar/data/1021860/000095012311046298/h80292e10vq.htm"
    },
    {
        "date": "2010-12-31",
        "symbol": "NOV",
        "reportedCurrency": "USD",
        "cik": "0001021860",
        "fillingDate": "2011-02-23",
        "acceptedDate": "2011-02-23 15:06:50",
        "calendarYear": "2010",
        "period": "Q4",
        "revenue": 3172000000,
        "costOfRevenue": 2175000000,
        "grossProfit": 997000000,
        "grossProfitRatio": 0.3143127364,
        "researchAndDevelopmentExpenses": 0,
        "generalAndAdministrativeExpenses": 373000000,
        "sellingAndMarketingExpenses": 0,
        "sellingGeneralAndAdministrativeExpenses": 373000000,
        "otherExpenses": 0,
        "operatingExpenses": 373000000,
        "costAndExpenses": 2548000000,
        "interestIncome": 4000000,
        "interestExpense": 12000000,
        "depreciationAndAmortization": 129000000,
        "ebitda": 764000000,
        "ebitdaratio": 0.2408575032,
        "operatingIncome": 624000000,
        "operatingIncomeRatio": 0.1967213115,
        "totalOtherIncomeExpensesNet": -1000000,
        "incomeBeforeTax": 623000000,
        "incomeBeforeTaxRatio": 0.196406053,
        "incomeTaxExpense": 186000000,
        "netIncome": 440000000,
        "netIncomeRatio": 0.1387137453,
        "eps": 1.05,
        "epsdiluted": 1.05,
        "weightedAverageShsOut": 417000000,
        "weightedAverageShsOutDil": 420000000,
        "link": "https://www.sec.gov/Archives/edgar/data/1021860/000095012311017063/0000950123-11-017063-index.htm",
        "finalLink": "https://www.sec.gov/Archives/edgar/data/1021860/000095012311017063/h78222e10vk.htm"
    },
    {
        "date": "2010-09-30",
        "symbol": "NOV",
        "reportedCurrency": "USD",
        "cik": "0001021860",
        "fillingDate": "2010-11-05",
        "acceptedDate": "2010-11-05 11:36:47",
        "calendarYear": "2010",
        "period": "Q3",
        "revenue": 3011000000,
        "costOfRevenue": 2064000000,
        "grossProfit": 947000000,
        "grossProfitRatio": 0.3145134507,
        "researchAndDevelopmentExpenses": 0,
        "generalAndAdministrativeExpenses": 349000000,
        "sellingAndMarketingExpenses": 2000000,
        "sellingGeneralAndAdministrativeExpenses": 351000000,
        "otherExpenses": 0,
        "operatingExpenses": 351000000,
        "costAndExpenses": 2415000000,
        "interestIncome": 4000000,
        "interestExpense": 12000000,
        "depreciationAndAmortization": 127000000,
        "ebitda": 712000000,
        "ebitdaratio": 0.2364662903,
        "operatingIncome": 596000000,
        "operatingIncomeRatio": 0.1979408834,
        "totalOtherIncomeExpensesNet": -23000000,
        "incomeBeforeTax": 573000000,
        "incomeBeforeTaxRatio": 0.1903022252,
        "incomeTaxExpense": 169000000,
        "netIncome": 404000000,
        "netIncomeRatio": 0.1341746928,
        "eps": 0.97,
        "epsdiluted": 0.96,
        "weightedAverageShsOut": 417000000,
        "weightedAverageShsOutDil": 419000000,
        "link": "https://www.sec.gov/Archives/edgar/data/1021860/000095012310101447/0000950123-10-101447-index.htm",
        "finalLink": "https://www.sec.gov/Archives/edgar/data/1021860/000095012310101447/h76485e10vq.htm"
    },
    {
        "date": "2010-06-30",
        "symbol": "NOV",
        "reportedCurrency": "USD",
        "cik": "0001021860",
        "fillingDate": "2010-08-06",
        "acceptedDate": "2010-08-06 11:47:02",
        "calendarYear": "2010",
        "period": "Q2",
        "revenue": 2941000000,
        "costOfRevenue": 2009000000,
        "grossProfit": 932000000,
        "grossProfitRatio": 0.3168990139,
        "researchAndDevelopmentExpenses": 0,
        "generalAndAdministrativeExpenses": 338000000,
        "sellingAndMarketingExpenses": 0,
        "sellingGeneralAndAdministrativeExpenses": 338000000,
        "otherExpenses": 0,
        "operatingExpenses": 342000000,
        "costAndExpenses": 2351000000,
        "interestIncome": 3000000,
        "interestExpense": 13000000,
        "depreciationAndAmortization": 124000000,
        "ebitda": 722000000,
        "ebitdaratio": 0.2454947297,
        "operatingIncome": 590000000,
        "operatingIncomeRatio": 0.2006120367,
        "totalOtherIncomeExpensesNet": -5000000,
        "incomeBeforeTax": 585000000,
        "incomeBeforeTaxRatio": 0.1989119347,
        "incomeTaxExpense": 186000000,
        "netIncome": 401000000,
        "netIncomeRatio": 0.1363481809,
        "eps": 0.96,
        "epsdiluted": 0.96,
        "weightedAverageShsOut": 417000000,
        "weightedAverageShsOutDil": 419000000,
        "link": "https://www.sec.gov/Archives/edgar/data/1021860/000095012310073975/0000950123-10-073975-index.htm",
        "finalLink": "https://www.sec.gov/Archives/edgar/data/1021860/000095012310073975/h74547e10vq.htm"
    },
    {
        "date": "2010-03-31",
        "symbol": "NOV",
        "reportedCurrency": "USD",
        "cik": "0001021860",
        "fillingDate": "2010-05-07",
        "acceptedDate": "2010-05-07 15:44:13",
        "calendarYear": "2010",
        "period": "Q1",
        "revenue": 3032000000,
        "costOfRevenue": 2059000000,
        "grossProfit": 973000000,
        "grossProfitRatio": 0.3209102902,
        "researchAndDevelopmentExpenses": 0,
        "generalAndAdministrativeExpenses": 325000000,
        "sellingAndMarketingExpenses": 0,
        "sellingGeneralAndAdministrativeExpenses": 325000000,
        "otherExpenses": 0,
        "operatingExpenses": 325000000,
        "costAndExpenses": 2384000000,
        "interestIncome": 2000000,
        "interestExpense": 13000000,
        "depreciationAndAmortization": 127000000,
        "ebitda": 756000000,
        "ebitdaratio": 0.2493403694,
        "operatingIncome": 610000000,
        "operatingIncomeRatio": 0.2011873351,
        "totalOtherIncomeExpensesNet": -21000000,
        "incomeBeforeTax": 616000000,
        "incomeBeforeTaxRatio": 0.2031662269,
        "incomeTaxExpense": 197000000,
        "netIncome": 422000000,
        "netIncomeRatio": 0.139182058,
        "eps": 1.01,
        "epsdiluted": 1.01,
        "weightedAverageShsOut": 417000000,
        "weightedAverageShsOutDil": 419000000,
        "link": "https://www.sec.gov/Archives/edgar/data/1021860/000095012310046332/0000950123-10-046332-index.htm",
        "finalLink": "https://www.sec.gov/Archives/edgar/data/1021860/000095012310046332/h70196e10vq.htm"
    },
    {
        "date": "2009-12-31",
        "symbol": "NOV",
        "reportedCurrency": "USD",
        "cik": "0001021860",
        "fillingDate": "2010-02-26",
        "acceptedDate": "2010-02-26 10:34:38",
        "calendarYear": "2009",
        "period": "Q4",
        "revenue": 3134000000,
        "costOfRevenue": 2155000000,
        "grossProfit": 979000000,
        "grossProfitRatio": 0.3123803446,
        "researchAndDevelopmentExpenses": 0,
        "generalAndAdministrativeExpenses": 390000000,
        "sellingAndMarketingExpenses": 0,
        "sellingGeneralAndAdministrativeExpenses": 390000000,
        "otherExpenses": 0,
        "operatingExpenses": 390000000,
        "costAndExpenses": 2545000000,
        "interestIncome": 1000000,
        "interestExpense": 13000000,
        "depreciationAndAmortization": 126000000,
        "ebitda": 714000000,
        "ebitdaratio": 0.2278238673,
        "operatingIncome": 608000000,
        "operatingIncomeRatio": 0.1940012763,
        "totalOtherIncomeExpensesNet": -33000000,
        "incomeBeforeTax": 575000000,
        "incomeBeforeTaxRatio": 0.1834716018,
        "incomeTaxExpense": 184000000,
        "netIncome": 394000000,
        "netIncomeRatio": 0.1257179324,
        "eps": 0.94,
        "epsdiluted": 0.94,
        "weightedAverageShsOut": 416000000,
        "weightedAverageShsOutDil": 417000000,
        "link": "https://www.sec.gov/Archives/edgar/data/1021860/000095012310017647/0000950123-10-017647-index.htm",
        "finalLink": "https://www.sec.gov/Archives/edgar/data/1021860/000095012310017647/h69020e10vk.htm"
    },
    {
        "date": "2009-09-30",
        "symbol": "NOV",
        "reportedCurrency": "USD",
        "cik": "0001021860",
        "fillingDate": "2009-11-06",
        "acceptedDate": "2009-11-06 11:28:40",
        "calendarYear": "2009",
        "period": "Q3",
        "revenue": 3087000000,
        "costOfRevenue": 2190000000,
        "grossProfit": 897000000,
        "grossProfitRatio": 0.2905733722,
        "researchAndDevelopmentExpenses": 0,
        "generalAndAdministrativeExpenses": 279000000,
        "sellingAndMarketingExpenses": 0,
        "sellingGeneralAndAdministrativeExpenses": 279000000,
        "otherExpenses": 0,
        "operatingExpenses": 279000000,
        "costAndExpenses": 2469000000,
        "interestIncome": 4000000,
        "interestExpense": 14000000,
        "depreciationAndAmortization": 126000000,
        "ebitda": 719000000,
        "ebitdaratio": 0.2329122125,
        "operatingIncome": 601000000,
        "operatingIncomeRatio": 0.1946873988,
        "totalOtherIncomeExpensesNet": -22000000,
        "incomeBeforeTax": 579000000,
        "incomeBeforeTaxRatio": 0.1875607386,
        "incomeTaxExpense": 192000000,
        "netIncome": 385000000,
        "netIncomeRatio": 0.1247165533,
        "eps": 0.93,
        "epsdiluted": 0.92,
        "weightedAverageShsOut": 416000000,
        "weightedAverageShsOutDil": 418000000,
        "link": "https://www.sec.gov/Archives/edgar/data/1021860/000095012309058999/0000950123-09-058999-index.htm",
        "finalLink": "https://www.sec.gov/Archives/edgar/data/1021860/000095012309058999/h67776e10vq.htm"
    },
    {
        "date": "2009-06-30",
        "symbol": "NOV",
        "reportedCurrency": "USD",
        "cik": "0001021860",
        "fillingDate": "2009-08-10",
        "acceptedDate": "2009-08-07 19:49:20",
        "calendarYear": "2009",
        "period": "Q2",
        "revenue": 3010000000,
        "costOfRevenue": 2133000000,
        "grossProfit": 877000000,
        "grossProfitRatio": 0.2913621262,
        "researchAndDevelopmentExpenses": 0,
        "generalAndAdministrativeExpenses": 342000000,
        "sellingAndMarketingExpenses": -54000000,
        "sellingGeneralAndAdministrativeExpenses": 288000000,
        "otherExpenses": 0,
        "operatingExpenses": 344000000,
        "costAndExpenses": 2477000000,
        "interestIncome": 2000000,
        "interestExpense": 13000000,
        "depreciationAndAmortization": 122000000,
        "ebitda": 488000000,
        "ebitdaratio": 0.1621262458,
        "operatingIncome": 386000000,
        "operatingIncomeRatio": 0.1282392027,
        "totalOtherIncomeExpensesNet": -33000000,
        "incomeBeforeTax": 353000000,
        "incomeBeforeTaxRatio": 0.1172757475,
        "incomeTaxExpense": 131000000,
        "netIncome": 220000000,
        "netIncomeRatio": 0.073089701,
        "eps": 0.53,
        "epsdiluted": 0.53,
        "weightedAverageShsOut": 416000000,
        "weightedAverageShsOutDil": 418000000,
        "link": "https://www.sec.gov/Archives/edgar/data/1021860/000095012309032328/0000950123-09-032328-index.htm",
        "finalLink": "https://www.sec.gov/Archives/edgar/data/1021860/000095012309032328/h67433e10vq.htm"
    },
    {
        "date": "2009-03-31",
        "symbol": "NOV",
        "reportedCurrency": "USD",
        "cik": "0001021860",
        "fillingDate": "2009-05-06",
        "acceptedDate": "2009-05-06 16:30:44",
        "calendarYear": "2009",
        "period": "Q1",
        "revenue": 3481000000,
        "costOfRevenue": 2442000000,
        "grossProfit": 1039000000,
        "grossProfitRatio": 0.298477449,
        "researchAndDevelopmentExpenses": 0,
        "generalAndAdministrativeExpenses": 319000000,
        "sellingAndMarketingExpenses": 0,
        "sellingGeneralAndAdministrativeExpenses": 319000000,
        "otherExpenses": 0,
        "operatingExpenses": 319000000,
        "costAndExpenses": 2761000000,
        "interestIncome": 2000000,
        "interestExpense": 13000000,
        "depreciationAndAmortization": 116000000,
        "ebitda": 830000000,
        "ebitdaratio": 0.2384372307,
        "operatingIncome": 720000000,
        "operatingIncomeRatio": 0.2068371158,
        "totalOtherIncomeExpensesNet": -19000000,
        "incomeBeforeTax": 701000000,
        "incomeBeforeTaxRatio": 0.2013789141,
        "incomeTaxExpense": 228000000,
        "netIncome": 470000000,
        "netIncomeRatio": 0.1350186728,
        "eps": 1.13,
        "epsdiluted": 1.13,
        "weightedAverageShsOut": 416000000,
        "weightedAverageShsOutDil": 418000000,
        "link": "https://www.sec.gov/Archives/edgar/data/1021860/000095012909001500/0000950129-09-001500-index.htm",
        "finalLink": "https://www.sec.gov/Archives/edgar/data/1021860/000095012909001500/h66676e10vq.htm"
    },
    {
        "date": "2008-12-31",
        "symbol": "NOV",
        "reportedCurrency": "USD",
        "cik": "0001021860",
        "fillingDate": "2009-03-02",
        "acceptedDate": "2009-03-02 14:08:49",
        "calendarYear": "2008",
        "period": "Q4",
        "revenue": 3810200000,
        "costOfRevenue": 2616800000,
        "grossProfit": 1193400000,
        "grossProfitRatio": 0.3132119049,
        "researchAndDevelopmentExpenses": 0,
        "generalAndAdministrativeExpenses": 326400000,
        "sellingAndMarketingExpenses": 0,
        "sellingGeneralAndAdministrativeExpenses": 326400000,
        "otherExpenses": 0,
        "operatingExpenses": 326400000,
        "costAndExpenses": 2943200000,
        "interestIncome": 0,
        "interestExpense": 0,
        "depreciationAndAmortization": 117500000,
        "ebitda": 984500000,
        "ebitdaratio": 0.2583853866,
        "operatingIncome": 867000000,
        "operatingIncomeRatio": 0.2275471104,
        "totalOtherIncomeExpensesNet": 9500000,
        "incomeBeforeTax": 876500000,
        "incomeBeforeTaxRatio": 0.2300404178,
        "incomeTaxExpense": 286100000,
        "netIncome": 585000000,
        "netIncomeRatio": 0.1535352475,
        "eps": 1.41,
        "epsdiluted": 1.41,
        "weightedAverageShsOut": 415000000,
        "weightedAverageShsOutDil": 416000000,
        "link": "https://www.sec.gov/Archives/edgar/data/1021860/000095013409004210/0000950134-09-004210-index.htm",
        "finalLink": "https://www.sec.gov/Archives/edgar/data/1021860/000095013409004210/h65779e10vk.htm"
    },
    {
        "date": "2008-09-30",
        "symbol": "NOV",
        "reportedCurrency": "USD",
        "cik": "0001021860",
        "fillingDate": "2008-11-04",
        "acceptedDate": "2008-11-04 15:26:55",
        "calendarYear": "2008",
        "period": "Q3",
        "revenue": 3611600000,
        "costOfRevenue": 2511600000,
        "grossProfit": 1100000000,
        "grossProfitRatio": 0.30457415,
        "researchAndDevelopmentExpenses": 0,
        "generalAndAdministrativeExpenses": 309700000,
        "sellingAndMarketingExpenses": 0,
        "sellingGeneralAndAdministrativeExpenses": 309700000,
        "otherExpenses": 0,
        "operatingExpenses": 337700000,
        "costAndExpenses": 2849300000,
        "interestIncome": 10400000,
        "interestExpense": 19000000,
        "depreciationAndAmortization": 116200000,
        "ebitda": 864100000,
        "ebitdaratio": 0.2392568391,
        "operatingIncome": 790300000,
        "operatingIncomeRatio": 0.2188226825,
        "totalOtherIncomeExpensesNet": 26700000,
        "incomeBeforeTax": 816600000,
        "incomeBeforeTaxRatio": 0.2261047735,
        "incomeTaxExpense": 263700000,
        "netIncome": 547700000,
        "netIncomeRatio": 0.1516502381,
        "eps": 1.32,
        "epsdiluted": 1.31,
        "weightedAverageShsOut": 416000000,
        "weightedAverageShsOutDil": 418000000,
        "link": "https://www.sec.gov/Archives/edgar/data/1021860/000095012908005430/0000950129-08-005430-index.htm",
        "finalLink": "https://www.sec.gov/Archives/edgar/data/1021860/000095012908005430/h64753e10vq.htm"
    },
    {
        "date": "2008-06-30",
        "symbol": "NOV",
        "reportedCurrency": "USD",
        "cik": "0001021860",
        "fillingDate": "2008-08-08",
        "acceptedDate": "2008-08-08 14:38:21",
        "calendarYear": "2008",
        "period": "Q2",
        "revenue": 3324200000,
        "costOfRevenue": 2342700000,
        "grossProfit": 981500000,
        "grossProfitRatio": 0.2952590097,
        "researchAndDevelopmentExpenses": 0,
        "generalAndAdministrativeExpenses": 273400000,
        "sellingAndMarketingExpenses": 0,
        "sellingGeneralAndAdministrativeExpenses": 273400000,
        "otherExpenses": 0,
        "operatingExpenses": 289800000,
        "costAndExpenses": 2632500000,
        "interestIncome": 10000000,
        "interestExpense": 24000000,
        "depreciationAndAmortization": 106400000,
        "ebitda": 811000000,
        "ebitdaratio": 0.2439684736,
        "operatingIncome": 691700000,
        "operatingIncomeRatio": 0.2080801396,
        "totalOtherIncomeExpensesNet": -10500000,
        "incomeBeforeTax": 680500000,
        "incomeBeforeTaxRatio": 0.2047109079,
        "incomeTaxExpense": 254900000,
        "netIncome": 421700000,
        "netIncomeRatio": 0.1268575898,
        "eps": 1.05,
        "epsdiluted": 1.04,
        "weightedAverageShsOut": 402000000,
        "weightedAverageShsOutDil": 404000000,
        "link": "https://www.sec.gov/Archives/edgar/data/1021860/000095012908004358/0000950129-08-004358-index.htm",
        "finalLink": "https://www.sec.gov/Archives/edgar/data/1021860/000095012908004358/h59399e10vq.htm"
    },
    {
        "date": "2008-03-31",
        "symbol": "NOV",
        "reportedCurrency": "USD",
        "cik": "0001021860",
        "fillingDate": "2008-05-09",
        "acceptedDate": "2008-05-09 15:31:02",
        "calendarYear": "2008",
        "period": "Q1",
        "revenue": 2685400000,
        "costOfRevenue": 1888800000,
        "grossProfit": 796600000,
        "grossProfitRatio": 0.2966410963,
        "researchAndDevelopmentExpenses": 0,
        "generalAndAdministrativeExpenses": 228100000,
        "sellingAndMarketingExpenses": 0,
        "sellingGeneralAndAdministrativeExpenses": 228100000,
        "otherExpenses": 0,
        "operatingExpenses": 228100000,
        "costAndExpenses": 2116900000,
        "interestIncome": 16000000,
        "interestExpense": 10000000,
        "depreciationAndAmortization": 61500000,
        "ebitda": 659000000,
        "ebitdaratio": 0.2454010576,
        "operatingIncome": 568500000,
        "operatingIncomeRatio": 0.2117003054,
        "totalOtherIncomeExpensesNet": 19000000,
        "incomeBeforeTax": 587700000,
        "incomeBeforeTaxRatio": 0.2188500782,
        "incomeTaxExpense": 188100000,
        "netIncome": 397600000,
        "netIncomeRatio": 0.1480598793,
        "eps": 1.12,
        "epsdiluted": 1.11,
        "weightedAverageShsOut": 356000000,
        "weightedAverageShsOutDil": 359000000,
        "link": "https://www.sec.gov/Archives/edgar/data/1021860/000095012908002907/0000950129-08-002907-index.htm",
        "finalLink": "https://www.sec.gov/Archives/edgar/data/1021860/000095012908002907/h56713e10vq.htm"
    },
    {
        "date": "2007-12-31",
        "symbol": "NOV",
        "reportedCurrency": "USD",
        "cik": "0001021860",
        "fillingDate": "2008-02-29",
        "acceptedDate": "2008-02-29 14:54:58",
        "calendarYear": "2007",
        "period": "Q4",
        "revenue": 2658900000,
        "costOfRevenue": 1867800000,
        "grossProfit": 791100000,
        "grossProfitRatio": 0.2975290534,
        "researchAndDevelopmentExpenses": 0,
        "generalAndAdministrativeExpenses": 216400000,
        "sellingAndMarketingExpenses": 0,
        "sellingGeneralAndAdministrativeExpenses": 216400000,
        "otherExpenses": 0,
        "operatingExpenses": 216400000,
        "costAndExpenses": 2084200000,
        "interestIncome": 0,
        "interestExpense": 0,
        "depreciationAndAmortization": 58500000,
        "ebitda": 633200000,
        "ebitdaratio": 0.2381435932,
        "operatingIncome": 574700000,
        "operatingIncomeRatio": 0.2161420136,
        "totalOtherIncomeExpensesNet": -8400000,
        "incomeBeforeTax": 566300000,
        "incomeBeforeTaxRatio": 0.2129828124,
        "incomeTaxExpense": 185300000,
        "netIncome": 376700000,
        "netIncomeRatio": 0.1416751288,
        "eps": 1.06,
        "epsdiluted": 1.06,
        "weightedAverageShsOut": 355900000,
        "weightedAverageShsOutDil": 356100000,
        "link": "https://www.sec.gov/Archives/edgar/data/1021860/000095012908001367/0000950129-08-001367-index.htm",
        "finalLink": "https://www.sec.gov/Archives/edgar/data/1021860/000095012908001367/h54397e10vk.htm"
    },
    {
        "date": "2007-09-30",
        "symbol": "NOV",
        "reportedCurrency": "USD",
        "cik": "0001021860",
        "fillingDate": "2007-11-05",
        "acceptedDate": "2007-11-05 16:51:41",
        "calendarYear": "2007",
        "period": "Q3",
        "revenue": 2579500000,
        "costOfRevenue": 1839200000,
        "grossProfit": 740300000,
        "grossProfitRatio": 0.2869936034,
        "researchAndDevelopmentExpenses": 0,
        "generalAndAdministrativeExpenses": 194900000,
        "sellingAndMarketingExpenses": 0,
        "sellingGeneralAndAdministrativeExpenses": 194900000,
        "otherExpenses": 0,
        "operatingExpenses": 194900000,
        "costAndExpenses": 2034100000,
        "interestIncome": 0,
        "interestExpense": 0,
        "depreciationAndAmortization": 56400000,
        "ebitda": 545400000,
        "ebitdaratio": 0.2114363249,
        "operatingIncome": 545400000,
        "operatingIncomeRatio": 0.2114363249,
        "totalOtherIncomeExpensesNet": -1600000,
        "incomeBeforeTax": 548300000,
        "incomeBeforeTaxRatio": 0.2125605738,
        "incomeTaxExpense": 177800000,
        "netIncome": 366000000,
        "netIncomeRatio": 0.1418879628,
        "eps": 1.03,
        "epsdiluted": 1.02,
        "weightedAverageShsOut": 355500000,
        "weightedAverageShsOutDil": 357900000,
        "link": "https://www.sec.gov/Archives/edgar/data/1021860/000095012907005334/0000950129-07-005334-index.htm",
        "finalLink": "https://www.sec.gov/Archives/edgar/data/1021860/000095012907005334/h51096e10vq.htm"
    },
    {
        "date": "2007-06-30",
        "symbol": "NOV",
        "reportedCurrency": "USD",
        "cik": "0001021860",
        "fillingDate": "2007-08-02",
        "acceptedDate": "2007-08-02 14:55:19",
        "calendarYear": "2007",
        "period": "Q2",
        "revenue": 2384900000,
        "costOfRevenue": 1701100000,
        "grossProfit": 683800000,
        "grossProfitRatio": 0.2867206172,
        "researchAndDevelopmentExpenses": 0,
        "generalAndAdministrativeExpenses": 186600000,
        "sellingAndMarketingExpenses": 0,
        "sellingGeneralAndAdministrativeExpenses": 186600000,
        "otherExpenses": 0,
        "operatingExpenses": 186600000,
        "costAndExpenses": 1887700000,
        "interestIncome": 0,
        "interestExpense": 0,
        "depreciationAndAmortization": 51900000,
        "ebitda": 497200000,
        "ebitdaratio": 0.2084783429,
        "operatingIncome": 497200000,
        "operatingIncomeRatio": 0.2084783429,
        "totalOtherIncomeExpensesNet": -3900000,
        "incomeBeforeTax": 493300000,
        "incomeBeforeTaxRatio": 0.2068430542,
        "incomeTaxExpense": 172000000,
        "netIncome": 318500000,
        "netIncomeRatio": 0.1335485765,
        "eps": 0.9,
        "epsdiluted": 0.9,
        "weightedAverageShsOut": 354400000,
        "weightedAverageShsOutDil": 356400000,
        "link": "https://www.sec.gov/Archives/edgar/data/1021860/000095012907003713/0000950129-07-003713-index.htm",
        "finalLink": "https://www.sec.gov/Archives/edgar/data/1021860/000095012907003713/h48701e10vq.htm"
    },
    {
        "date": "2007-03-31",
        "symbol": "NOV",
        "reportedCurrency": "USD",
        "cik": "0001021860",
        "fillingDate": "2007-05-07",
        "acceptedDate": "2007-05-07 15:22:16",
        "calendarYear": "2007",
        "period": "Q1",
        "revenue": 2165700000,
        "costOfRevenue": 1550700000,
        "grossProfit": 615000000,
        "grossProfitRatio": 0.2839728494,
        "researchAndDevelopmentExpenses": 0,
        "generalAndAdministrativeExpenses": 187900000,
        "sellingAndMarketingExpenses": 0,
        "sellingGeneralAndAdministrativeExpenses": 187900000,
        "otherExpenses": 0,
        "operatingExpenses": 187900000,
        "costAndExpenses": 1738600000,
        "interestIncome": 0,
        "interestExpense": 0,
        "depreciationAndAmortization": 47300000,
        "ebitda": 474400000,
        "ebitdaratio": 0.2190515769,
        "operatingIncome": 427100000,
        "operatingIncomeRatio": 0.1972110634,
        "totalOtherIncomeExpensesNet": -6100000,
        "incomeBeforeTax": 421000000,
        "incomeBeforeTaxRatio": 0.1943944221,
        "incomeTaxExpense": 140700000,
        "netIncome": 275900000,
        "netIncomeRatio": 0.1273952994,
        "eps": 0.78,
        "epsdiluted": 0.78,
        "weightedAverageShsOut": 351800000,
        "weightedAverageShsOutDil": 355100000,
        "link": "https://www.sec.gov/Archives/edgar/data/1021860/000095012907002305/0000950129-07-002305-index.htm",
        "finalLink": "https://www.sec.gov/Archives/edgar/data/1021860/000095012907002305/h46339e10vq.htm"
    },
    {
        "date": "2006-12-31",
        "symbol": "NOV",
        "reportedCurrency": "USD",
        "cik": "0001021860",
        "fillingDate": "2007-02-27",
        "acceptedDate": "2007-02-27 16:09:05",
        "calendarYear": "2006",
        "period": "Q4",
        "revenue": 2078700000,
        "costOfRevenue": 1511300000,
        "grossProfit": 567400000,
        "grossProfitRatio": 0.272959061,
        "researchAndDevelopmentExpenses": 0,
        "generalAndAdministrativeExpenses": 186200000,
        "sellingAndMarketingExpenses": 0,
        "sellingGeneralAndAdministrativeExpenses": 186200000,
        "otherExpenses": 0,
        "operatingExpenses": 186200000,
        "costAndExpenses": 1697500000,
        "interestIncome": 0,
        "interestExpense": 0,
        "depreciationAndAmortization": 41900000,
        "ebitda": 423100000,
        "ebitdaratio": 0.2035406745,
        "operatingIncome": 381200000,
        "operatingIncomeRatio": 0.1833838457,
        "totalOtherIncomeExpensesNet": -11900000,
        "incomeBeforeTax": 369300000,
        "incomeBeforeTaxRatio": 0.1776591139,
        "incomeTaxExpense": 127300000,
        "netIncome": 239200000,
        "netIncomeRatio": 0.1150719199,
        "eps": 0.68,
        "epsdiluted": 0.68,
        "weightedAverageShsOut": 351000000,
        "weightedAverageShsOutDil": 351800000,
        "link": "https://www.sec.gov/Archives/edgar/data/1021860/000095012907000924/0000950129-07-000924-index.htm",
        "finalLink": "https://www.sec.gov/Archives/edgar/data/1021860/000095012907000924/h43960e10vk.htm"
    },
    {
        "date": "2006-09-30",
        "symbol": "NOV",
        "reportedCurrency": "USD",
        "cik": "0001021860",
        "fillingDate": "2006-11-03",
        "acceptedDate": "2006-11-03 17:13:58",
        "calendarYear": "2006",
        "period": "Q3",
        "revenue": 1777900000,
        "costOfRevenue": 1335200000,
        "grossProfit": 442700000,
        "grossProfitRatio": 0.2490016311,
        "researchAndDevelopmentExpenses": 0,
        "generalAndAdministrativeExpenses": 157200000,
        "sellingAndMarketingExpenses": 0,
        "sellingGeneralAndAdministrativeExpenses": 157200000,
        "otherExpenses": 0,
        "operatingExpenses": 157200000,
        "costAndExpenses": 1492400000,
        "interestIncome": 0,
        "interestExpense": 0,
        "depreciationAndAmortization": 41600000,
        "ebitda": 285500000,
        "ebitdaratio": 0.1605827099,
        "operatingIncome": 285500000,
        "operatingIncomeRatio": 0.1605827099,
        "totalOtherIncomeExpensesNet": -14400000,
        "incomeBeforeTax": 271100000,
        "incomeBeforeTaxRatio": 0.1524832668,
        "incomeTaxExpense": 90800000,
        "netIncome": 176600000,
        "netIncomeRatio": 0.099330671,
        "eps": 0.51,
        "epsdiluted": 0.5,
        "weightedAverageShsOut": 350800000,
        "weightedAverageShsOutDil": 353800000,
        "link": "https://www.sec.gov/Archives/edgar/data/1021860/000095012906009379/0000950129-06-009379-index.htm",
        "finalLink": "https://www.sec.gov/Archives/edgar/data/1021860/000095012906009379/h40890e10vq.htm"
    },
    {
        "date": "2006-06-30",
        "symbol": "NOV",
        "reportedCurrency": "USD",
        "cik": "0001021860",
        "fillingDate": "2006-08-04",
        "acceptedDate": "2006-08-04 15:16:22",
        "calendarYear": "2006",
        "period": "Q2",
        "revenue": 1657400000,
        "costOfRevenue": 1256700000,
        "grossProfit": 400700000,
        "grossProfitRatio": 0.241764209,
        "researchAndDevelopmentExpenses": 0,
        "generalAndAdministrativeExpenses": 154100000,
        "sellingAndMarketingExpenses": 0,
        "sellingGeneralAndAdministrativeExpenses": 154100000,
        "otherExpenses": 0,
        "operatingExpenses": 154100000,
        "costAndExpenses": 1410800000,
        "interestIncome": 0,
        "interestExpense": 0,
        "depreciationAndAmortization": 38700000,
        "ebitda": 246600000,
        "ebitdaratio": 0.1487872571,
        "operatingIncome": 246600000,
        "operatingIncomeRatio": 0.1487872571,
        "totalOtherIncomeExpensesNet": -20700000,
        "incomeBeforeTax": 225900000,
        "incomeBeforeTaxRatio": 0.1362978159,
        "incomeTaxExpense": 76300000,
        "netIncome": 147900000,
        "netIncomeRatio": 0.089236153,
        "eps": 0.42,
        "epsdiluted": 0.42,
        "weightedAverageShsOut": 350400000,
        "weightedAverageShsOutDil": 353200000,
        "link": "https://www.sec.gov/Archives/edgar/data/1021860/000095012906007558/0000950129-06-007558-index.htm",
        "finalLink": "https://www.sec.gov/Archives/edgar/data/1021860/000095012906007558/h38392e10vq.htm"
    },
    {
        "date": "2006-03-31",
        "symbol": "NOV",
        "reportedCurrency": "USD",
        "cik": "0001021860",
        "fillingDate": "2007-02-16",
        "acceptedDate": "2007-02-16 13:30:01",
        "calendarYear": "2006",
        "period": "Q1",
        "revenue": 1511800000,
        "costOfRevenue": 1162000000,
        "grossProfit": 349800000,
        "grossProfitRatio": 0.2313798121,
        "researchAndDevelopmentExpenses": 0,
        "generalAndAdministrativeExpenses": 152000000,
        "sellingAndMarketingExpenses": 0,
        "sellingGeneralAndAdministrativeExpenses": 152000000,
        "otherExpenses": 0,
        "operatingExpenses": 152000000,
        "costAndExpenses": 1314000000,
        "interestIncome": 1700000,
        "interestExpense": 0,
        "depreciationAndAmortization": 38400000,
        "ebitda": 197800000,
        "ebitdaratio": 0.1308374124,
        "operatingIncome": 197800000,
        "operatingIncomeRatio": 0.1308374124,
        "totalOtherIncomeExpensesNet": -16200000,
        "incomeBeforeTax": 182900000,
        "incomeBeforeTaxRatio": 0.1209816113,
        "incomeTaxExpense": 61300000,
        "netIncome": 120300000,
        "netIncomeRatio": 0.0795740177,
        "eps": 0.35,
        "epsdiluted": 0.34,
        "weightedAverageShsOut": 349200000,
        "weightedAverageShsOutDil": 353200000,
        "link": "https://www.sec.gov/Archives/edgar/data/1021860/000095012907000761/0000950129-07-000761-index.htm",
        "finalLink": "https://www.sec.gov/Archives/edgar/data/1021860/000095012907000761/h43660a1e10vqza.htm"
    },
    {
        "date": "2005-12-31",
        "symbol": "NOV",
        "reportedCurrency": "USD",
        "cik": "0001021860",
        "fillingDate": "2007-02-16",
        "acceptedDate": "2007-02-16 13:31:09",
        "calendarYear": "2005",
        "period": "Q4",
        "revenue": 1377400000,
        "costOfRevenue": 1065900000,
        "grossProfit": 311500000,
        "grossProfitRatio": 0.2261507187,
        "researchAndDevelopmentExpenses": 0,
        "generalAndAdministrativeExpenses": 149800000,
        "sellingAndMarketingExpenses": 0,
        "sellingGeneralAndAdministrativeExpenses": 149800000,
        "otherExpenses": 0,
        "operatingExpenses": 147700000,
        "costAndExpenses": 1213600000,
        "interestIncome": 0,
        "interestExpense": 0,
        "depreciationAndAmortization": 28500000,
        "ebitda": 192300000,
        "ebitdaratio": 0.139610861,
        "operatingIncome": 163800000,
        "operatingIncomeRatio": 0.1189197038,
        "totalOtherIncomeExpensesNet": -12400000,
        "incomeBeforeTax": 151400000,
        "incomeBeforeTaxRatio": 0.1099172354,
        "incomeTaxExpense": 48700000,
        "netIncome": 101600000,
        "netIncomeRatio": 0.0737621606,
        "eps": 0.29,
        "epsdiluted": 0.29,
        "weightedAverageShsOut": 348200000,
        "weightedAverageShsOutDil": 349200000,
        "link": "https://www.sec.gov/Archives/edgar/data/1021860/000095012907000762/0000950129-07-000762-index.htm",
        "finalLink": "https://www.sec.gov/Archives/edgar/data/1021860/000095012907000762/h42558a1e10vkza.htm"
    },
    {
        "date": "2005-09-30",
        "symbol": "NOV",
        "reportedCurrency": "USD",
        "cik": "0001021860",
        "fillingDate": "2005-10-31",
        "acceptedDate": "2005-10-31 17:02:04",
        "calendarYear": "2005",
        "period": "Q3",
        "revenue": 1236500000,
        "costOfRevenue": 977800000,
        "grossProfit": 258700000,
        "grossProfitRatio": 0.2092195714,
        "researchAndDevelopmentExpenses": 0,
        "generalAndAdministrativeExpenses": 106100000,
        "sellingAndMarketingExpenses": 0,
        "sellingGeneralAndAdministrativeExpenses": 106100000,
        "otherExpenses": 0,
        "operatingExpenses": 113700000,
        "costAndExpenses": 1091500000,
        "interestIncome": 0,
        "interestExpense": 0,
        "depreciationAndAmortization": 34800000,
        "ebitda": 145000000,
        "ebitdaratio": 0.117266478,
        "operatingIncome": 145000000,
        "operatingIncomeRatio": 0.117266478,
        "totalOtherIncomeExpensesNet": -12500000,
        "incomeBeforeTax": 132500000,
        "incomeBeforeTaxRatio": 0.1071572988,
        "incomeTaxExpense": 42400000,
        "netIncome": 88500000,
        "netIncomeRatio": 0.0715729883,
        "eps": 0.26,
        "epsdiluted": 0.25,
        "weightedAverageShsOut": 347400000,
        "weightedAverageShsOutDil": 351800000,
        "link": "https://www.sec.gov/Archives/edgar/data/1021860/000095012905010324/0000950129-05-010324-index.htm",
        "finalLink": "https://www.sec.gov/Archives/edgar/data/1021860/000095012905010324/h29750e10vq.htm"
    },
    {
        "date": "2005-06-30",
        "symbol": "NOV",
        "reportedCurrency": "USD",
        "cik": "0001021860",
        "fillingDate": "2005-08-05",
        "acceptedDate": "2005-08-05 16:57:29",
        "calendarYear": "2005",
        "period": "Q2",
        "revenue": 1215700000,
        "costOfRevenue": 960500000,
        "grossProfit": 255200000,
        "grossProfitRatio": 0.2099202106,
        "researchAndDevelopmentExpenses": 0,
        "generalAndAdministrativeExpenses": 137800000,
        "sellingAndMarketingExpenses": 0,
        "sellingGeneralAndAdministrativeExpenses": 137800000,
        "otherExpenses": 0,
        "operatingExpenses": 153100000,
        "costAndExpenses": 1113600000,
        "interestIncome": 0,
        "interestExpense": 0,
        "depreciationAndAmortization": 35000000,
        "ebitda": 102100000,
        "ebitdaratio": 0.0839845357,
        "operatingIncome": 102100000,
        "operatingIncomeRatio": 0.0839845357,
        "totalOtherIncomeExpensesNet": -12600000,
        "incomeBeforeTax": 90600000,
        "incomeBeforeTaxRatio": 0.074524965,
        "incomeTaxExpense": 28300000,
        "netIncome": 61200000,
        "netIncomeRatio": 0.0503413671,
        "eps": 0.18,
        "epsdiluted": 0.18,
        "weightedAverageShsOut": 344600000,
        "weightedAverageShsOutDil": 348400000,
        "link": "https://www.sec.gov/Archives/edgar/data/1021860/000095012905007758/0000950129-05-007758-index.htm",
        "finalLink": "https://www.sec.gov/Archives/edgar/data/1021860/000095012905007758/h27622e10vq.htm"
    },
    {
        "date": "2005-03-31",
        "symbol": "NOV",
        "reportedCurrency": "USD",
        "cik": "0001021860",
        "fillingDate": "2005-05-10",
        "acceptedDate": "2005-05-10 17:09:54",
        "calendarYear": "2005",
        "period": "Q1",
        "revenue": 814900000,
        "costOfRevenue": 653100000,
        "grossProfit": 161800000,
        "grossProfitRatio": 0.1985519696,
        "researchAndDevelopmentExpenses": 0,
        "generalAndAdministrativeExpenses": 95900000,
        "sellingAndMarketingExpenses": 0,
        "sellingGeneralAndAdministrativeExpenses": 95900000,
        "otherExpenses": 0,
        "operatingExpenses": 95900000,
        "costAndExpenses": 749000000,
        "interestIncome": 0,
        "interestExpense": 0,
        "depreciationAndAmortization": 16300000,
        "ebitda": 82200000,
        "ebitdaratio": 0.1008712725,
        "operatingIncome": 65900000,
        "operatingIncomeRatio": 0.0808688183,
        "totalOtherIncomeExpensesNet": -10400000,
        "incomeBeforeTax": 55500000,
        "incomeBeforeTaxRatio": 0.0681065161,
        "incomeTaxExpense": 19500000,
        "netIncome": 35600000,
        "netIncomeRatio": 0.0436863419,
        "eps": 0.17,
        "epsdiluted": 0.17,
        "weightedAverageShsOut": 210600000,
        "weightedAverageShsOutDil": 213200000,
        "link": "https://www.sec.gov/Archives/edgar/data/1021860/000095012905005056/0000950129-05-005056-index.htm",
        "finalLink": "https://www.sec.gov/Archives/edgar/data/1021860/000095012905005056/h25131e10vq.htm"
    },
    {
        "date": "2004-12-31",
        "symbol": "NOV",
        "reportedCurrency": "USD",
        "cik": "0001021860",
        "fillingDate": "2005-04-29",
        "acceptedDate": "2005-04-29 16:23:28",
        "calendarYear": "2004",
        "period": "Q4",
        "revenue": 669448000,
        "costOfRevenue": 526149000,
        "grossProfit": 143299000,
        "grossProfitRatio": 0.2140554606,
        "researchAndDevelopmentExpenses": 0,
        "generalAndAdministrativeExpenses": 87862000,
        "sellingAndMarketingExpenses": 0,
        "sellingGeneralAndAdministrativeExpenses": 87862000,
        "otherExpenses": 0,
        "operatingExpenses": 87862000,
        "costAndExpenses": 614011000,
        "interestIncome": 0,
        "interestExpense": 0,
        "depreciationAndAmortization": 11205000,
        "ebitda": 66642000,
        "ebitdaratio": 0.099547687,
        "operatingIncome": 55437000,
        "operatingIncomeRatio": 0.0828100166,
        "totalOtherIncomeExpensesNet": -9346000,
        "incomeBeforeTax": 46091000,
        "incomeBeforeTaxRatio": 0.0688492609,
        "incomeTaxExpense": -4871000,
        "netIncome": 50020000,
        "netIncomeRatio": 0.0747182754,
        "eps": 0.24,
        "epsdiluted": 0.24,
        "weightedAverageShsOut": 210600000,
        "weightedAverageShsOutDil": 210600000,
        "link": "https://www.sec.gov/Archives/edgar/data/1021860/000095012905004379/0000950129-05-004379-index.htm",
        "finalLink": "https://www.sec.gov/Archives/edgar/data/1021860/000095012905004379/h24760a1e10vkza.htm"
    },
    {
        "date": "2004-09-30",
        "symbol": "NOV",
        "reportedCurrency": "USD",
        "cik": "0001021860",
        "fillingDate": "2004-11-09",
        "acceptedDate": "2004-11-09 14:11:05",
        "calendarYear": "2004",
        "period": "Q3",
        "revenue": 618892000,
        "costOfRevenue": 486929000,
        "grossProfit": 131963000,
        "grossProfitRatio": 0.2132246014,
        "researchAndDevelopmentExpenses": 0,
        "generalAndAdministrativeExpenses": 82835000,
        "sellingAndMarketingExpenses": 0,
        "sellingGeneralAndAdministrativeExpenses": 82835000,
        "otherExpenses": 0,
        "operatingExpenses": 82835000,
        "costAndExpenses": 569764000,
        "interestIncome": 1113000,
        "interestExpense": 0,
        "depreciationAndAmortization": 12092000,
        "ebitda": 49128000,
        "ebitdaratio": 0.0793805704,
        "operatingIncome": 49128000,
        "operatingIncomeRatio": 0.0793805704,
        "totalOtherIncomeExpensesNet": -10631000,
        "incomeBeforeTax": 39193000,
        "incomeBeforeTaxRatio": 0.0633276888,
        "incomeTaxExpense": 10668000,
        "netIncome": 27829000,
        "netIncomeRatio": 0.0449658422,
        "eps": 0.16,
        "epsdiluted": 0.16,
        "weightedAverageShsOut": 171800000,
        "weightedAverageShsOutDil": 173400000,
        "link": "https://www.sec.gov/Archives/edgar/data/1021860/000095012904008741/0000950129-04-008741-index.htm",
        "finalLink": "https://www.sec.gov/Archives/edgar/data/1021860/000095012904008741/h19953e10vq.htm"
    },
    {
        "date": "2004-06-30",
        "symbol": "NOV",
        "reportedCurrency": "USD",
        "cik": "0001021860",
        "fillingDate": "2004-08-09",
        "acceptedDate": "2004-08-09 10:59:23",
        "calendarYear": "2004",
        "period": "Q2",
        "revenue": 533555000,
        "costOfRevenue": 415965000,
        "grossProfit": 117590000,
        "grossProfitRatio": 0.2203896506,
        "researchAndDevelopmentExpenses": 0,
        "generalAndAdministrativeExpenses": 79307000,
        "sellingAndMarketingExpenses": 0,
        "sellingGeneralAndAdministrativeExpenses": 79307000,
        "otherExpenses": 0,
        "operatingExpenses": 79307000,
        "costAndExpenses": 495272000,
        "interestIncome": 0,
        "interestExpense": 0,
        "depreciationAndAmortization": 10881000,
        "ebitda": 49164000,
        "ebitdaratio": 0.0921442026,
        "operatingIncome": 38283000,
        "operatingIncomeRatio": 0.0717508036,
        "totalOtherIncomeExpensesNet": -7825000,
        "incomeBeforeTax": 30458000,
        "incomeBeforeTaxRatio": 0.057085024,
        "incomeTaxExpense": 8833000,
        "netIncome": 21387000,
        "netIncomeRatio": 0.0400839651,
        "eps": 0.13,
        "epsdiluted": 0.13,
        "weightedAverageShsOut": 171590000,
        "weightedAverageShsOutDil": 172778000,
        "link": "https://www.sec.gov/Archives/edgar/data/1021860/000095012904005759/0000950129-04-005759-index.htm",
        "finalLink": "https://www.sec.gov/Archives/edgar/data/1021860/000095012904005759/h17489e10vq.txt"
    },
    {
        "date": "2004-03-31",
        "symbol": "NOV",
        "reportedCurrency": "USD",
        "cik": "0001021860",
        "fillingDate": "2004-05-10",
        "acceptedDate": "2004-05-10 09:38:54",
        "calendarYear": "2004",
        "period": "Q1",
        "revenue": 496205000,
        "costOfRevenue": 392657000,
        "grossProfit": 103548000,
        "grossProfitRatio": 0.2086798803,
        "researchAndDevelopmentExpenses": 0,
        "generalAndAdministrativeExpenses": 77796000,
        "sellingAndMarketingExpenses": 0,
        "sellingGeneralAndAdministrativeExpenses": 77796000,
        "otherExpenses": 0,
        "operatingExpenses": 77796000,
        "costAndExpenses": 470453000,
        "interestIncome": 0,
        "interestExpense": 0,
        "depreciationAndAmortization": 9822000,
        "ebitda": 35574000,
        "ebitdaratio": 0.0716921434,
        "operatingIncome": 25752000,
        "operatingIncomeRatio": 0.0518979051,
        "totalOtherIncomeExpensesNet": -9994000,
        "incomeBeforeTax": 15758000,
        "incomeBeforeTaxRatio": 0.0317570359,
        "incomeTaxExpense": 4570000,
        "netIncome": 10964000,
        "netIncomeRatio": 0.0220957064,
        "eps": 0.065,
        "epsdiluted": 0.065,
        "weightedAverageShsOut": 170792000,
        "weightedAverageShsOutDil": 171870000,
        "link": "https://www.sec.gov/Archives/edgar/data/1021860/000095012904003036/0000950129-04-003036-index.htm",
        "finalLink": "https://www.sec.gov/Archives/edgar/data/1021860/000095012904003036/h15171e10vq.txt"
    },
    {
        "date": "2003-12-31",
        "symbol": "NOV",
        "reportedCurrency": "USD",
        "cik": "0001021860",
        "fillingDate": "2004-03-15",
        "acceptedDate": "2004-03-15 06:01:53",
        "calendarYear": "2003",
        "period": "Q4",
        "revenue": 530346000,
        "costOfRevenue": 415512000,
        "grossProfit": 114834000,
        "grossProfitRatio": 0.2165265694,
        "researchAndDevelopmentExpenses": 0,
        "generalAndAdministrativeExpenses": 84076000,
        "sellingAndMarketingExpenses": 0,
        "sellingGeneralAndAdministrativeExpenses": 84076000,
        "otherExpenses": 0,
        "operatingExpenses": 84076000,
        "costAndExpenses": 499588000,
        "interestIncome": 0,
        "interestExpense": 0,
        "depreciationAndAmortization": 12349000,
        "ebitda": 43107000,
        "ebitdaratio": 0.0812808996,
        "operatingIncome": 30758000,
        "operatingIncomeRatio": 0.0579961007,
        "totalOtherIncomeExpensesNet": -16563000,
        "incomeBeforeTax": -81622000,
        "incomeBeforeTaxRatio": -0.1539033009,
        "incomeTaxExpense": 2652000,
        "netIncome": 14581000,
        "netIncomeRatio": 0.0274933723,
        "eps": 0.0854,
        "epsdiluted": 0.0854,
        "weightedAverageShsOut": 170792000,
        "weightedAverageShsOutDil": 170792000,
        "link": "https://www.sec.gov/Archives/edgar/data/1021860/000095012904001263/0000950129-04-001263-index.htm",
        "finalLink": "https://www.sec.gov/Archives/edgar/data/1021860/000095012904001263/h13619e10vk.htm"
    },
    {
        "date": "2003-09-30",
        "symbol": "NOV",
        "reportedCurrency": "USD",
        "cik": "0001021860",
        "fillingDate": "2003-11-14",
        "acceptedDate": "2003-11-14 14:22:59",
        "calendarYear": "2003",
        "period": "Q3",
        "revenue": 498600000,
        "costOfRevenue": 378819000,
        "grossProfit": 119781000,
        "grossProfitRatio": 0.240234657,
        "researchAndDevelopmentExpenses": 0,
        "generalAndAdministrativeExpenses": 75940000,
        "sellingAndMarketingExpenses": 0,
        "sellingGeneralAndAdministrativeExpenses": 75940000,
        "otherExpenses": 0,
        "operatingExpenses": 75940000,
        "costAndExpenses": 454759000,
        "interestIncome": 0,
        "interestExpense": 0,
        "depreciationAndAmortization": 9199000,
        "ebitda": 52102000,
        "ebitdaratio": 0.1044965905,
        "operatingIncome": 43841000,
        "operatingIncomeRatio": 0.087928199,
        "totalOtherIncomeExpensesNet": -9432000,
        "incomeBeforeTax": 33407000,
        "incomeBeforeTaxRatio": 0.0670016045,
        "incomeTaxExpense": 10693000,
        "netIncome": 22714000,
        "netIncomeRatio": 0.0455555556,
        "eps": 0.13,
        "epsdiluted": 0.13,
        "weightedAverageShsOut": 169964000,
        "weightedAverageShsOutDil": 170396000,
        "link": "https://www.sec.gov/Archives/edgar/data/1021860/000095012903005679/0000950129-03-005679-index.htm",
        "finalLink": "https://www.sec.gov/Archives/edgar/data/1021860/000095012903005679/h10651e10vq.txt"
    },
    {
        "date": "2003-06-30",
        "symbol": "NOV",
        "reportedCurrency": "USD",
        "cik": "0001021860",
        "fillingDate": "2003-08-14",
        "acceptedDate": "2003-08-14 10:58:29",
        "calendarYear": "2003",
        "period": "Q2",
        "revenue": 475398000,
        "costOfRevenue": 366281000,
        "grossProfit": 109117000,
        "grossProfitRatio": 0.22952768,
        "researchAndDevelopmentExpenses": 0,
        "generalAndAdministrativeExpenses": 68156000,
        "sellingAndMarketingExpenses": 0,
        "sellingGeneralAndAdministrativeExpenses": 68156000,
        "otherExpenses": 0,
        "operatingExpenses": 68156000,
        "costAndExpenses": 434437000,
        "interestIncome": 0,
        "interestExpense": 0,
        "depreciationAndAmortization": 8962000,
        "ebitda": 47958000,
        "ebitdaratio": 0.100879684,
        "operatingIncome": 40961000,
        "operatingIncomeRatio": 0.08616149,
        "totalOtherIncomeExpensesNet": -9971000,
        "incomeBeforeTax": 30990000,
        "incomeBeforeTaxRatio": 0.065187485,
        "incomeTaxExpense": 9518000,
        "netIncome": 20360000,
        "netIncomeRatio": 0.0428272731,
        "eps": 0.11,
        "epsdiluted": 0.11,
        "weightedAverageShsOut": 168880000,
        "weightedAverageShsOutDil": 169980000,
        "link": "https://www.sec.gov/Archives/edgar/data/1021860/000095012903004228/0000950129-03-004228-index.htm",
        "finalLink": "https://www.sec.gov/Archives/edgar/data/1021860/000095012903004228/h08427e10vq.txt"
    },
    {
        "date": "2003-03-31",
        "symbol": "NOV",
        "reportedCurrency": "USD",
        "cik": "0001021860",
        "fillingDate": "2003-05-15",
        "acceptedDate": "2003-05-15 13:58:35",
        "calendarYear": "2003",
        "period": "Q1",
        "revenue": 500576000,
        "costOfRevenue": 380131000,
        "grossProfit": 120445000,
        "grossProfitRatio": 0.240612814,
        "researchAndDevelopmentExpenses": 0,
        "generalAndAdministrativeExpenses": 77017000,
        "sellingAndMarketingExpenses": 0,
        "sellingGeneralAndAdministrativeExpenses": 77017000,
        "otherExpenses": 0,
        "operatingExpenses": 77017000,
        "costAndExpenses": 457148000,
        "interestIncome": 0,
        "interestExpense": 0,
        "depreciationAndAmortization": 8672000,
        "ebitda": 52100000,
        "ebitdaratio": 0.1040800997,
        "operatingIncome": 43428000,
        "operatingIncomeRatio": 0.086756057,
        "totalOtherIncomeExpensesNet": -11514000,
        "incomeBeforeTax": 31914000,
        "incomeBeforeTaxRatio": 0.0637545548,
        "incomeTaxExpense": 10822000,
        "netIncome": 19166000,
        "netIncomeRatio": 0.0382878923,
        "eps": 0.12,
        "epsdiluted": 0.12,
        "weightedAverageShsOut": 167408000,
        "weightedAverageShsOutDil": 168952000,
        "link": "https://www.sec.gov/Archives/edgar/data/1021860/000095012903002792/0000950129-03-002792-index.htm",
        "finalLink": "https://www.sec.gov/Archives/edgar/data/1021860/000095012903002792/h05938e10vq.txt"
    },
    {
        "date": "2002-12-31",
        "symbol": "NOV",
        "reportedCurrency": "USD",
        "cik": "0001021860",
        "fillingDate": "2003-03-07",
        "acceptedDate": "2003-03-06 21:38:36",
        "calendarYear": "2002",
        "period": "Q4",
        "revenue": 393641000,
        "costOfRevenue": 300759000,
        "grossProfit": 92882000,
        "grossProfitRatio": 0.2359561123,
        "researchAndDevelopmentExpenses": 0,
        "generalAndAdministrativeExpenses": 60414000,
        "sellingAndMarketingExpenses": 0,
        "sellingGeneralAndAdministrativeExpenses": 60414000,
        "otherExpenses": 0,
        "operatingExpenses": 60414000,
        "costAndExpenses": 361173000,
        "interestIncome": 0,
        "interestExpense": 0,
        "depreciationAndAmortization": 6316000,
        "ebitda": 38784000,
        "ebitdaratio": 0.0985263222,
        "operatingIncome": 32468000,
        "operatingIncomeRatio": 0.0824812456,
        "totalOtherIncomeExpensesNet": -7349000,
        "incomeBeforeTax": 25119000,
        "incomeBeforeTaxRatio": 0.0638119505,
        "incomeTaxExpense": 7951000,
        "netIncome": 17168000,
        "netIncomeRatio": 0.0436133431,
        "eps": 0.1,
        "epsdiluted": 0.1,
        "weightedAverageShsOut": 162008000,
        "weightedAverageShsOutDil": 167408000,
        "link": "https://www.sec.gov/Archives/edgar/data/1021860/000095013403003499/0000950134-03-003499-index.htm",
        "finalLink": "https://www.sec.gov/Archives/edgar/data/1021860/000095013403003499/h03420e10vk.txt"
    },
    {
        "date": "2002-09-30",
        "symbol": "NOV",
        "reportedCurrency": "USD",
        "cik": "0001021860",
        "fillingDate": "2002-11-12",
        "acceptedDate": "2002-11-12 10:53:31",
        "calendarYear": "2002",
        "period": "Q3",
        "revenue": 366929000,
        "costOfRevenue": 278396000,
        "grossProfit": 88533000,
        "grossProfitRatio": 0.2412810108,
        "researchAndDevelopmentExpenses": 0,
        "generalAndAdministrativeExpenses": 56631000,
        "sellingAndMarketingExpenses": 0,
        "sellingGeneralAndAdministrativeExpenses": 56631000,
        "otherExpenses": 0,
        "operatingExpenses": 56631000,
        "costAndExpenses": 335027000,
        "interestIncome": 0,
        "interestExpense": 0,
        "depreciationAndAmortization": 6031000,
        "ebitda": 37933000,
        "ebitdaratio": 0.1033796729,
        "operatingIncome": 31902000,
        "operatingIncomeRatio": 0.0869432506,
        "totalOtherIncomeExpensesNet": -4159000,
        "incomeBeforeTax": 27743000,
        "incomeBeforeTaxRatio": 0.0756086327,
        "incomeTaxExpense": 9987000,
        "netIncome": 17756000,
        "netIncomeRatio": 0.0483908331,
        "eps": 0.11,
        "epsdiluted": 0.11,
        "weightedAverageShsOut": 161984000,
        "weightedAverageShsOutDil": 163044000,
        "link": "https://www.sec.gov/Archives/edgar/data/1021860/000095012902005544/0000950129-02-005544-index.htm",
        "finalLink": "https://www.sec.gov/Archives/edgar/data/1021860/000095012902005544/h01013e10vq.txt"
    },
    {
        "date": "2002-06-30",
        "symbol": "NOV",
        "reportedCurrency": "USD",
        "cik": "0001021860",
        "fillingDate": "2002-08-12",
        "acceptedDate": "2002-08-12 15:52:54",
        "calendarYear": "2002",
        "period": "Q2",
        "revenue": 372390000,
        "costOfRevenue": 284986000,
        "grossProfit": 87404000,
        "grossProfitRatio": 0.2347109213,
        "researchAndDevelopmentExpenses": 0,
        "generalAndAdministrativeExpenses": 55167000,
        "sellingAndMarketingExpenses": 0,
        "sellingGeneralAndAdministrativeExpenses": 55167000,
        "otherExpenses": 0,
        "operatingExpenses": 55167000,
        "costAndExpenses": 340153000,
        "interestIncome": 0,
        "interestExpense": 0,
        "depreciationAndAmortization": 6368000,
        "ebitda": 38605000,
        "ebitdaratio": 0.1036681973,
        "operatingIncome": 32237000,
        "operatingIncomeRatio": 0.0865678455,
        "totalOtherIncomeExpensesNet": -5736000,
        "incomeBeforeTax": 26501000,
        "incomeBeforeTaxRatio": 0.0711646392,
        "incomeTaxExpense": 9540000,
        "netIncome": 16961000,
        "netIncomeRatio": 0.0455463358,
        "eps": 0.11,
        "epsdiluted": 0.11,
        "weightedAverageShsOut": 161960000,
        "weightedAverageShsOutDil": 163970000,
        "link": "https://www.sec.gov/Archives/edgar/data/1021860/000095012902003981/0000950129-02-003981-index.htm",
        "finalLink": "https://www.sec.gov/Archives/edgar/data/1021860/000095012902003981/h98906e10vq.txt"
    },
    {
        "date": "2002-03-31",
        "symbol": "NOV",
        "reportedCurrency": "USD",
        "cik": "0001021860",
        "fillingDate": "2002-05-13",
        "acceptedDate": "2002-05-13 10:20:05",
        "calendarYear": "2002",
        "period": "Q1",
        "revenue": 388986000,
        "costOfRevenue": 295941000,
        "grossProfit": 93045000,
        "grossProfitRatio": 0.2391988401,
        "researchAndDevelopmentExpenses": 0,
        "generalAndAdministrativeExpenses": 55329000,
        "sellingAndMarketingExpenses": 0,
        "sellingGeneralAndAdministrativeExpenses": 55329000,
        "otherExpenses": 0,
        "operatingExpenses": 55329000,
        "costAndExpenses": 351270000,
        "interestIncome": 0,
        "interestExpense": 0,
        "depreciationAndAmortization": 6333000,
        "ebitda": 44049000,
        "ebitdaratio": 0.1132405794,
        "operatingIncome": 37716000,
        "operatingIncomeRatio": 0.0969597878,
        "totalOtherIncomeExpensesNet": -4614000,
        "incomeBeforeTax": 33102000,
        "incomeBeforeTaxRatio": 0.0850981783,
        "incomeTaxExpense": 11917000,
        "netIncome": 21185000,
        "netIncomeRatio": 0.0544621143,
        "eps": 0.13,
        "epsdiluted": 0.13,
        "weightedAverageShsOut": 161840000,
        "weightedAverageShsOutDil": 163170000,
        "link": "https://www.sec.gov/Archives/edgar/data/1021860/000095012902002434/0000950129-02-002434-index.htm",
        "finalLink": "https://www.sec.gov/Archives/edgar/data/1021860/000095012902002434/h96781e10-q.txt"
    },
    {
        "date": "2001-12-31",
        "symbol": "NOV",
        "reportedCurrency": "USD",
        "cik": "0001021860",
        "fillingDate": "2002-03-28",
        "acceptedDate": "2002-03-28 00:00:00",
        "calendarYear": "2001",
        "period": "Q4",
        "revenue": 465743000,
        "costOfRevenue": 352481000,
        "grossProfit": 113262000,
        "grossProfitRatio": 0.2431856195,
        "researchAndDevelopmentExpenses": 0,
        "generalAndAdministrativeExpenses": 63907000,
        "sellingAndMarketingExpenses": 0,
        "sellingGeneralAndAdministrativeExpenses": 63907000,
        "otherExpenses": 0,
        "operatingExpenses": 63907000,
        "costAndExpenses": 416388000,
        "interestIncome": 0,
        "interestExpense": 0,
        "depreciationAndAmortization": 9991000,
        "ebitda": 59346000,
        "ebitdaratio": 0.1274222049,
        "operatingIncome": 49355000,
        "operatingIncomeRatio": 0.1059704601,
        "totalOtherIncomeExpensesNet": -4152000,
        "incomeBeforeTax": 45203000,
        "incomeBeforeTaxRatio": 0.0970556723,
        "incomeTaxExpense": 16855000,
        "netIncome": 28348000,
        "netIncomeRatio": 0.0608661859,
        "eps": 0.18,
        "epsdiluted": 0.18,
        "weightedAverageShsOut": 161782000,
        "weightedAverageShsOutDil": 161840000,
        "link": "https://www.sec.gov/Archives/edgar/data/1021860/000095012902001580/0000950129-02-001580-index.htm",
        "finalLink": "https://www.sec.gov/Archives/edgar/data/1021860/000095012902001580/h95422e10-k.txt"
    },
    {
        "date": "2001-09-30",
        "symbol": "NOV",
        "reportedCurrency": "USD",
        "cik": "0001021860",
        "fillingDate": "2001-11-14",
        "acceptedDate": "2001-11-14 00:00:00",
        "calendarYear": "2001",
        "period": "Q3",
        "revenue": 486812000,
        "costOfRevenue": 366907000,
        "grossProfit": 119905000,
        "grossProfitRatio": 0.2463065824,
        "researchAndDevelopmentExpenses": 0,
        "generalAndAdministrativeExpenses": 63003000,
        "sellingAndMarketingExpenses": 0,
        "sellingGeneralAndAdministrativeExpenses": 63003000,
        "otherExpenses": 0,
        "operatingExpenses": 63003000,
        "costAndExpenses": 429910000,
        "interestIncome": 0,
        "interestExpense": 0,
        "depreciationAndAmortization": 9810000,
        "ebitda": 66712000,
        "ebitdaratio": 0.1370385282,
        "operatingIncome": 56902000,
        "operatingIncomeRatio": 0.1168870118,
        "totalOtherIncomeExpensesNet": -9533000,
        "incomeBeforeTax": 47369000,
        "incomeBeforeTaxRatio": 0.0973045036,
        "incomeTaxExpense": 18431000,
        "netIncome": 28938000,
        "netIncomeRatio": 0.0594438921,
        "eps": 0.18,
        "epsdiluted": 0.18,
        "weightedAverageShsOut": 161774000,
        "weightedAverageShsOutDil": 162874000,
        "link": "https://www.sec.gov/Archives/edgar/data/1021860/000095012901504048/0000950129-01-504048-index.htm",
        "finalLink": "https://www.sec.gov/Archives/edgar/data/1021860/000095012901504048/h92314e10-q.txt"
    },
    {
        "date": "2001-06-30",
        "symbol": "NOV",
        "reportedCurrency": "USD",
        "cik": "0001021860",
        "fillingDate": "2001-08-14",
        "acceptedDate": "2001-08-14 00:00:00",
        "calendarYear": "2001",
        "period": "Q2",
        "revenue": 434628000,
        "costOfRevenue": 331134000,
        "grossProfit": 103494000,
        "grossProfitRatio": 0.2381208758,
        "researchAndDevelopmentExpenses": 0,
        "generalAndAdministrativeExpenses": 56703000,
        "sellingAndMarketingExpenses": 0,
        "sellingGeneralAndAdministrativeExpenses": 56703000,
        "otherExpenses": 0,
        "operatingExpenses": 56703000,
        "costAndExpenses": 387837000,
        "interestIncome": 0,
        "interestExpense": 0,
        "depreciationAndAmortization": 9603000,
        "ebitda": 56394000,
        "ebitdaratio": 0.1297523399,
        "operatingIncome": 46791000,
        "operatingIncomeRatio": 0.107657583,
        "totalOtherIncomeExpensesNet": -5986000,
        "incomeBeforeTax": 40805000,
        "incomeBeforeTaxRatio": 0.0938848855,
        "incomeTaxExpense": 15506000,
        "netIncome": 25299000,
        "netIncomeRatio": 0.0582083989,
        "eps": 0.16,
        "epsdiluted": 0.16,
        "weightedAverageShsOut": 161718000,
        "weightedAverageShsOutDil": 164176000,
        "link": "https://www.sec.gov/Archives/edgar/data/1021860/000095012901502583/0000950129-01-502583-index.htm",
        "finalLink": "https://www.sec.gov/Archives/edgar/data/1021860/000095012901502583/h90004e10-q.txt"
    },
    {
        "date": "2001-03-31",
        "symbol": "NOV",
        "reportedCurrency": "USD",
        "cik": "0001021860",
        "fillingDate": "2001-05-14",
        "acceptedDate": "2001-05-14 00:00:00",
        "calendarYear": "2001",
        "period": "Q1",
        "revenue": 360272000,
        "costOfRevenue": 269099000,
        "grossProfit": 91173000,
        "grossProfitRatio": 0.2530671271,
        "researchAndDevelopmentExpenses": 0,
        "generalAndAdministrativeExpenses": 54944000,
        "sellingAndMarketingExpenses": 0,
        "sellingGeneralAndAdministrativeExpenses": 54944000,
        "otherExpenses": 0,
        "operatingExpenses": 54944000,
        "costAndExpenses": 324043000,
        "interestIncome": 0,
        "interestExpense": 0,
        "depreciationAndAmortization": 9469000,
        "ebitda": 45698000,
        "ebitdaratio": 0.1268430519,
        "operatingIncome": 36229000,
        "operatingIncomeRatio": 0.1005601323,
        "totalOtherIncomeExpensesNet": -1589000,
        "incomeBeforeTax": 34640000,
        "incomeBeforeTaxRatio": 0.0961495759,
        "incomeTaxExpense": 13162000,
        "netIncome": 21478000,
        "netIncomeRatio": 0.0596160679,
        "eps": 0.14,
        "epsdiluted": 0.13,
        "weightedAverageShsOut": 161232000,
        "weightedAverageShsOutDil": 163954000,
        "link": "https://www.sec.gov/Archives/edgar/data/1021860/000095012901500689/0000950129-01-500689-index.htm",
        "finalLink": "https://www.sec.gov/Archives/edgar/data/1021860/000095012901500689/h87198e10-q.txt"
    },
    {
        "date": "2000-12-31",
        "symbol": "NOV",
        "reportedCurrency": "USD",
        "cik": "0001021860",
        "fillingDate": "2001-03-01",
        "acceptedDate": "2001-03-01 00:00:00",
        "calendarYear": "2000",
        "period": "Q4",
        "revenue": 329399000,
        "costOfRevenue": 235215000,
        "grossProfit": 94184000,
        "grossProfitRatio": 0.2859267939,
        "researchAndDevelopmentExpenses": 0,
        "generalAndAdministrativeExpenses": 54082000,
        "sellingAndMarketingExpenses": 0,
        "sellingGeneralAndAdministrativeExpenses": 54082000,
        "otherExpenses": 0,
        "operatingExpenses": 63303000,
        "costAndExpenses": 298518000,
        "interestIncome": 0,
        "interestExpense": 0,
        "depreciationAndAmortization": 9221000,
        "ebitda": 40102000,
        "ebitdaratio": 0.1217429318,
        "operatingIncome": 30881000,
        "operatingIncomeRatio": 0.0937495257,
        "totalOtherIncomeExpensesNet": -18635000,
        "incomeBeforeTax": 12246000,
        "incomeBeforeTaxRatio": 0.0371767977,
        "incomeTaxExpense": 6038000,
        "netIncome": 6208000,
        "netIncomeRatio": 0.0188464446,
        "eps": 0.0385,
        "epsdiluted": 0.0385,
        "weightedAverageShsOut": 160654000,
        "weightedAverageShsOutDil": 161232000,
        "link": "https://www.sec.gov/Archives/edgar/data/1021860/000095012901001181/0000950129-01-001181-index.htm",
        "finalLink": "https://www.sec.gov/Archives/edgar/data/1021860/000095012901001181/h84651e10-k.txt"
    },
    {
        "date": "2000-09-30",
        "symbol": "NOV",
        "reportedCurrency": "USD",
        "cik": "0001021860",
        "fillingDate": "2000-11-14",
        "acceptedDate": "2000-11-14 00:00:00",
        "calendarYear": "2000",
        "period": "Q3",
        "revenue": 286325000,
        "costOfRevenue": 213728000,
        "grossProfit": 72597000,
        "grossProfitRatio": 0.2535475421,
        "researchAndDevelopmentExpenses": 0,
        "generalAndAdministrativeExpenses": 42046000,
        "sellingAndMarketingExpenses": 0,
        "sellingGeneralAndAdministrativeExpenses": 42046000,
        "otherExpenses": 0,
        "operatingExpenses": 50358000,
        "costAndExpenses": 264086000,
        "interestIncome": 0,
        "interestExpense": 0,
        "depreciationAndAmortization": 8312000,
        "ebitda": 30551000,
        "ebitdaratio": 0.1067004278,
        "operatingIncome": 22239000,
        "operatingIncomeRatio": 0.0776704794,
        "totalOtherIncomeExpensesNet": -3032000,
        "incomeBeforeTax": 19207000,
        "incomeBeforeTaxRatio": 0.0670811141,
        "incomeTaxExpense": 7299000,
        "netIncome": 11908000,
        "netIncomeRatio": 0.0415891033,
        "eps": 0.075,
        "epsdiluted": 0.075,
        "weightedAverageShsOut": 160222000,
        "weightedAverageShsOutDil": 163454000,
        "link": "https://www.sec.gov/Archives/edgar/data/1021860/000095012900005520/0000950129-00-005520-index.htm",
        "finalLink": "https://www.sec.gov/Archives/edgar/data/1021860/000095012900005520/h81913e10-q.txt"
    },
    {
        "date": "2000-06-30",
        "symbol": "NOV",
        "reportedCurrency": "USD",
        "cik": "0001021860",
        "fillingDate": "2000-08-11",
        "acceptedDate": "2000-08-11 00:00:00",
        "calendarYear": "2000",
        "period": "Q2",
        "revenue": 270305000,
        "costOfRevenue": 201539000,
        "grossProfit": 68766000,
        "grossProfitRatio": 0.2544015094,
        "researchAndDevelopmentExpenses": 0,
        "generalAndAdministrativeExpenses": 44555000,
        "sellingAndMarketingExpenses": 0,
        "sellingGeneralAndAdministrativeExpenses": 44555000,
        "otherExpenses": 0,
        "operatingExpenses": 55137000,
        "costAndExpenses": 256676000,
        "interestIncome": 0,
        "interestExpense": 0,
        "depreciationAndAmortization": 10582000,
        "ebitda": 24211000,
        "ebitdaratio": 0.0895691904,
        "operatingIncome": 13629000,
        "operatingIncomeRatio": 0.0504208209,
        "totalOtherIncomeExpensesNet": -25274000,
        "incomeBeforeTax": -11645000,
        "incomeBeforeTaxRatio": -0.0430809641,
        "incomeTaxExpense": -2181000,
        "netIncome": -9464000,
        "netIncomeRatio": -0.0350123009,
        "eps": -0.0592,
        "epsdiluted": -0.0581,
        "weightedAverageShsOut": 159732000,
        "weightedAverageShsOutDil": 162806000,
        "link": "https://www.sec.gov/Archives/edgar/data/1021860/000095012900004068/0000950129-00-004068-index.htm",
        "finalLink": "https://www.sec.gov/Archives/edgar/data/1021860/000095012900004068/e10-q.txt"
    },
    {
        "date": "2000-03-31",
        "symbol": "NOV",
        "reportedCurrency": "USD",
        "cik": "0001021860",
        "fillingDate": "2000-05-12",
        "acceptedDate": "2000-05-12 00:00:00",
        "calendarYear": "2000",
        "period": "Q1",
        "revenue": 229386000,
        "costOfRevenue": 180048000,
        "grossProfit": 49338000,
        "grossProfitRatio": 0.2150872329,
        "researchAndDevelopmentExpenses": 0,
        "generalAndAdministrativeExpenses": 33188000,
        "sellingAndMarketingExpenses": 0,
        "sellingGeneralAndAdministrativeExpenses": 33188000,
        "otherExpenses": 0,
        "operatingExpenses": 40107000,
        "costAndExpenses": 220155000,
        "interestIncome": 0,
        "interestExpense": 0,
        "depreciationAndAmortization": 6919000,
        "ebitda": 16150000,
        "ebitdaratio": 0.070405343,
        "operatingIncome": 9231000,
        "operatingIncomeRatio": 0.0402422118,
        "totalOtherIncomeExpensesNet": -4486000,
        "incomeBeforeTax": 4745000,
        "incomeBeforeTaxRatio": 0.0206856565,
        "incomeTaxExpense": 1803000,
        "netIncome": 2942000,
        "netIncomeRatio": 0.012825543,
        "eps": 0.03,
        "epsdiluted": 0.03,
        "weightedAverageShsOut": 154066000,
        "weightedAverageShsOutDil": 156426000,
        "link": "https://www.sec.gov/Archives/edgar/data/1021860/000095012900002379/0000950129-00-002379-index.html",
        "finalLink": "https://www.sec.gov/Archives/edgar/data/1021860/000095012900002379/"
    },
    {
        "date": "1999-12-31",
        "symbol": "NOV",
        "reportedCurrency": "USD",
        "cik": "0001021860",
        "fillingDate": "2000-03-16",
        "acceptedDate": "2000-03-16 00:00:00",
        "calendarYear": "1999",
        "period": "Q4",
        "revenue": 198300000,
        "costOfRevenue": 153700000,
        "grossProfit": 44600000,
        "grossProfitRatio": 0.2249117499,
        "researchAndDevelopmentExpenses": 0,
        "generalAndAdministrativeExpenses": 28800000,
        "sellingAndMarketingExpenses": 0,
        "sellingGeneralAndAdministrativeExpenses": 28800000,
        "otherExpenses": 0,
        "operatingExpenses": 36300000,
        "costAndExpenses": 190000000,
        "interestIncome": 0,
        "interestExpense": 0,
        "depreciationAndAmortization": 7500000,
        "ebitda": 15800000,
        "ebitdaratio": 0.0796772567,
        "operatingIncome": 8300000,
        "operatingIncomeRatio": 0.0418557741,
        "totalOtherIncomeExpensesNet": -4200000,
        "incomeBeforeTax": 4100000,
        "incomeBeforeTaxRatio": 0.0206757438,
        "incomeTaxExpense": 1600000,
        "netIncome": 2500000,
        "netIncomeRatio": 0.0126071609,
        "eps": 0.0197,
        "epsdiluted": 0.0197,
        "weightedAverageShsOut": 127114000,
        "weightedAverageShsOutDil": 127114000,
        "link": "https://www.sec.gov/Archives/edgar/data/1021860/000095012900001217/0000950129-00-001217-index.html",
        "finalLink": "https://www.sec.gov/Archives/edgar/data/1021860/000095012900001217/"
    },
    {
        "date": "1999-09-30",
        "symbol": "NOV",
        "reportedCurrency": "USD",
        "cik": "0001021860",
        "fillingDate": "1999-11-15",
        "acceptedDate": "1999-11-15 00:00:00",
        "calendarYear": "1999",
        "period": "Q3",
        "revenue": 168200000,
        "costOfRevenue": 133300000,
        "grossProfit": 34900000,
        "grossProfitRatio": 0.207491082,
        "researchAndDevelopmentExpenses": 0,
        "generalAndAdministrativeExpenses": 29200000,
        "sellingAndMarketingExpenses": 0,
        "sellingGeneralAndAdministrativeExpenses": 29200000,
        "otherExpenses": 0,
        "operatingExpenses": 34100000,
        "costAndExpenses": 167400000,
        "interestIncome": 0,
        "interestExpense": 0,
        "depreciationAndAmortization": 4900000,
        "ebitda": 5800000,
        "ebitdaratio": 0.0344827586,
        "operatingIncome": 800000,
        "operatingIncomeRatio": 0.0047562426,
        "totalOtherIncomeExpensesNet": -3500000,
        "incomeBeforeTax": -2600000,
        "incomeBeforeTaxRatio": -0.0154577883,
        "incomeTaxExpense": -700000,
        "netIncome": -1900000,
        "netIncomeRatio": -0.0112960761,
        "eps": -0.015,
        "epsdiluted": -0.015,
        "weightedAverageShsOut": 126666667,
        "weightedAverageShsOutDil": 126666667,
        "link": "https://www.sec.gov/Archives/edgar/data/1021860/000095012999004979/0000950129-99-004979-index.html",
        "finalLink": "https://www.sec.gov/Archives/edgar/data/1021860/000095012999004979/"
    },
    {
        "date": "1999-06-30",
        "symbol": "NOV",
        "reportedCurrency": "USD",
        "cik": "0001021860",
        "fillingDate": "1999-08-13",
        "acceptedDate": "1999-08-13 00:00:00",
        "calendarYear": "1999",
        "period": "Q2",
        "revenue": 159100000,
        "costOfRevenue": 121900000,
        "grossProfit": 37200000,
        "grossProfitRatio": 0.2338152106,
        "researchAndDevelopmentExpenses": 0,
        "generalAndAdministrativeExpenses": 28100000,
        "sellingAndMarketingExpenses": 0,
        "sellingGeneralAndAdministrativeExpenses": 28100000,
        "otherExpenses": 0,
        "operatingExpenses": 33500000,
        "costAndExpenses": 155400000,
        "interestIncome": 0,
        "interestExpense": 0,
        "depreciationAndAmortization": 5400000,
        "ebitda": -4184000,
        "ebitdaratio": -0.0262979258,
        "operatingIncome": 3700000,
        "operatingIncomeRatio": 0.023255814,
        "totalOtherIncomeExpensesNet": -7300000,
        "incomeBeforeTax": -600000,
        "incomeBeforeTaxRatio": -0.0037712131,
        "incomeTaxExpense": -200000,
        "netIncome": -400000,
        "netIncomeRatio": -0.002514142,
        "eps": -0.0028,
        "epsdiluted": -0.0028,
        "weightedAverageShsOut": 143446000,
        "weightedAverageShsOutDil": 144172000,
        "link": "https://www.sec.gov/Archives/edgar/data/1021860/000095012999003667/0000950129-99-003667-index.html",
        "finalLink": "https://www.sec.gov/Archives/edgar/data/1021860/000095012999003667/"
    },
    {
        "date": "1999-03-31",
        "symbol": "NOV",
        "reportedCurrency": "USD",
        "cik": "0001021860",
        "fillingDate": "1999-05-14",
        "acceptedDate": "1999-05-14 00:00:00",
        "calendarYear": "1999",
        "period": "Q1",
        "revenue": 185200000,
        "costOfRevenue": 139700000,
        "grossProfit": 45500000,
        "grossProfitRatio": 0.2456803456,
        "researchAndDevelopmentExpenses": 0,
        "generalAndAdministrativeExpenses": 29800000,
        "sellingAndMarketingExpenses": 0,
        "sellingGeneralAndAdministrativeExpenses": 29800000,
        "otherExpenses": 0,
        "operatingExpenses": 35200000,
        "costAndExpenses": 174900000,
        "interestIncome": 0,
        "interestExpense": 0,
        "depreciationAndAmortization": 5400000,
        "ebitda": 16061000,
        "ebitdaratio": 0.0867224622,
        "operatingIncome": 10300000,
        "operatingIncomeRatio": 0.0556155508,
        "totalOtherIncomeExpensesNet": -4658000,
        "incomeBeforeTax": 6000000,
        "incomeBeforeTaxRatio": 0.0323974082,
        "incomeTaxExpense": 2300000,
        "netIncome": 3700000,
        "netIncomeRatio": 0.0199784017,
        "eps": 0.03,
        "epsdiluted": 0.03,
        "weightedAverageShsOut": 116396000,
        "weightedAverageShsOutDil": 116534000,
        "link": "https://www.sec.gov/Archives/edgar/data/1021860/000095012999002214/0000950129-99-002214-index.html",
        "finalLink": "https://www.sec.gov/Archives/edgar/data/1021860/"
    },
    {
        "date": "1998-12-31",
        "symbol": "NOV",
        "reportedCurrency": "USD",
        "cik": "0001021860",
        "fillingDate": "1999-03-30",
        "acceptedDate": "1999-03-30 00:00:00",
        "calendarYear": "1998",
        "period": "Q4",
        "revenue": 268800000,
        "costOfRevenue": 203900000,
        "grossProfit": 64900000,
        "grossProfitRatio": 0.2414434524,
        "researchAndDevelopmentExpenses": 0,
        "generalAndAdministrativeExpenses": 35700000,
        "sellingAndMarketingExpenses": 0,
        "sellingGeneralAndAdministrativeExpenses": 35700000,
        "otherExpenses": 0,
        "operatingExpenses": 41000000,
        "costAndExpenses": 244900000,
        "interestIncome": 0,
        "interestExpense": 0,
        "depreciationAndAmortization": 5300000,
        "ebitda": 29200000,
        "ebitdaratio": 0.1086309524,
        "operatingIncome": 23900000,
        "operatingIncomeRatio": 0.0889136905,
        "totalOtherIncomeExpensesNet": -20200000,
        "incomeBeforeTax": 3700000,
        "incomeBeforeTaxRatio": 0.013764881,
        "incomeTaxExpense": 1300000,
        "netIncome": 2400000,
        "netIncomeRatio": 0.0089285714,
        "eps": 0.0227,
        "epsdiluted": 0.0227,
        "weightedAverageShsOut": 105714286,
        "weightedAverageShsOutDil": 105714286,
        "link": "https://www.sec.gov/Archives/edgar/data/1021860/000095012999001217/0000950129-99-001217-index.html",
        "finalLink": "https://www.sec.gov/Archives/edgar/data/1021860/"
    },
    {
        "date": "1998-09-30",
        "symbol": "NOV",
        "reportedCurrency": "USD",
        "cik": "0001021860",
        "fillingDate": "1998-11-16",
        "acceptedDate": "1998-11-16 00:00:00",
        "calendarYear": "1998",
        "period": "Q3",
        "revenue": 306500000,
        "costOfRevenue": 225600000,
        "grossProfit": 80900000,
        "grossProfitRatio": 0.2639477977,
        "researchAndDevelopmentExpenses": 0,
        "generalAndAdministrativeExpenses": 37400000,
        "sellingAndMarketingExpenses": 0,
        "sellingGeneralAndAdministrativeExpenses": 37400000,
        "otherExpenses": 0,
        "operatingExpenses": 42500000,
        "costAndExpenses": 268100000,
        "interestIncome": 0,
        "interestExpense": 0,
        "depreciationAndAmortization": 5100000,
        "ebitda": 44500000,
        "ebitdaratio": 0.145187602,
        "operatingIncome": 38400000,
        "operatingIncomeRatio": 0.1252854812,
        "totalOtherIncomeExpensesNet": -4700000,
        "incomeBeforeTax": 34000000,
        "incomeBeforeTaxRatio": 0.1109298532,
        "incomeTaxExpense": 12400000,
        "netIncome": 21600000,
        "netIncomeRatio": 0.0704730832,
        "eps": 0.19,
        "epsdiluted": 0.19,
        "weightedAverageShsOut": 110526316,
        "weightedAverageShsOutDil": 110526316,
        "link": "https://www.sec.gov/Archives/edgar/data/1021860/000095012998004749/0000950129-98-004749-index.html",
        "finalLink": "https://www.sec.gov/Archives/edgar/data/1021860/"
    },
    {
        "date": "1998-06-30",
        "symbol": "NOV",
        "reportedCurrency": "USD",
        "cik": "0001021860",
        "fillingDate": "1998-08-14",
        "acceptedDate": "1998-08-14 00:00:00",
        "calendarYear": "1998",
        "period": "Q2",
        "revenue": 294800000,
        "costOfRevenue": 217500000,
        "grossProfit": 77300000,
        "grossProfitRatio": 0.2622116689,
        "researchAndDevelopmentExpenses": 0,
        "generalAndAdministrativeExpenses": 32900000,
        "sellingAndMarketingExpenses": 0,
        "sellingGeneralAndAdministrativeExpenses": 32900000,
        "otherExpenses": 0,
        "operatingExpenses": 37400000,
        "costAndExpenses": 254900000,
        "interestIncome": 0,
        "interestExpense": 0,
        "depreciationAndAmortization": 4500000,
        "ebitda": 44400000,
        "ebitdaratio": 0.1506105834,
        "operatingIncome": 39900000,
        "operatingIncomeRatio": 0.1353459973,
        "totalOtherIncomeExpensesNet": -1800000,
        "incomeBeforeTax": 38100000,
        "incomeBeforeTaxRatio": 0.1292401628,
        "incomeTaxExpense": 14300000,
        "netIncome": 23800000,
        "netIncomeRatio": 0.0807327001,
        "eps": 0.23,
        "epsdiluted": 0.23,
        "weightedAverageShsOut": 103478261,
        "weightedAverageShsOutDil": 103478261,
        "link": "https://www.sec.gov/Archives/edgar/data/1021860/000095012998003522/0000950129-98-003522-index.html",
        "finalLink": "https://www.sec.gov/Archives/edgar/data/1021860/"
    },
    {
        "date": "1998-03-31",
        "symbol": "NOV",
        "reportedCurrency": "USD",
        "cik": "0001021860",
        "fillingDate": "1998-05-12",
        "acceptedDate": "1998-05-12 00:00:00",
        "calendarYear": "1998",
        "period": "Q1",
        "revenue": 301900000,
        "costOfRevenue": 232800000,
        "grossProfit": 69100000,
        "grossProfitRatio": 0.2288837363,
        "researchAndDevelopmentExpenses": 0,
        "generalAndAdministrativeExpenses": 29500000,
        "sellingAndMarketingExpenses": 0,
        "sellingGeneralAndAdministrativeExpenses": 29500000,
        "otherExpenses": 0,
        "operatingExpenses": 33800000,
        "costAndExpenses": 266600000,
        "interestIncome": 0,
        "interestExpense": 0,
        "depreciationAndAmortization": 4300000,
        "ebitda": 39600000,
        "ebitdaratio": 0.1311692613,
        "operatingIncome": 35300000,
        "operatingIncomeRatio": 0.1169261345,
        "totalOtherIncomeExpensesNet": -1800000,
        "incomeBeforeTax": 33500000,
        "incomeBeforeTaxRatio": 0.1109638953,
        "incomeTaxExpense": 12400000,
        "netIncome": 21100000,
        "netIncomeRatio": 0.0698906923,
        "eps": 0.21,
        "epsdiluted": 0.2,
        "weightedAverageShsOut": 102926829,
        "weightedAverageShsOutDil": 105500000,
        "link": "https://www.sec.gov/Archives/edgar/data/1021860/000095012998002023/0000950129-98-002023-index.html",
        "finalLink": "https://www.sec.gov/Archives/edgar/data/1021860/"
    },
    {
        "date": "1997-12-31",
        "symbol": "NOV",
        "reportedCurrency": "USD",
        "cik": "0001021860",
        "fillingDate": "1998-03-16",
        "acceptedDate": "1998-03-16 00:00:00",
        "calendarYear": "1997",
        "period": "Q4",
        "revenue": 299900000,
        "costOfRevenue": 226500000,
        "grossProfit": 73400000,
        "grossProfitRatio": 0.2447482494,
        "researchAndDevelopmentExpenses": 0,
        "generalAndAdministrativeExpenses": 34600000,
        "sellingAndMarketingExpenses": 0,
        "sellingGeneralAndAdministrativeExpenses": 34600000,
        "otherExpenses": 0,
        "operatingExpenses": 38800000,
        "costAndExpenses": 265300000,
        "interestIncome": 0,
        "interestExpense": 0,
        "depreciationAndAmortization": 4200000,
        "ebitda": 38800000,
        "ebitdaratio": 0.1293764588,
        "operatingIncome": 34600000,
        "operatingIncomeRatio": 0.1153717906,
        "totalOtherIncomeExpensesNet": -1000000,
        "incomeBeforeTax": 33600000,
        "incomeBeforeTaxRatio": 0.1120373458,
        "incomeTaxExpense": 12500000,
        "netIncome": 21100000,
        "netIncomeRatio": 0.0703567856,
        "eps": 0.21,
        "epsdiluted": 0.21,
        "weightedAverageShsOut": 102926829,
        "weightedAverageShsOutDil": 102926829,
        "link": "https://www.sec.gov/Archives/edgar/data/1021860/000095012998001061/0000950129-98-001061-index.html",
        "finalLink": "https://www.sec.gov/Archives/edgar/data/1021860/"
    },
    {
        "date": "1997-09-30",
        "symbol": "NOV",
        "reportedCurrency": "USD",
        "cik": "0001021860",
        "fillingDate": "1997-11-07",
        "acceptedDate": "1997-11-07 00:00:00",
        "calendarYear": "1997",
        "period": "Q3",
        "revenue": 265000000,
        "costOfRevenue": 201200000,
        "grossProfit": 63800000,
        "grossProfitRatio": 0.240754717,
        "researchAndDevelopmentExpenses": 0,
        "generalAndAdministrativeExpenses": 26700000,
        "sellingAndMarketingExpenses": 0,
        "sellingGeneralAndAdministrativeExpenses": 26700000,
        "otherExpenses": 0,
        "operatingExpenses": 35100000,
        "costAndExpenses": 236300000,
        "interestIncome": 0,
        "interestExpense": 0,
        "depreciationAndAmortization": 8400000,
        "ebitda": 37100000,
        "ebitdaratio": 0.14,
        "operatingIncome": 28700000,
        "operatingIncomeRatio": 0.1083018868,
        "totalOtherIncomeExpensesNet": -12000000,
        "incomeBeforeTax": 16700000,
        "incomeBeforeTaxRatio": 0.0630188679,
        "incomeTaxExpense": 7300000,
        "netIncome": 8800000,
        "netIncomeRatio": 0.0332075472,
        "eps": 0.085,
        "epsdiluted": 0.085,
        "weightedAverageShsOut": 103529412,
        "weightedAverageShsOutDil": 103529412,
        "link": "https://www.sec.gov/Archives/edgar/data/1021860/000095012997004555/0000950129-97-004555-index.html",
        "finalLink": "https://www.sec.gov/Archives/edgar/data/1021860/"
    },
    {
        "date": "1997-06-30",
        "symbol": "NOV",
        "reportedCurrency": "USD",
        "cik": "0001021860",
        "fillingDate": "1997-08-14",
        "acceptedDate": "1997-08-14 00:00:00",
        "calendarYear": "1997",
        "period": "Q2",
        "revenue": 197900000,
        "costOfRevenue": 164300000,
        "grossProfit": 33600000,
        "grossProfitRatio": 0.1697827185,
        "researchAndDevelopmentExpenses": 0,
        "generalAndAdministrativeExpenses": 18100000,
        "sellingAndMarketingExpenses": 0,
        "sellingGeneralAndAdministrativeExpenses": 18100000,
        "otherExpenses": 0,
        "operatingExpenses": 19300000,
        "costAndExpenses": 183600000,
        "interestIncome": 0,
        "interestExpense": 0,
        "depreciationAndAmortization": 1200000,
        "ebitda": 15500000,
        "ebitdaratio": 0.078322385,
        "operatingIncome": 14300000,
        "operatingIncomeRatio": 0.0722587165,
        "totalOtherIncomeExpensesNet": -1100000,
        "incomeBeforeTax": 13200000,
        "incomeBeforeTaxRatio": 0.0667003537,
        "incomeTaxExpense": 4900000,
        "netIncome": 8300000,
        "netIncomeRatio": 0.0419403739,
        "eps": 0.12,
        "epsdiluted": 0.12,
        "weightedAverageShsOut": 72173913,
        "weightedAverageShsOutDil": 72173913,
        "link": "https://www.sec.gov/Archives/edgar/data/1021860/000095012997003344/0000950129-97-003344-index.html",
        "finalLink": "https://www.sec.gov/Archives/edgar/data/1021860/"
    },
    {
        "date": "1997-03-31",
        "symbol": "NOV",
        "reportedCurrency": "USD",
        "cik": "0001021860",
        "fillingDate": "1997-05-13",
        "acceptedDate": "1997-05-13 00:00:00",
        "calendarYear": "1997",
        "period": "Q1",
        "revenue": 176200000,
        "costOfRevenue": 149000000,
        "grossProfit": 27200000,
        "grossProfitRatio": 0.1543700341,
        "researchAndDevelopmentExpenses": 0,
        "generalAndAdministrativeExpenses": 15000000,
        "sellingAndMarketingExpenses": 0,
        "sellingGeneralAndAdministrativeExpenses": 15000000,
        "otherExpenses": 0,
        "operatingExpenses": 15900000,
        "costAndExpenses": 164900000,
        "interestIncome": 0,
        "interestExpense": 0,
        "depreciationAndAmortization": 900000,
        "ebitda": 19700000,
        "ebitdaratio": 0.1118047673,
        "operatingIncome": 11300000,
        "operatingIncomeRatio": 0.0641316686,
        "totalOtherIncomeExpensesNet": -1700000,
        "incomeBeforeTax": 9900000,
        "incomeBeforeTaxRatio": 0.0561861521,
        "incomeTaxExpense": 3900000,
        "netIncome": 6000000,
        "netIncomeRatio": 0.0340522134,
        "eps": 0.095,
        "epsdiluted": 0.095,
        "weightedAverageShsOut": 71496000,
        "weightedAverageShsOutDil": 71496000,
        "link": "https://www.sec.gov/Archives/edgar/data/1021860/000095012997001928/0000950129-97-001928-index.html",
        "finalLink": "https://www.sec.gov/Archives/edgar/data/1021860/"
    },
    {
        "date": "1996-12-31",
        "symbol": "NOV",
        "reportedCurrency": "USD",
        "cik": "0001021860",
        "fillingDate": "1997-08-18",
        "acceptedDate": "1997-08-18 00:00:00",
        "calendarYear": "1996",
        "period": "Q4",
        "revenue": 180500000,
        "costOfRevenue": 153300000,
        "grossProfit": 27200000,
        "grossProfitRatio": 0.1506925208,
        "researchAndDevelopmentExpenses": 0,
        "generalAndAdministrativeExpenses": 0,
        "sellingAndMarketingExpenses": 0,
        "sellingGeneralAndAdministrativeExpenses": 15500000,
        "otherExpenses": 700000,
        "operatingExpenses": 16200000,
        "costAndExpenses": 169500000,
        "interestIncome": 0,
        "interestExpense": 0,
        "depreciationAndAmortization": 700000,
        "ebitda": 11700000,
        "ebitdaratio": 0.0648199446,
        "operatingIncome": 11000000,
        "operatingIncomeRatio": 0.0609418283,
        "totalOtherIncomeExpensesNet": -24800000,
        "incomeBeforeTax": -13800000,
        "incomeBeforeTaxRatio": -0.0764542936,
        "incomeTaxExpense": -5200000,
        "netIncome": -8600000,
        "netIncomeRatio": -0.0476454294,
        "eps": -0.16,
        "epsdiluted": -0.16,
        "weightedAverageShsOut": 53333333,
        "weightedAverageShsOutDil": 53333333,
        "link": "https://www.sec.gov/Archives/edgar/data/1021860/000095012997003420/0000950129-97-003420-index.html",
        "finalLink": "https://www.sec.gov/Archives/edgar/data/1021860/"
    },
    {
        "date": "1996-09-30",
        "symbol": "NOV",
        "reportedCurrency": "USD",
        "cik": "0001021860",
        "fillingDate": "1996-12-12",
        "acceptedDate": "1996-12-12 00:00:00",
        "calendarYear": "1996",
        "period": "Q3",
        "revenue": 173500000,
        "costOfRevenue": 147800000,
        "grossProfit": 25700000,
        "grossProfitRatio": 0.1481268012,
        "researchAndDevelopmentExpenses": 0,
        "generalAndAdministrativeExpenses": 0,
        "sellingAndMarketingExpenses": 0,
        "sellingGeneralAndAdministrativeExpenses": 14500000,
        "otherExpenses": 1000000,
        "operatingExpenses": 15500000,
        "costAndExpenses": 163300000,
        "interestIncome": 0,
        "interestExpense": 0,
        "depreciationAndAmortization": 1000000,
        "ebitda": 11200000,
        "ebitdaratio": 0.0645533141,
        "operatingIncome": 10200000,
        "operatingIncomeRatio": 0.0587896254,
        "totalOtherIncomeExpensesNet": -2800000,
        "incomeBeforeTax": 7400000,
        "incomeBeforeTaxRatio": 0.0426512968,
        "incomeTaxExpense": 2600000,
        "netIncome": 4800000,
        "netIncomeRatio": 0.0276657061,
        "eps": 0.09,
        "epsdiluted": 0.09,
        "weightedAverageShsOut": 53333333,
        "weightedAverageShsOutDil": 53333333,
        "link": "https://www.sec.gov/Archives/edgar/data/1021860/000095012996003318/0000950129-96-003318-index.html",
        "finalLink": "https://www.sec.gov/Archives/edgar/data/1021860/"
    }
]