[
    {
        "date": "2025-07-31",
        "symbol": "NRT",
        "reportedCurrency": "USD",
        "cik": "0000072633",
        "fillingDate": "2025-07-31",
        "acceptedDate": "2025-07-31 00:00:00",
        "calendarYear": "2025",
        "period": "Q3",
        "revenue": 2642451,
        "costOfRevenue": 180178,
        "grossProfit": 2617231,
        "grossProfitRatio": 0.9904558306,
        "researchAndDevelopmentExpenses": 0,
        "generalAndAdministrativeExpenses": 0,
        "sellingAndMarketingExpenses": 0,
        "sellingGeneralAndAdministrativeExpenses": 0,
        "otherExpenses": 180178,
        "operatingExpenses": 180178,
        "costAndExpenses": 183344,
        "interestIncome": 25220,
        "interestExpense": 0,
        "depreciationAndAmortization": 0,
        "ebitda": 2437053,
        "ebitdaratio": 0.9222698926,
        "operatingIncome": 2437053,
        "operatingIncomeRatio": 0.9222698926,
        "totalOtherIncomeExpensesNet": 22054,
        "incomeBeforeTax": 2459107,
        "incomeBeforeTaxRatio": 0.930615932,
        "incomeTaxExpense": 0,
        "netIncome": 2459107,
        "netIncomeRatio": 0.930615932,
        "eps": 0.27,
        "epsdiluted": 0.27,
        "weightedAverageShsOut": 9190590,
        "weightedAverageShsOutDil": 9190590,
        "link": null,
        "finalLink": null
    },
    {
        "date": "2025-04-30",
        "symbol": "NRT",
        "reportedCurrency": "USD",
        "cik": "0000072633",
        "fillingDate": "2025-05-30",
        "acceptedDate": "2025-05-30 14:29:22",
        "calendarYear": "2025",
        "period": "Q2",
        "revenue": 2490525,
        "costOfRevenue": 227821,
        "grossProfit": 2262704,
        "grossProfitRatio": 0.9085249094,
        "researchAndDevelopmentExpenses": 0,
        "generalAndAdministrativeExpenses": 229519,
        "sellingAndMarketingExpenses": 0,
        "sellingGeneralAndAdministrativeExpenses": 229519,
        "otherExpenses": -1698,
        "operatingExpenses": 227821,
        "costAndExpenses": 229519,
        "interestIncome": 19224,
        "interestExpense": 0,
        "depreciationAndAmortization": 0,
        "ebitda": 2261006,
        "ebitdaratio": 0.9078431254,
        "operatingIncome": 2262704,
        "operatingIncomeRatio": 0.9085249094,
        "totalOtherIncomeExpensesNet": -1698,
        "incomeBeforeTax": 2261006,
        "incomeBeforeTaxRatio": 0.9078431254,
        "incomeTaxExpense": 0,
        "netIncome": 2261000,
        "netIncomeRatio": 0.9078407163,
        "eps": 0.25,
        "epsdiluted": 0.25,
        "weightedAverageShsOut": 9190590,
        "weightedAverageShsOutDil": 9190590,
        "link": "https://www.sec.gov/Archives/edgar/data/72633/000007263325000006/0000072633-25-000006-index.htm",
        "finalLink": "https://www.sec.gov/Archives/edgar/data/72633/000007263325000006/tenq2q25.htm"
    },
    {
        "date": "2025-01-31",
        "symbol": "NRT",
        "reportedCurrency": "USD",
        "cik": "0000072633",
        "fillingDate": "2025-02-28",
        "acceptedDate": "2025-02-28 11:23:43",
        "calendarYear": "2025",
        "period": "Q1",
        "revenue": 519433,
        "costOfRevenue": 232012,
        "grossProfit": 519433,
        "grossProfitRatio": 1,
        "researchAndDevelopmentExpenses": 0,
        "generalAndAdministrativeExpenses": 233965,
        "sellingAndMarketingExpenses": 0,
        "sellingGeneralAndAdministrativeExpenses": 233965,
        "otherExpenses": 0,
        "operatingExpenses": 233965,
        "costAndExpenses": 233965,
        "interestIncome": 13736,
        "interestExpense": 0,
        "depreciationAndAmortization": 0,
        "ebitda": 285468,
        "ebitdaratio": 0.5495761725,
        "operatingIncome": 285468,
        "operatingIncomeRatio": 0.5495761725,
        "totalOtherIncomeExpensesNet": 0,
        "incomeBeforeTax": 285468,
        "incomeBeforeTaxRatio": 0.5495761725,
        "incomeTaxExpense": 0,
        "netIncome": 285468,
        "netIncomeRatio": 0.5495761725,
        "eps": 0.0311,
        "epsdiluted": 0.0311,
        "weightedAverageShsOut": 9191000,
        "weightedAverageShsOutDil": 9191000,
        "link": "https://www.sec.gov/Archives/edgar/data/72633/000007263325000004/0000072633-25-000004-index.htm",
        "finalLink": "https://www.sec.gov/Archives/edgar/data/72633/000007263325000004/tenq1q25.htm"
    },
    {
        "date": "2024-10-31",
        "symbol": "NRT",
        "reportedCurrency": "USD",
        "cik": "0000072633",
        "fillingDate": "2024-12-31",
        "acceptedDate": "2024-12-31 10:23:25",
        "calendarYear": "2024",
        "period": "Q4",
        "revenue": 690399,
        "costOfRevenue": 161054,
        "grossProfit": 529345,
        "grossProfitRatio": 0.7667233006,
        "researchAndDevelopmentExpenses": 0,
        "generalAndAdministrativeExpenses": 163664,
        "sellingAndMarketingExpenses": 0,
        "sellingGeneralAndAdministrativeExpenses": 163664,
        "otherExpenses": 0,
        "operatingExpenses": 163664,
        "costAndExpenses": 163664,
        "interestIncome": 20195,
        "interestExpense": 0,
        "depreciationAndAmortization": 0,
        "ebitda": 526735,
        "ebitdaratio": 0.762942878,
        "operatingIncome": 526735,
        "operatingIncomeRatio": 0.762942878,
        "totalOtherIncomeExpensesNet": 0,
        "incomeBeforeTax": 526735,
        "incomeBeforeTaxRatio": 0.762942878,
        "incomeTaxExpense": 0,
        "netIncome": 526735,
        "netIncomeRatio": 0.762942878,
        "eps": 0.0573,
        "epsdiluted": 0.0573,
        "weightedAverageShsOut": 9191000,
        "weightedAverageShsOutDil": 9191000,
        "link": "https://www.sec.gov/Archives/edgar/data/72633/000007263324000018/0000072633-24-000018-index.htm",
        "finalLink": "https://www.sec.gov/Archives/edgar/data/72633/000007263324000018/tenk2024.htm"
    },
    {
        "date": "2024-07-31",
        "symbol": "NRT",
        "reportedCurrency": "USD",
        "cik": "0000072633",
        "fillingDate": "2024-08-30",
        "acceptedDate": "2024-08-30 11:32:53",
        "calendarYear": "2024",
        "period": "Q3",
        "revenue": 2483816,
        "costOfRevenue": 164223,
        "grossProfit": 2483816,
        "grossProfitRatio": 1,
        "researchAndDevelopmentExpenses": 0,
        "generalAndAdministrativeExpenses": 165722,
        "sellingAndMarketingExpenses": 0,
        "sellingGeneralAndAdministrativeExpenses": 165722,
        "otherExpenses": 0,
        "operatingExpenses": 165722,
        "costAndExpenses": 165722,
        "interestIncome": 26394,
        "interestExpense": 0,
        "depreciationAndAmortization": 0,
        "ebitda": 2318094,
        "ebitdaratio": 0.9332792767,
        "operatingIncome": 2318094,
        "operatingIncomeRatio": 0.9332792767,
        "totalOtherIncomeExpensesNet": 0,
        "incomeBeforeTax": 2318094,
        "incomeBeforeTaxRatio": 0.9332792767,
        "incomeTaxExpense": 0,
        "netIncome": 2318094,
        "netIncomeRatio": 0.9332792767,
        "eps": 0.25,
        "epsdiluted": 0.25,
        "weightedAverageShsOut": 9191000,
        "weightedAverageShsOutDil": 9191000,
        "link": "https://www.sec.gov/Archives/edgar/data/72633/000007263324000014/0000072633-24-000014-index.htm",
        "finalLink": "https://www.sec.gov/Archives/edgar/data/72633/000007263324000014/tenq3q24.htm"
    },
    {
        "date": "2024-04-30",
        "symbol": "NRT",
        "reportedCurrency": "USD",
        "cik": "0000072633",
        "fillingDate": "2024-05-31",
        "acceptedDate": "2024-05-31 10:12:38",
        "calendarYear": "2024",
        "period": "Q2",
        "revenue": 2249100,
        "costOfRevenue": 213679,
        "grossProfit": 2249100,
        "grossProfitRatio": 1,
        "researchAndDevelopmentExpenses": 0,
        "generalAndAdministrativeExpenses": 215201,
        "sellingAndMarketingExpenses": 0,
        "sellingGeneralAndAdministrativeExpenses": 215201,
        "otherExpenses": 0,
        "operatingExpenses": 215201,
        "costAndExpenses": 215201,
        "interestIncome": 16333,
        "interestExpense": 0,
        "depreciationAndAmortization": 0,
        "ebitda": 2033899,
        "ebitdaratio": 0.9043168378,
        "operatingIncome": 2033899,
        "operatingIncomeRatio": 0.9043168378,
        "totalOtherIncomeExpensesNet": 0,
        "incomeBeforeTax": 2033899,
        "incomeBeforeTaxRatio": 0.9043168378,
        "incomeTaxExpense": 0,
        "netIncome": 2033899,
        "netIncomeRatio": 0.9043168378,
        "eps": 0.22,
        "epsdiluted": 0.22,
        "weightedAverageShsOut": 9190590,
        "weightedAverageShsOutDil": 9190590,
        "link": "https://www.sec.gov/Archives/edgar/data/72633/000007263324000011/0000072633-24-000011-index.htm",
        "finalLink": "https://www.sec.gov/Archives/edgar/data/72633/000007263324000011/tenq2q24.htm"
    },
    {
        "date": "2024-01-31",
        "symbol": "NRT",
        "reportedCurrency": "USD",
        "cik": "0000072633",
        "fillingDate": "2024-02-29",
        "acceptedDate": "2024-02-29 10:07:32",
        "calendarYear": "2024",
        "period": "Q1",
        "revenue": 432370,
        "costOfRevenue": 251332,
        "grossProfit": 181037,
        "grossProfitRatio": 0.4187085135,
        "researchAndDevelopmentExpenses": 0,
        "generalAndAdministrativeExpenses": 253284,
        "sellingAndMarketingExpenses": 0,
        "sellingGeneralAndAdministrativeExpenses": 253284,
        "otherExpenses": 0,
        "operatingExpenses": 253284,
        "costAndExpenses": 253284,
        "interestIncome": 7460,
        "interestExpense": 0,
        "depreciationAndAmortization": 0,
        "ebitda": 179085,
        "ebitdaratio": 0.4141938617,
        "operatingIncome": 179086,
        "operatingIncomeRatio": 0.4141961746,
        "totalOtherIncomeExpensesNet": 0,
        "incomeBeforeTax": 179085,
        "incomeBeforeTaxRatio": 0.4141938617,
        "incomeTaxExpense": 0,
        "netIncome": 179085,
        "netIncomeRatio": 0.4141938617,
        "eps": 0.0195,
        "epsdiluted": 0.0195,
        "weightedAverageShsOut": 9190590,
        "weightedAverageShsOutDil": 9190590,
        "link": "https://www.sec.gov/Archives/edgar/data/72633/000007263324000009/0000072633-24-000009-index.htm",
        "finalLink": "https://www.sec.gov/Archives/edgar/data/72633/000007263324000009/tenq1q24.htm"
    },
    {
        "date": "2023-10-31",
        "symbol": "NRT",
        "reportedCurrency": "USD",
        "cik": "0000072633",
        "fillingDate": "2023-12-29",
        "acceptedDate": "2023-12-29 10:47:42",
        "calendarYear": "2023",
        "period": "Q4",
        "revenue": 12138,
        "costOfRevenue": 168429,
        "grossProfit": 12138,
        "grossProfitRatio": 1,
        "researchAndDevelopmentExpenses": 0,
        "generalAndAdministrativeExpenses": 170097,
        "sellingAndMarketingExpenses": 0,
        "sellingGeneralAndAdministrativeExpenses": 170097,
        "otherExpenses": 0,
        "operatingExpenses": 170097,
        "costAndExpenses": 170097,
        "interestIncome": 12714,
        "interestExpense": 0,
        "depreciationAndAmortization": 0,
        "ebitda": -157959,
        "ebitdaratio": -13.0135936728,
        "operatingIncome": -157959,
        "operatingIncomeRatio": -13.0135936728,
        "totalOtherIncomeExpensesNet": 0,
        "incomeBeforeTax": -157959,
        "incomeBeforeTaxRatio": -13.0135936728,
        "incomeTaxExpense": 0,
        "netIncome": -157959,
        "netIncomeRatio": -13.0135936728,
        "eps": -0.0172,
        "epsdiluted": -0.0172,
        "weightedAverageShsOut": 9190590,
        "weightedAverageShsOutDil": 9190590,
        "link": "https://www.sec.gov/Archives/edgar/data/72633/000007263323000016/0000072633-23-000016-index.htm",
        "finalLink": "https://www.sec.gov/Archives/edgar/data/72633/000007263323000016/tenk2023.htm"
    },
    {
        "date": "2023-07-31",
        "symbol": "NRT",
        "reportedCurrency": "USD",
        "cik": "0000072633",
        "fillingDate": "2023-08-31",
        "acceptedDate": "2023-08-31 09:32:29",
        "calendarYear": "2023",
        "period": "Q3",
        "revenue": 2522727,
        "costOfRevenue": 0,
        "grossProfit": 2522727,
        "grossProfitRatio": 1,
        "researchAndDevelopmentExpenses": 0,
        "generalAndAdministrativeExpenses": 231833,
        "sellingAndMarketingExpenses": 0,
        "sellingGeneralAndAdministrativeExpenses": 231833,
        "otherExpenses": 0,
        "operatingExpenses": 231833,
        "costAndExpenses": 231833,
        "interestIncome": 0,
        "interestExpense": 0,
        "depreciationAndAmortization": 0,
        "ebitda": 2290894,
        "ebitdaratio": 0.9081022243,
        "operatingIncome": 2290894,
        "operatingIncomeRatio": 0.9081022243,
        "totalOtherIncomeExpensesNet": 0,
        "incomeBeforeTax": 2290894,
        "incomeBeforeTaxRatio": 0.9081022243,
        "incomeTaxExpense": 0,
        "netIncome": 2290894,
        "netIncomeRatio": 0.9081022243,
        "eps": 0.25,
        "epsdiluted": 0.25,
        "weightedAverageShsOut": 9190590,
        "weightedAverageShsOutDil": 9190590,
        "link": "https://www.sec.gov/Archives/edgar/data/72633/000007263323000011/0000072633-23-000011-index.htm",
        "finalLink": "https://www.sec.gov/Archives/edgar/data/72633/000007263323000011/tenq3q23.htm"
    },
    {
        "date": "2023-04-30",
        "symbol": "NRT",
        "reportedCurrency": "USD",
        "cik": "0000072633",
        "fillingDate": "2023-05-31",
        "acceptedDate": "2023-05-31 10:43:02",
        "calendarYear": "2023",
        "period": "Q2",
        "revenue": 9817435,
        "costOfRevenue": 0,
        "grossProfit": 9817435,
        "grossProfitRatio": 1,
        "researchAndDevelopmentExpenses": 0,
        "generalAndAdministrativeExpenses": 312869,
        "sellingAndMarketingExpenses": 0,
        "sellingGeneralAndAdministrativeExpenses": 312869,
        "otherExpenses": 0,
        "operatingExpenses": 312869,
        "costAndExpenses": 312869,
        "interestIncome": 0,
        "interestExpense": 0,
        "depreciationAndAmortization": 0,
        "ebitda": 9504566,
        "ebitdaratio": 0.9681312889,
        "operatingIncome": 9504566,
        "operatingIncomeRatio": 0.9681312889,
        "totalOtherIncomeExpensesNet": 0,
        "incomeBeforeTax": 9504566,
        "incomeBeforeTaxRatio": 0.9681312889,
        "incomeTaxExpense": 0,
        "netIncome": 9504566,
        "netIncomeRatio": 0.9681312889,
        "eps": 1.03,
        "epsdiluted": 1.03,
        "weightedAverageShsOut": 9190590,
        "weightedAverageShsOutDil": 9190590,
        "link": "https://www.sec.gov/Archives/edgar/data/72633/000007263323000008/0000072633-23-000008-index.htm",
        "finalLink": "https://www.sec.gov/Archives/edgar/data/72633/000007263323000008/tenq2q23.htm"
    },
    {
        "date": "2023-01-31",
        "symbol": "NRT",
        "reportedCurrency": "USD",
        "cik": "0000072633",
        "fillingDate": "2023-02-28",
        "acceptedDate": "2023-02-28 11:15:44",
        "calendarYear": "2023",
        "period": "Q1",
        "revenue": 9788806,
        "costOfRevenue": 0,
        "grossProfit": 9788806,
        "grossProfitRatio": 1,
        "researchAndDevelopmentExpenses": 0,
        "generalAndAdministrativeExpenses": 252792,
        "sellingAndMarketingExpenses": 0,
        "sellingGeneralAndAdministrativeExpenses": 252792,
        "otherExpenses": 0,
        "operatingExpenses": 252792,
        "costAndExpenses": 252792,
        "interestIncome": 0,
        "interestExpense": 0,
        "depreciationAndAmortization": 0,
        "ebitda": 9536014,
        "ebitdaratio": 0.9741753999,
        "operatingIncome": 9536014,
        "operatingIncomeRatio": 0.9741753999,
        "totalOtherIncomeExpensesNet": 0,
        "incomeBeforeTax": 9536014,
        "incomeBeforeTaxRatio": 0.9741753999,
        "incomeTaxExpense": 0,
        "netIncome": 9536014,
        "netIncomeRatio": 0.9741753999,
        "eps": 1.04,
        "epsdiluted": 1.04,
        "weightedAverageShsOut": 9190590,
        "weightedAverageShsOutDil": 9190590,
        "link": "https://www.sec.gov/Archives/edgar/data/72633/000007263323000004/0000072633-23-000004-index.htm",
        "finalLink": "https://www.sec.gov/Archives/edgar/data/72633/000007263323000004/tenq1q23.htm"
    },
    {
        "date": "2022-10-31",
        "symbol": "NRT",
        "reportedCurrency": "USD",
        "cik": "0000072633",
        "fillingDate": "2022-12-30",
        "acceptedDate": "2022-12-30 09:12:48",
        "calendarYear": "2022",
        "period": "Q4",
        "revenue": 7038330,
        "costOfRevenue": 0,
        "grossProfit": 7038330,
        "grossProfitRatio": 1,
        "researchAndDevelopmentExpenses": 0,
        "generalAndAdministrativeExpenses": 154279,
        "sellingAndMarketingExpenses": 0,
        "sellingGeneralAndAdministrativeExpenses": 154279,
        "otherExpenses": 0,
        "operatingExpenses": 154279,
        "costAndExpenses": 154279,
        "interestIncome": 0,
        "interestExpense": 0,
        "depreciationAndAmortization": 0,
        "ebitda": 6884051,
        "ebitdaratio": 0.9780801696,
        "operatingIncome": 6884051,
        "operatingIncomeRatio": 0.9780801696,
        "totalOtherIncomeExpensesNet": 0,
        "incomeBeforeTax": 6884051,
        "incomeBeforeTaxRatio": 0.9780801696,
        "incomeTaxExpense": 0,
        "netIncome": 6884051,
        "netIncomeRatio": 0.9780801696,
        "eps": 0.75,
        "epsdiluted": 0.75,
        "weightedAverageShsOut": 9190590,
        "weightedAverageShsOutDil": 9190590,
        "link": "https://www.sec.gov/Archives/edgar/data/72633/000007263322000015/0000072633-22-000015-index.htm",
        "finalLink": "https://www.sec.gov/Archives/edgar/data/72633/000007263322000015/tenk2022.htm"
    },
    {
        "date": "2022-07-31",
        "symbol": "NRT",
        "reportedCurrency": "USD",
        "cik": "0000072633",
        "fillingDate": "2022-08-31",
        "acceptedDate": "2022-08-31 10:17:25",
        "calendarYear": "2022",
        "period": "Q3",
        "revenue": 4443300,
        "costOfRevenue": 0,
        "grossProfit": 4443300,
        "grossProfitRatio": 1,
        "researchAndDevelopmentExpenses": 0,
        "generalAndAdministrativeExpenses": 150693,
        "sellingAndMarketingExpenses": 0,
        "sellingGeneralAndAdministrativeExpenses": 150693,
        "otherExpenses": 0,
        "operatingExpenses": 150693,
        "costAndExpenses": 150693,
        "interestIncome": 0,
        "interestExpense": 0,
        "depreciationAndAmortization": 0,
        "ebitda": 4292607,
        "ebitdaratio": 0.966085342,
        "operatingIncome": 4292607,
        "operatingIncomeRatio": 0.966085342,
        "totalOtherIncomeExpensesNet": 0,
        "incomeBeforeTax": 4292607,
        "incomeBeforeTaxRatio": 0.966085342,
        "incomeTaxExpense": 0,
        "netIncome": 4292607,
        "netIncomeRatio": 0.966085342,
        "eps": 0.47,
        "epsdiluted": 0.47,
        "weightedAverageShsOut": 9190590,
        "weightedAverageShsOutDil": 9190590,
        "link": "https://www.sec.gov/Archives/edgar/data/72633/000007263322000012/0000072633-22-000012-index.htm",
        "finalLink": "https://www.sec.gov/Archives/edgar/data/72633/000007263322000012/tenq3q22.htm"
    },
    {
        "date": "2022-04-30",
        "symbol": "NRT",
        "reportedCurrency": "USD",
        "cik": "0000072633",
        "fillingDate": "2022-05-27",
        "acceptedDate": "2022-05-27 10:03:18",
        "calendarYear": "2022",
        "period": "Q2",
        "revenue": 3773956,
        "costOfRevenue": 0,
        "grossProfit": 3773956,
        "grossProfitRatio": 1,
        "researchAndDevelopmentExpenses": 0,
        "generalAndAdministrativeExpenses": 213988,
        "sellingAndMarketingExpenses": 0,
        "sellingGeneralAndAdministrativeExpenses": 213988,
        "otherExpenses": 0,
        "operatingExpenses": 213988,
        "costAndExpenses": 213988,
        "interestIncome": 0,
        "interestExpense": 0,
        "depreciationAndAmortization": 0,
        "ebitda": 3559968,
        "ebitdaratio": 0.943298756,
        "operatingIncome": 3559968,
        "operatingIncomeRatio": 0.943298756,
        "totalOtherIncomeExpensesNet": 0,
        "incomeBeforeTax": 3559968,
        "incomeBeforeTaxRatio": 0.943298756,
        "incomeTaxExpense": 0,
        "netIncome": 3559968,
        "netIncomeRatio": 0.943298756,
        "eps": 0.39,
        "epsdiluted": 0.39,
        "weightedAverageShsOut": 9190590,
        "weightedAverageShsOutDil": 9190590,
        "link": "https://www.sec.gov/Archives/edgar/data/72633/000007263322000008/0000072633-22-000008-index.htm",
        "finalLink": "https://www.sec.gov/Archives/edgar/data/72633/000007263322000008/tenq2q22.htm"
    },
    {
        "date": "2022-01-31",
        "symbol": "NRT",
        "reportedCurrency": "USD",
        "cik": "0000072633",
        "fillingDate": "2022-02-25",
        "acceptedDate": "2022-02-25 11:30:57",
        "calendarYear": "2022",
        "period": "Q1",
        "revenue": 2546776,
        "costOfRevenue": 0,
        "grossProfit": 2546776,
        "grossProfitRatio": 1,
        "researchAndDevelopmentExpenses": 0,
        "generalAndAdministrativeExpenses": 194957,
        "sellingAndMarketingExpenses": 0,
        "sellingGeneralAndAdministrativeExpenses": 194957,
        "otherExpenses": 0,
        "operatingExpenses": 194957,
        "costAndExpenses": 194957,
        "interestIncome": 0,
        "interestExpense": 0,
        "depreciationAndAmortization": 0,
        "ebitda": 2351819,
        "ebitdaratio": 0.9234494907,
        "operatingIncome": 2351819,
        "operatingIncomeRatio": 0.9234494907,
        "totalOtherIncomeExpensesNet": 0,
        "incomeBeforeTax": 2351819,
        "incomeBeforeTaxRatio": 0.9234494907,
        "incomeTaxExpense": 0,
        "netIncome": 2351819,
        "netIncomeRatio": 0.9234494907,
        "eps": 0.24,
        "epsdiluted": 0.24,
        "weightedAverageShsOut": 9190590,
        "weightedAverageShsOutDil": 9190590,
        "link": "https://www.sec.gov/Archives/edgar/data/72633/000007263322000005/0000072633-22-000005-index.htm",
        "finalLink": "https://www.sec.gov/Archives/edgar/data/72633/000007263322000005/tenq1q22.htm"
    },
    {
        "date": "2021-10-31",
        "symbol": "NRT",
        "reportedCurrency": "USD",
        "cik": "0000072633",
        "fillingDate": "2021-12-30",
        "acceptedDate": "2021-12-30 13:31:13",
        "calendarYear": "2021",
        "period": "Q4",
        "revenue": 1438174,
        "costOfRevenue": 0,
        "grossProfit": 1438174,
        "grossProfitRatio": 1,
        "researchAndDevelopmentExpenses": 0,
        "generalAndAdministrativeExpenses": 135496,
        "sellingAndMarketingExpenses": 0,
        "sellingGeneralAndAdministrativeExpenses": 135496,
        "otherExpenses": 0,
        "operatingExpenses": 135496,
        "costAndExpenses": 135496,
        "interestIncome": 0,
        "interestExpense": 0,
        "depreciationAndAmortization": 0,
        "ebitda": 1302678,
        "ebitdaratio": 0.9057860871,
        "operatingIncome": 1302678,
        "operatingIncomeRatio": 0.9057860871,
        "totalOtherIncomeExpensesNet": 0,
        "incomeBeforeTax": 1302678,
        "incomeBeforeTaxRatio": 0.9057860871,
        "incomeTaxExpense": 0,
        "netIncome": 1302678,
        "netIncomeRatio": 0.9057860871,
        "eps": 0.14,
        "epsdiluted": 0.14,
        "weightedAverageShsOut": 9190590,
        "weightedAverageShsOutDil": 9190590,
        "link": "https://www.sec.gov/Archives/edgar/data/72633/000007263321000024/0000072633-21-000024-index.htm",
        "finalLink": "https://www.sec.gov/Archives/edgar/data/72633/000007263321000024/tenk2021.htm"
    },
    {
        "date": "2021-07-31",
        "symbol": "NRT",
        "reportedCurrency": "USD",
        "cik": "0000072633",
        "fillingDate": "2021-08-30",
        "acceptedDate": "2021-08-30 14:01:44",
        "calendarYear": "2021",
        "period": "Q3",
        "revenue": 1481094,
        "costOfRevenue": 0,
        "grossProfit": 1481094,
        "grossProfitRatio": 1,
        "researchAndDevelopmentExpenses": 0,
        "generalAndAdministrativeExpenses": 117504,
        "sellingAndMarketingExpenses": 0,
        "sellingGeneralAndAdministrativeExpenses": 117504,
        "otherExpenses": 0,
        "operatingExpenses": 117504,
        "costAndExpenses": 117504,
        "interestIncome": 0,
        "interestExpense": 0,
        "depreciationAndAmortization": 0,
        "ebitda": 1363590,
        "ebitdaratio": 0.9206640497,
        "operatingIncome": 1363590,
        "operatingIncomeRatio": 0.9206640497,
        "totalOtherIncomeExpensesNet": 0,
        "incomeBeforeTax": 1363590,
        "incomeBeforeTaxRatio": 0.9206640497,
        "incomeTaxExpense": 0,
        "netIncome": 1363590,
        "netIncomeRatio": 0.9206640497,
        "eps": 0.15,
        "epsdiluted": 0.15,
        "weightedAverageShsOut": 9190590,
        "weightedAverageShsOutDil": 9190590,
        "link": "https://www.sec.gov/Archives/edgar/data/72633/000007263321000019/0000072633-21-000019-index.htm",
        "finalLink": "https://www.sec.gov/Archives/edgar/data/72633/000007263321000019/tenq3q21.htm"
    },
    {
        "date": "2021-04-30",
        "symbol": "NRT",
        "reportedCurrency": "USD",
        "cik": "0000072633",
        "fillingDate": "2021-05-28",
        "acceptedDate": "2021-05-28 10:42:58",
        "calendarYear": "2021",
        "period": "Q2",
        "revenue": 1400261,
        "costOfRevenue": 0,
        "grossProfit": 1400261,
        "grossProfitRatio": 1,
        "researchAndDevelopmentExpenses": 0,
        "generalAndAdministrativeExpenses": 201814,
        "sellingAndMarketingExpenses": 0,
        "sellingGeneralAndAdministrativeExpenses": 201814,
        "otherExpenses": 0,
        "operatingExpenses": 201814,
        "costAndExpenses": 201814,
        "interestIncome": 0,
        "interestExpense": 0,
        "depreciationAndAmortization": 0,
        "ebitda": 1198447,
        "ebitdaratio": 0.8558740121,
        "operatingIncome": 1198447,
        "operatingIncomeRatio": 0.8558740121,
        "totalOtherIncomeExpensesNet": 0,
        "incomeBeforeTax": 1198447,
        "incomeBeforeTaxRatio": 0.8558740121,
        "incomeTaxExpense": 0,
        "netIncome": 1198447,
        "netIncomeRatio": 0.8558740121,
        "eps": 0.13,
        "epsdiluted": 0.13,
        "weightedAverageShsOut": 9190590,
        "weightedAverageShsOutDil": 9190590,
        "link": "https://www.sec.gov/Archives/edgar/data/72633/000007263321000015/0000072633-21-000015-index.htm",
        "finalLink": "https://www.sec.gov/Archives/edgar/data/72633/000007263321000015/tenq2q21.htm"
    },
    {
        "date": "2021-01-31",
        "symbol": "NRT",
        "reportedCurrency": "USD",
        "cik": "0000072633",
        "fillingDate": "2021-02-25",
        "acceptedDate": "2021-02-25 10:37:41",
        "calendarYear": "2021",
        "period": "Q1",
        "revenue": 283522,
        "costOfRevenue": 0,
        "grossProfit": 283522,
        "grossProfitRatio": 1,
        "researchAndDevelopmentExpenses": 0,
        "generalAndAdministrativeExpenses": 171680,
        "sellingAndMarketingExpenses": 0,
        "sellingGeneralAndAdministrativeExpenses": 171680,
        "otherExpenses": 0,
        "operatingExpenses": 171680,
        "costAndExpenses": 171680,
        "interestIncome": 0,
        "interestExpense": 0,
        "depreciationAndAmortization": 0,
        "ebitda": 111842,
        "ebitdaratio": 0.3944737974,
        "operatingIncome": 111842,
        "operatingIncomeRatio": 0.3944737974,
        "totalOtherIncomeExpensesNet": 0,
        "incomeBeforeTax": 111842,
        "incomeBeforeTaxRatio": 0.3944737974,
        "incomeTaxExpense": 0,
        "netIncome": 111842,
        "netIncomeRatio": 0.3944737974,
        "eps": 0.01,
        "epsdiluted": 0.01,
        "weightedAverageShsOut": 9190590,
        "weightedAverageShsOutDil": 9190590,
        "link": "https://www.sec.gov/Archives/edgar/data/72633/000007263321000010/0000072633-21-000010-index.htm",
        "finalLink": "https://www.sec.gov/Archives/edgar/data/72633/000007263321000010/tenq1q21.htm"
    },
    {
        "date": "2020-10-31",
        "symbol": "NRT",
        "reportedCurrency": "USD",
        "cik": "0000072633",
        "fillingDate": "2020-12-30",
        "acceptedDate": "2020-12-30 16:56:28",
        "calendarYear": "2020",
        "period": "Q4",
        "revenue": 348763,
        "costOfRevenue": 0,
        "grossProfit": 348763,
        "grossProfitRatio": 1,
        "researchAndDevelopmentExpenses": 0,
        "generalAndAdministrativeExpenses": 130114,
        "sellingAndMarketingExpenses": 0,
        "sellingGeneralAndAdministrativeExpenses": 130114,
        "otherExpenses": 0,
        "operatingExpenses": 130114,
        "costAndExpenses": 130114,
        "interestIncome": 0,
        "interestExpense": 0,
        "depreciationAndAmortization": 0,
        "ebitda": 218649,
        "ebitdaratio": 0.6269271683,
        "operatingIncome": 218649,
        "operatingIncomeRatio": 0.6269271683,
        "totalOtherIncomeExpensesNet": 0,
        "incomeBeforeTax": 218649,
        "incomeBeforeTaxRatio": 0.6269271683,
        "incomeTaxExpense": 0,
        "netIncome": 218649,
        "netIncomeRatio": 0.6269271683,
        "eps": 0.13,
        "epsdiluted": 0.13,
        "weightedAverageShsOut": 9190590,
        "weightedAverageShsOutDil": 9190590,
        "link": "https://www.sec.gov/Archives/edgar/data/72633/000007263320000027/0000072633-20-000027-index.htm",
        "finalLink": "https://www.sec.gov/Archives/edgar/data/72633/000007263320000027/tenk2020.htm"
    },
    {
        "date": "2020-07-31",
        "symbol": "NRT",
        "reportedCurrency": "USD",
        "cik": "0000072633",
        "fillingDate": "2020-08-28",
        "acceptedDate": "2020-08-28 09:52:26",
        "calendarYear": "2020",
        "period": "Q3",
        "revenue": 1399845,
        "costOfRevenue": 0,
        "grossProfit": 1399845,
        "grossProfitRatio": 1,
        "researchAndDevelopmentExpenses": 0,
        "generalAndAdministrativeExpenses": 121770,
        "sellingAndMarketingExpenses": 0,
        "sellingGeneralAndAdministrativeExpenses": 121770,
        "otherExpenses": 0,
        "operatingExpenses": 121770,
        "costAndExpenses": 121770,
        "interestIncome": 0,
        "interestExpense": 0,
        "depreciationAndAmortization": 0,
        "ebitda": 1278075,
        "ebitdaratio": 0.9130117977,
        "operatingIncome": 1278075,
        "operatingIncomeRatio": 0.9130117977,
        "totalOtherIncomeExpensesNet": 0,
        "incomeBeforeTax": 1278075,
        "incomeBeforeTaxRatio": 0.9130117977,
        "incomeTaxExpense": 0,
        "netIncome": 1278075,
        "netIncomeRatio": 0.9130117977,
        "eps": 0.14,
        "epsdiluted": 0.14,
        "weightedAverageShsOut": 9190590,
        "weightedAverageShsOutDil": 9190590,
        "link": "https://www.sec.gov/Archives/edgar/data/72633/000007263320000020/0000072633-20-000020-index.htm",
        "finalLink": "https://www.sec.gov/Archives/edgar/data/72633/000007263320000020/tenq3q20.htm"
    },
    {
        "date": "2020-04-30",
        "symbol": "NRT",
        "reportedCurrency": "USD",
        "cik": "0000072633",
        "fillingDate": "2020-05-28",
        "acceptedDate": "2020-05-28 12:34:36",
        "calendarYear": "2020",
        "period": "Q2",
        "revenue": 1276402,
        "costOfRevenue": 0,
        "grossProfit": 1276402,
        "grossProfitRatio": 1,
        "researchAndDevelopmentExpenses": 0,
        "generalAndAdministrativeExpenses": 234500,
        "sellingAndMarketingExpenses": 0,
        "sellingGeneralAndAdministrativeExpenses": 234500,
        "otherExpenses": 0,
        "operatingExpenses": 234500,
        "costAndExpenses": 234500,
        "interestIncome": 0,
        "interestExpense": 0,
        "depreciationAndAmortization": 0,
        "ebitda": 1041902,
        "ebitdaratio": 0.8162804508,
        "operatingIncome": 1041902,
        "operatingIncomeRatio": 0.8162804508,
        "totalOtherIncomeExpensesNet": 0,
        "incomeBeforeTax": 1041902,
        "incomeBeforeTaxRatio": 0.8162804508,
        "incomeTaxExpense": 0,
        "netIncome": 1041902,
        "netIncomeRatio": 0.8162804508,
        "eps": 0.11,
        "epsdiluted": 0.11,
        "weightedAverageShsOut": 9190590,
        "weightedAverageShsOutDil": 9190590,
        "link": "https://www.sec.gov/Archives/edgar/data/72633/000007263320000014/0000072633-20-000014-index.htm",
        "finalLink": "https://www.sec.gov/Archives/edgar/data/72633/000007263320000014/tenq2q20.htm"
    },
    {
        "date": "2020-01-31",
        "symbol": "NRT",
        "reportedCurrency": "USD",
        "cik": "0000072633",
        "fillingDate": "2020-02-27",
        "acceptedDate": "2020-02-27 11:23:52",
        "calendarYear": "2020",
        "period": "Q1",
        "revenue": 1027860,
        "costOfRevenue": 0,
        "grossProfit": 1027860,
        "grossProfitRatio": 1,
        "researchAndDevelopmentExpenses": 0,
        "generalAndAdministrativeExpenses": 280123,
        "sellingAndMarketingExpenses": 0,
        "sellingGeneralAndAdministrativeExpenses": 280123,
        "otherExpenses": 0,
        "operatingExpenses": 280123,
        "costAndExpenses": 280123,
        "interestIncome": 0,
        "interestExpense": 0,
        "depreciationAndAmortization": 0,
        "ebitda": 747737,
        "ebitdaratio": 0.7274696943,
        "operatingIncome": 747737,
        "operatingIncomeRatio": 0.7274696943,
        "totalOtherIncomeExpensesNet": 0,
        "incomeBeforeTax": 747737,
        "incomeBeforeTaxRatio": 0.7274696943,
        "incomeTaxExpense": 0,
        "netIncome": 747737,
        "netIncomeRatio": 0.7274696943,
        "eps": 0.08,
        "epsdiluted": 0.08,
        "weightedAverageShsOut": 9190590,
        "weightedAverageShsOutDil": 9190590,
        "link": "https://www.sec.gov/Archives/edgar/data/72633/000007263320000008/0000072633-20-000008-index.htm",
        "finalLink": "https://www.sec.gov/Archives/edgar/data/72633/000007263320000008/tenq1q20.htm"
    },
    {
        "date": "2019-10-31",
        "symbol": "NRT",
        "reportedCurrency": "USD",
        "cik": "0000072633",
        "fillingDate": "2019-12-30",
        "acceptedDate": "2019-12-30 13:20:56",
        "calendarYear": "2019",
        "period": "Q4",
        "revenue": 1663145,
        "costOfRevenue": 0,
        "grossProfit": 1663145,
        "grossProfitRatio": 1,
        "researchAndDevelopmentExpenses": 0,
        "generalAndAdministrativeExpenses": 147082,
        "sellingAndMarketingExpenses": 0,
        "sellingGeneralAndAdministrativeExpenses": 147082,
        "otherExpenses": 0,
        "operatingExpenses": 147082,
        "costAndExpenses": 147082,
        "interestIncome": 0,
        "interestExpense": 0,
        "depreciationAndAmortization": 0,
        "ebitda": 1516063,
        "ebitdaratio": 0.9115639346,
        "operatingIncome": 1516063,
        "operatingIncomeRatio": 0.9115639346,
        "totalOtherIncomeExpensesNet": 0,
        "incomeBeforeTax": 1516063,
        "incomeBeforeTaxRatio": 0.9115639346,
        "incomeTaxExpense": 0,
        "netIncome": 1516063,
        "netIncomeRatio": 0.9115639346,
        "eps": 0.22,
        "epsdiluted": 0.22,
        "weightedAverageShsOut": 9190590,
        "weightedAverageShsOutDil": 9190590,
        "link": "https://www.sec.gov/Archives/edgar/data/72633/000007263319000027/0000072633-19-000027-index.htm",
        "finalLink": "https://www.sec.gov/Archives/edgar/data/72633/000007263319000027/tenk2019.htm"
    },
    {
        "date": "2019-07-31",
        "symbol": "NRT",
        "reportedCurrency": "USD",
        "cik": "0000072633",
        "fillingDate": "2019-08-29",
        "acceptedDate": "2019-08-29 09:45:16",
        "calendarYear": "2019",
        "period": "Q3",
        "revenue": 2150082,
        "costOfRevenue": 0,
        "grossProfit": 2150082,
        "grossProfitRatio": 1,
        "researchAndDevelopmentExpenses": 0,
        "generalAndAdministrativeExpenses": 127618,
        "sellingAndMarketingExpenses": 0,
        "sellingGeneralAndAdministrativeExpenses": 127618,
        "otherExpenses": 0,
        "operatingExpenses": 127618,
        "costAndExpenses": 127618,
        "interestIncome": 0,
        "interestExpense": 0,
        "depreciationAndAmortization": 0,
        "ebitda": 2022463,
        "ebitdaratio": 0.9406445894,
        "operatingIncome": 2022464,
        "operatingIncomeRatio": 0.9406450545,
        "totalOtherIncomeExpensesNet": 0,
        "incomeBeforeTax": 2022463,
        "incomeBeforeTaxRatio": 0.9406445894,
        "incomeTaxExpense": 0,
        "netIncome": 2022463,
        "netIncomeRatio": 0.9406445894,
        "eps": 0.22,
        "epsdiluted": 0.22,
        "weightedAverageShsOut": 9190590,
        "weightedAverageShsOutDil": 9193018,
        "link": "https://www.sec.gov/Archives/edgar/data/72633/000007263319000021/0000072633-19-000021-index.htm",
        "finalLink": "https://www.sec.gov/Archives/edgar/data/72633/000007263319000021/tenq3q19.htm"
    },
    {
        "date": "2019-04-30",
        "symbol": "NRT",
        "reportedCurrency": "USD",
        "cik": "0000072633",
        "fillingDate": "2019-05-30",
        "acceptedDate": "2019-05-30 11:44:35",
        "calendarYear": "2019",
        "period": "Q2",
        "revenue": 2240550,
        "costOfRevenue": 0,
        "grossProfit": 2240550,
        "grossProfitRatio": 1,
        "researchAndDevelopmentExpenses": 0,
        "generalAndAdministrativeExpenses": 238797,
        "sellingAndMarketingExpenses": 0,
        "sellingGeneralAndAdministrativeExpenses": 238797,
        "otherExpenses": 0,
        "operatingExpenses": 238797,
        "costAndExpenses": 238797,
        "interestIncome": 0,
        "interestExpense": 0,
        "depreciationAndAmortization": 0,
        "ebitda": 2001753,
        "ebitdaratio": 0.8934203655,
        "operatingIncome": 2001753,
        "operatingIncomeRatio": 0.8934203655,
        "totalOtherIncomeExpensesNet": 0,
        "incomeBeforeTax": 2001753,
        "incomeBeforeTaxRatio": 0.8934203655,
        "incomeTaxExpense": 0,
        "netIncome": 2001753,
        "netIncomeRatio": 0.8934203655,
        "eps": 0.22,
        "epsdiluted": 0.22,
        "weightedAverageShsOut": 9190590,
        "weightedAverageShsOutDil": 9190590,
        "link": "https://www.sec.gov/Archives/edgar/data/72633/000007263319000015/0000072633-19-000015-index.htm",
        "finalLink": "https://www.sec.gov/Archives/edgar/data/72633/000007263319000015/tenq2q19.htm"
    },
    {
        "date": "2019-01-31",
        "symbol": "NRT",
        "reportedCurrency": "USD",
        "cik": "0000072633",
        "fillingDate": "2019-02-27",
        "acceptedDate": "2019-02-27 11:06:15",
        "calendarYear": "2019",
        "period": "Q1",
        "revenue": 2305386,
        "costOfRevenue": 0,
        "grossProfit": 2305386,
        "grossProfitRatio": 1,
        "researchAndDevelopmentExpenses": 0,
        "generalAndAdministrativeExpenses": 267601,
        "sellingAndMarketingExpenses": 0,
        "sellingGeneralAndAdministrativeExpenses": 267601,
        "otherExpenses": 0,
        "operatingExpenses": 267601,
        "costAndExpenses": 267601,
        "interestIncome": 0,
        "interestExpense": 0,
        "depreciationAndAmortization": 0,
        "ebitda": 2037785,
        "ebitdaratio": 0.8839235599,
        "operatingIncome": 2037785,
        "operatingIncomeRatio": 0.8839235599,
        "totalOtherIncomeExpensesNet": 0,
        "incomeBeforeTax": 2037785,
        "incomeBeforeTaxRatio": 0.8839235599,
        "incomeTaxExpense": 0,
        "netIncome": 2037785,
        "netIncomeRatio": 0.8839235599,
        "eps": 0.22,
        "epsdiluted": 0.22,
        "weightedAverageShsOut": 9190590,
        "weightedAverageShsOutDil": 9190590,
        "link": "https://www.sec.gov/Archives/edgar/data/72633/000007263319000008/0000072633-19-000008-index.htm",
        "finalLink": "https://www.sec.gov/Archives/edgar/data/72633/000007263319000008/tenq1q19.htm"
    },
    {
        "date": "2018-10-31",
        "symbol": "NRT",
        "reportedCurrency": "USD",
        "cik": "0000072633",
        "fillingDate": "2018-12-28",
        "acceptedDate": "2018-12-28 11:22:02",
        "calendarYear": "2018",
        "period": "Q4",
        "revenue": 1474858,
        "costOfRevenue": 0,
        "grossProfit": 1474858,
        "grossProfitRatio": 1,
        "researchAndDevelopmentExpenses": 0,
        "generalAndAdministrativeExpenses": 149957,
        "sellingAndMarketingExpenses": 0,
        "sellingGeneralAndAdministrativeExpenses": 149957,
        "otherExpenses": 0,
        "operatingExpenses": 149957,
        "costAndExpenses": 149957,
        "interestIncome": 0,
        "interestExpense": 0,
        "depreciationAndAmortization": 0,
        "ebitda": 1324901,
        "ebitdaratio": 0.8983244489,
        "operatingIncome": 1324901,
        "operatingIncomeRatio": 0.8983244489,
        "totalOtherIncomeExpensesNet": 0,
        "incomeBeforeTax": 1324901,
        "incomeBeforeTaxRatio": 0.8983244489,
        "incomeTaxExpense": 0,
        "netIncome": 1324901,
        "netIncomeRatio": 0.8983244489,
        "eps": 0.19,
        "epsdiluted": 0.19,
        "weightedAverageShsOut": 9036611,
        "weightedAverageShsOutDil": 9190590,
        "link": "https://www.sec.gov/Archives/edgar/data/72633/000007263318000028/0000072633-18-000028-index.htm",
        "finalLink": "https://www.sec.gov/Archives/edgar/data/72633/000007263318000028/tenk2018.htm"
    },
    {
        "date": "2018-07-31",
        "symbol": "NRT",
        "reportedCurrency": "USD",
        "cik": "0000072633",
        "fillingDate": "2018-08-30",
        "acceptedDate": "2018-08-30 14:39:30",
        "calendarYear": "2018",
        "period": "Q3",
        "revenue": 1901310,
        "costOfRevenue": 0,
        "grossProfit": 1901310,
        "grossProfitRatio": 1,
        "researchAndDevelopmentExpenses": 0,
        "generalAndAdministrativeExpenses": 133679,
        "sellingAndMarketingExpenses": 0,
        "sellingGeneralAndAdministrativeExpenses": 133679,
        "otherExpenses": 0,
        "operatingExpenses": 133679,
        "costAndExpenses": 133679,
        "interestIncome": 0,
        "interestExpense": 0,
        "depreciationAndAmortization": 0,
        "ebitda": 1767631,
        "ebitdaratio": 0.9296911077,
        "operatingIncome": 1767631,
        "operatingIncomeRatio": 0.9296911077,
        "totalOtherIncomeExpensesNet": 0,
        "incomeBeforeTax": 1767631,
        "incomeBeforeTaxRatio": 0.9296911077,
        "incomeTaxExpense": 0,
        "netIncome": 1767631,
        "netIncomeRatio": 0.9296911077,
        "eps": 0.19,
        "epsdiluted": 0.19,
        "weightedAverageShsOut": 9190615,
        "weightedAverageShsOutDil": 9303321,
        "link": "https://www.sec.gov/Archives/edgar/data/72633/000007263318000022/0000072633-18-000022-index.htm",
        "finalLink": "https://www.sec.gov/Archives/edgar/data/72633/000007263318000022/tenq3q18.htm"
    },
    {
        "date": "2018-04-30",
        "symbol": "NRT",
        "reportedCurrency": "USD",
        "cik": "0000072633",
        "fillingDate": "2018-05-30",
        "acceptedDate": "2018-05-30 10:27:01",
        "calendarYear": "2018",
        "period": "Q2",
        "revenue": 2055162,
        "costOfRevenue": 0,
        "grossProfit": 2055162,
        "grossProfitRatio": 1,
        "researchAndDevelopmentExpenses": 0,
        "generalAndAdministrativeExpenses": 234826,
        "sellingAndMarketingExpenses": 0,
        "sellingGeneralAndAdministrativeExpenses": 234826,
        "otherExpenses": 0,
        "operatingExpenses": 234826,
        "costAndExpenses": 234826,
        "interestIncome": 0,
        "interestExpense": 0,
        "depreciationAndAmortization": 0,
        "ebitda": 1820337,
        "ebitdaratio": 0.8857389344,
        "operatingIncome": 1820336,
        "operatingIncomeRatio": 0.8857384479,
        "totalOtherIncomeExpensesNet": 0,
        "incomeBeforeTax": 1820337,
        "incomeBeforeTaxRatio": 0.8857389344,
        "incomeTaxExpense": 0,
        "netIncome": 1820337,
        "netIncomeRatio": 0.8857389344,
        "eps": 0.2,
        "epsdiluted": 0.2,
        "weightedAverageShsOut": 9190590,
        "weightedAverageShsOutDil": 9190590,
        "link": "https://www.sec.gov/Archives/edgar/data/72633/000007263318000016/0000072633-18-000016-index.htm",
        "finalLink": "https://www.sec.gov/Archives/edgar/data/72633/000007263318000016/tenq2q18.htm"
    },
    {
        "date": "2018-01-31",
        "symbol": "NRT",
        "reportedCurrency": "USD",
        "cik": "0000072633",
        "fillingDate": "2018-02-27",
        "acceptedDate": "2018-02-27 11:21:34",
        "calendarYear": "2018",
        "period": "Q1",
        "revenue": 1771712,
        "costOfRevenue": 0,
        "grossProfit": 1771712,
        "grossProfitRatio": 1,
        "researchAndDevelopmentExpenses": 0,
        "generalAndAdministrativeExpenses": 276626,
        "sellingAndMarketingExpenses": 0,
        "sellingGeneralAndAdministrativeExpenses": 276626,
        "otherExpenses": 0,
        "operatingExpenses": 276626,
        "costAndExpenses": 276626,
        "interestIncome": 0,
        "interestExpense": 0,
        "depreciationAndAmortization": 0,
        "ebitda": 1495086,
        "ebitdaratio": 0.8438651429,
        "operatingIncome": 1495086,
        "operatingIncomeRatio": 0.8438651429,
        "totalOtherIncomeExpensesNet": 0,
        "incomeBeforeTax": 1495086,
        "incomeBeforeTaxRatio": 0.8438651429,
        "incomeTaxExpense": 0,
        "netIncome": 1495086,
        "netIncomeRatio": 0.8438651429,
        "eps": 0.16,
        "epsdiluted": 0.16,
        "weightedAverageShsOut": 9190590,
        "weightedAverageShsOutDil": 9190590,
        "link": "https://www.sec.gov/Archives/edgar/data/72633/000007263318000008/0000072633-18-000008-index.htm",
        "finalLink": "https://www.sec.gov/Archives/edgar/data/72633/000007263318000008/tenq1q18.htm"
    },
    {
        "date": "2017-10-31",
        "symbol": "NRT",
        "reportedCurrency": "USD",
        "cik": "0000072633",
        "fillingDate": "2017-12-28",
        "acceptedDate": "2017-12-28 13:26:48",
        "calendarYear": "2017",
        "period": "Q4",
        "revenue": 2145814,
        "costOfRevenue": 0,
        "grossProfit": 2145814,
        "grossProfitRatio": 1,
        "researchAndDevelopmentExpenses": 0,
        "generalAndAdministrativeExpenses": 134986,
        "sellingAndMarketingExpenses": 0,
        "sellingGeneralAndAdministrativeExpenses": 134986,
        "otherExpenses": 0,
        "operatingExpenses": 134986,
        "costAndExpenses": 134986,
        "interestIncome": 0,
        "interestExpense": 0,
        "depreciationAndAmortization": 0,
        "ebitda": 2010828,
        "ebitdaratio": 0.9370933361,
        "operatingIncome": 2010828,
        "operatingIncomeRatio": 0.9370933361,
        "totalOtherIncomeExpensesNet": 0,
        "incomeBeforeTax": 2010828,
        "incomeBeforeTaxRatio": 0.9370933361,
        "incomeTaxExpense": 0,
        "netIncome": 2010828,
        "netIncomeRatio": 0.9370933361,
        "eps": 0.2,
        "epsdiluted": 0.2,
        "weightedAverageShsOut": 9190590,
        "weightedAverageShsOutDil": 9190590,
        "link": "https://www.sec.gov/Archives/edgar/data/72633/000007263317000031/0000072633-17-000031-index.htm",
        "finalLink": "https://www.sec.gov/Archives/edgar/data/72633/000007263317000031/tenk2017.htm"
    },
    {
        "date": "2017-07-31",
        "symbol": "NRT",
        "reportedCurrency": "USD",
        "cik": "0000072633",
        "fillingDate": "2017-08-30",
        "acceptedDate": "2017-08-30 10:44:42",
        "calendarYear": "2017",
        "period": "Q3",
        "revenue": 1975671,
        "costOfRevenue": 0,
        "grossProfit": 1975671,
        "grossProfitRatio": 1,
        "researchAndDevelopmentExpenses": 0,
        "generalAndAdministrativeExpenses": 134977,
        "sellingAndMarketingExpenses": 0,
        "sellingGeneralAndAdministrativeExpenses": 134977,
        "otherExpenses": 0,
        "operatingExpenses": 134977,
        "costAndExpenses": 134977,
        "interestIncome": 0,
        "interestExpense": 0,
        "depreciationAndAmortization": 0,
        "ebitda": 1840694,
        "ebitdaratio": 0.9316804265,
        "operatingIncome": 1840694,
        "operatingIncomeRatio": 0.9316804265,
        "totalOtherIncomeExpensesNet": 0,
        "incomeBeforeTax": 1840694,
        "incomeBeforeTaxRatio": 0.9316804265,
        "incomeTaxExpense": 0,
        "netIncome": 1840694,
        "netIncomeRatio": 0.9316804265,
        "eps": 0.2,
        "epsdiluted": 0.2,
        "weightedAverageShsOut": 9190590,
        "weightedAverageShsOutDil": 9190590,
        "link": "https://www.sec.gov/Archives/edgar/data/72633/000007263317000026/0000072633-17-000026-index.htm",
        "finalLink": "https://www.sec.gov/Archives/edgar/data/72633/000007263317000026/tenq3q17.htm"
    },
    {
        "date": "2017-04-28",
        "symbol": "NRT",
        "reportedCurrency": "USD",
        "cik": "0000072633",
        "fillingDate": "2017-05-30",
        "acceptedDate": "2017-05-30 09:46:19",
        "calendarYear": "2017",
        "period": "Q2",
        "revenue": 1919616,
        "costOfRevenue": 0,
        "grossProfit": 1919616,
        "grossProfitRatio": 1,
        "researchAndDevelopmentExpenses": 0,
        "generalAndAdministrativeExpenses": 219707,
        "sellingAndMarketingExpenses": 0,
        "sellingGeneralAndAdministrativeExpenses": 219707,
        "otherExpenses": 0,
        "operatingExpenses": 219707,
        "costAndExpenses": 219707,
        "interestIncome": 0,
        "interestExpense": 0,
        "depreciationAndAmortization": 0,
        "ebitda": 1699909,
        "ebitdaratio": 0.8855463801,
        "operatingIncome": 1699909,
        "operatingIncomeRatio": 0.8855463801,
        "totalOtherIncomeExpensesNet": 0,
        "incomeBeforeTax": 1699909,
        "incomeBeforeTaxRatio": 0.8855463801,
        "incomeTaxExpense": 0,
        "netIncome": 1699909,
        "netIncomeRatio": 0.8855463801,
        "eps": 0.18,
        "epsdiluted": 0.18,
        "weightedAverageShsOut": 9190590,
        "weightedAverageShsOutDil": 9190590,
        "link": "https://www.sec.gov/Archives/edgar/data/72633/000007263317000016/0000072633-17-000016-index.htm",
        "finalLink": "https://www.sec.gov/Archives/edgar/data/72633/000007263317000016/tenq2q17.txt"
    },
    {
        "date": "2017-01-31",
        "symbol": "NRT",
        "reportedCurrency": "USD",
        "cik": "0000072633",
        "fillingDate": "2017-02-27",
        "acceptedDate": "2017-02-27 10:29:15",
        "calendarYear": "2017",
        "period": "Q1",
        "revenue": 1725476,
        "costOfRevenue": 0,
        "grossProfit": 1725476,
        "grossProfitRatio": 1,
        "researchAndDevelopmentExpenses": 0,
        "generalAndAdministrativeExpenses": 250459,
        "sellingAndMarketingExpenses": 0,
        "sellingGeneralAndAdministrativeExpenses": 250459,
        "otherExpenses": 0,
        "operatingExpenses": 250459,
        "costAndExpenses": 250459,
        "interestIncome": 0,
        "interestExpense": 0,
        "depreciationAndAmortization": 0,
        "ebitda": 1475017,
        "ebitdaratio": 0.8548464308,
        "operatingIncome": 1475017,
        "operatingIncomeRatio": 0.8548464308,
        "totalOtherIncomeExpensesNet": 0,
        "incomeBeforeTax": 1475017,
        "incomeBeforeTaxRatio": 0.8548464308,
        "incomeTaxExpense": 0,
        "netIncome": 1475017,
        "netIncomeRatio": 0.8548464308,
        "eps": 0.16,
        "epsdiluted": 0.16,
        "weightedAverageShsOut": 9190590,
        "weightedAverageShsOutDil": 9190590,
        "link": "https://www.sec.gov/Archives/edgar/data/72633/000007263317000008/0000072633-17-000008-index.htm",
        "finalLink": "https://www.sec.gov/Archives/edgar/data/72633/000007263317000008/tenq1q17.txt"
    },
    {
        "date": "2016-10-31",
        "symbol": "NRT",
        "reportedCurrency": "USD",
        "cik": "0000072633",
        "fillingDate": "2016-12-29",
        "acceptedDate": "2016-12-29 14:06:58",
        "calendarYear": "2016",
        "period": "Q4",
        "revenue": 1234343,
        "costOfRevenue": 0,
        "grossProfit": 1234343,
        "grossProfitRatio": 1,
        "researchAndDevelopmentExpenses": 0,
        "generalAndAdministrativeExpenses": 156049,
        "sellingAndMarketingExpenses": 0,
        "sellingGeneralAndAdministrativeExpenses": 156049,
        "otherExpenses": 0,
        "operatingExpenses": 156049,
        "costAndExpenses": 156049,
        "interestIncome": 0,
        "interestExpense": 0,
        "depreciationAndAmortization": 0,
        "ebitda": 1078294,
        "ebitdaratio": 0.8735772796,
        "operatingIncome": 1078294,
        "operatingIncomeRatio": 0.8735772796,
        "totalOtherIncomeExpensesNet": 0,
        "incomeBeforeTax": 1078294,
        "incomeBeforeTaxRatio": 0.8735772796,
        "incomeTaxExpense": 0,
        "netIncome": 1078294,
        "netIncomeRatio": 0.8735772796,
        "eps": 0.15,
        "epsdiluted": 0.15,
        "weightedAverageShsOut": 9190590,
        "weightedAverageShsOutDil": 9190590,
        "link": "https://www.sec.gov/Archives/edgar/data/72633/000007263316000054/0000072633-16-000054-index.htm",
        "finalLink": "https://www.sec.gov/Archives/edgar/data/72633/000007263316000054/tenk16.txt"
    },
    {
        "date": "2016-07-29",
        "symbol": "NRT",
        "reportedCurrency": "USD",
        "cik": "0000072633",
        "fillingDate": "2016-08-30",
        "acceptedDate": "2016-08-30 15:30:49",
        "calendarYear": "2016",
        "period": "Q3",
        "revenue": 1562230,
        "costOfRevenue": 0,
        "grossProfit": 1562230,
        "grossProfitRatio": 1,
        "researchAndDevelopmentExpenses": 0,
        "generalAndAdministrativeExpenses": 173434,
        "sellingAndMarketingExpenses": 0,
        "sellingGeneralAndAdministrativeExpenses": 173434,
        "otherExpenses": 0,
        "operatingExpenses": 173434,
        "costAndExpenses": 173434,
        "interestIncome": 0,
        "interestExpense": 0,
        "depreciationAndAmortization": 0,
        "ebitda": 1388796,
        "ebitdaratio": 0.8889830563,
        "operatingIncome": 1388796,
        "operatingIncomeRatio": 0.8889830563,
        "totalOtherIncomeExpensesNet": 0,
        "incomeBeforeTax": 1388796,
        "incomeBeforeTaxRatio": 0.8889830563,
        "incomeTaxExpense": 0,
        "netIncome": 1388796,
        "netIncomeRatio": 0.8889830563,
        "eps": 0.15,
        "epsdiluted": 0.15,
        "weightedAverageShsOut": 9190590,
        "weightedAverageShsOutDil": 9190590,
        "link": "https://www.sec.gov/Archives/edgar/data/72633/000007263316000048/0000072633-16-000048-index.htm",
        "finalLink": "https://www.sec.gov/Archives/edgar/data/72633/000007263316000048/tenq3q16.txt"
    },
    {
        "date": "2016-04-29",
        "symbol": "NRT",
        "reportedCurrency": "USD",
        "cik": "0000072633",
        "fillingDate": "2016-05-27",
        "acceptedDate": "2016-05-27 11:05:54",
        "calendarYear": "2016",
        "period": "Q2",
        "revenue": 2335365,
        "costOfRevenue": 0,
        "grossProfit": 2335365,
        "grossProfitRatio": 1,
        "researchAndDevelopmentExpenses": 0,
        "generalAndAdministrativeExpenses": 235000,
        "sellingAndMarketingExpenses": 0,
        "sellingGeneralAndAdministrativeExpenses": 235000,
        "otherExpenses": 0,
        "operatingExpenses": 235000,
        "costAndExpenses": 235000,
        "interestIncome": 0,
        "interestExpense": 0,
        "depreciationAndAmortization": 0,
        "ebitda": 2100364,
        "ebitdaratio": 0.8993729032,
        "operatingIncome": 2100364,
        "operatingIncomeRatio": 0.8993729032,
        "totalOtherIncomeExpensesNet": 0,
        "incomeBeforeTax": 2100364,
        "incomeBeforeTaxRatio": 0.8993729032,
        "incomeTaxExpense": 0,
        "netIncome": 2100364,
        "netIncomeRatio": 0.8993729032,
        "eps": 0.23,
        "epsdiluted": 0.23,
        "weightedAverageShsOut": 9190590,
        "weightedAverageShsOutDil": 9190590,
        "link": "https://www.sec.gov/Archives/edgar/data/72633/000007263316000042/0000072633-16-000042-index.htm",
        "finalLink": "https://www.sec.gov/Archives/edgar/data/72633/000007263316000042/tenq2q16.txt"
    },
    {
        "date": "2016-01-29",
        "symbol": "NRT",
        "reportedCurrency": "USD",
        "cik": "0000072633",
        "fillingDate": "2016-02-26",
        "acceptedDate": "2016-02-26 13:12:53",
        "calendarYear": "2016",
        "period": "Q1",
        "revenue": 1833571,
        "costOfRevenue": 0,
        "grossProfit": 1833571,
        "grossProfitRatio": 1,
        "researchAndDevelopmentExpenses": 0,
        "generalAndAdministrativeExpenses": 259884,
        "sellingAndMarketingExpenses": 0,
        "sellingGeneralAndAdministrativeExpenses": 259884,
        "otherExpenses": 0,
        "operatingExpenses": 259884,
        "costAndExpenses": 259884,
        "interestIncome": 0,
        "interestExpense": 0,
        "depreciationAndAmortization": 0,
        "ebitda": 1573687,
        "ebitdaratio": 0.8582634651,
        "operatingIncome": 1573687,
        "operatingIncomeRatio": 0.8582634651,
        "totalOtherIncomeExpensesNet": 0,
        "incomeBeforeTax": 1573687,
        "incomeBeforeTaxRatio": 0.8582634651,
        "incomeTaxExpense": 0,
        "netIncome": 1573687,
        "netIncomeRatio": 0.8582634651,
        "eps": 0.17,
        "epsdiluted": 0.17,
        "weightedAverageShsOut": 9190590,
        "weightedAverageShsOutDil": 9190590,
        "link": "https://www.sec.gov/Archives/edgar/data/72633/000007263316000036/0000072633-16-000036-index.htm",
        "finalLink": "https://www.sec.gov/Archives/edgar/data/72633/000007263316000036/tenq1q16.txt"
    },
    {
        "date": "2015-10-31",
        "symbol": "NRT",
        "reportedCurrency": "USD",
        "cik": "0000072633",
        "fillingDate": "2015-12-30",
        "acceptedDate": "2015-12-30 12:08:14",
        "calendarYear": "2015",
        "period": "Q4",
        "revenue": 2251622,
        "costOfRevenue": 0,
        "grossProfit": 2251622,
        "grossProfitRatio": 1,
        "researchAndDevelopmentExpenses": 0,
        "generalAndAdministrativeExpenses": 154667,
        "sellingAndMarketingExpenses": 0,
        "sellingGeneralAndAdministrativeExpenses": 154667,
        "otherExpenses": 0,
        "operatingExpenses": 154667,
        "costAndExpenses": 154667,
        "interestIncome": 0,
        "interestExpense": 0,
        "depreciationAndAmortization": 0,
        "ebitda": 2096955,
        "ebitdaratio": 0.93130863,
        "operatingIncome": 2096955,
        "operatingIncomeRatio": 0.93130863,
        "totalOtherIncomeExpensesNet": 0,
        "incomeBeforeTax": 2096955,
        "incomeBeforeTaxRatio": 0.93130863,
        "incomeTaxExpense": 0,
        "netIncome": 2096955,
        "netIncomeRatio": 0.93130863,
        "eps": 0.34,
        "epsdiluted": 0.34,
        "weightedAverageShsOut": 9190590,
        "weightedAverageShsOutDil": 9190590,
        "link": "https://www.sec.gov/Archives/edgar/data/72633/000007263315000026/0000072633-15-000026-index.htm",
        "finalLink": "https://www.sec.gov/Archives/edgar/data/72633/000007263315000026/tenk15.txt"
    },
    {
        "date": "2015-07-31",
        "symbol": "NRT",
        "reportedCurrency": "USD",
        "cik": "0000072633",
        "fillingDate": "2015-08-28",
        "acceptedDate": "2015-08-28 09:45:14",
        "calendarYear": "2015",
        "period": "Q3",
        "revenue": 3461893,
        "costOfRevenue": 0,
        "grossProfit": 3461893,
        "grossProfitRatio": 1,
        "researchAndDevelopmentExpenses": 0,
        "generalAndAdministrativeExpenses": 149586,
        "sellingAndMarketingExpenses": 0,
        "sellingGeneralAndAdministrativeExpenses": 149586,
        "otherExpenses": 0,
        "operatingExpenses": 149586,
        "costAndExpenses": 149586,
        "interestIncome": 0,
        "interestExpense": 0,
        "depreciationAndAmortization": 0,
        "ebitda": 3312307,
        "ebitdaratio": 0.9567906923,
        "operatingIncome": 3312307,
        "operatingIncomeRatio": 0.9567906923,
        "totalOtherIncomeExpensesNet": 0,
        "incomeBeforeTax": 3312307,
        "incomeBeforeTaxRatio": 0.9567906923,
        "incomeTaxExpense": 0,
        "netIncome": 3312307,
        "netIncomeRatio": 0.9567906923,
        "eps": 0.36,
        "epsdiluted": 0.36,
        "weightedAverageShsOut": 9190590,
        "weightedAverageShsOutDil": 9190590,
        "link": "https://www.sec.gov/Archives/edgar/data/72633/000007263315000020/0000072633-15-000020-index.htm",
        "finalLink": "https://www.sec.gov/Archives/edgar/data/72633/000007263315000020/tenq3q15.txt"
    },
    {
        "date": "2015-04-30",
        "symbol": "NRT",
        "reportedCurrency": "USD",
        "cik": "0000072633",
        "fillingDate": "2015-05-21",
        "acceptedDate": "2015-05-21 13:18:52",
        "calendarYear": "2015",
        "period": "Q2",
        "revenue": 3240374,
        "costOfRevenue": 0,
        "grossProfit": 3240374,
        "grossProfitRatio": 1,
        "researchAndDevelopmentExpenses": 0,
        "generalAndAdministrativeExpenses": 165879,
        "sellingAndMarketingExpenses": 0,
        "sellingGeneralAndAdministrativeExpenses": 165879,
        "otherExpenses": 0,
        "operatingExpenses": 165879,
        "costAndExpenses": 165879,
        "interestIncome": 0,
        "interestExpense": 0,
        "depreciationAndAmortization": 0,
        "ebitda": 3074495,
        "ebitdaratio": 0.9488086869,
        "operatingIncome": 3074495,
        "operatingIncomeRatio": 0.9488086869,
        "totalOtherIncomeExpensesNet": 0,
        "incomeBeforeTax": 3074495,
        "incomeBeforeTaxRatio": 0.9488086869,
        "incomeTaxExpense": 0,
        "netIncome": 3074495,
        "netIncomeRatio": 0.9488086869,
        "eps": 0.33,
        "epsdiluted": 0.33,
        "weightedAverageShsOut": 9190590,
        "weightedAverageShsOutDil": 9190590,
        "link": "https://www.sec.gov/Archives/edgar/data/72633/000007263315000014/0000072633-15-000014-index.htm",
        "finalLink": "https://www.sec.gov/Archives/edgar/data/72633/000007263315000014/tenq2q15.txt"
    },
    {
        "date": "2015-01-30",
        "symbol": "NRT",
        "reportedCurrency": "USD",
        "cik": "0000072633",
        "fillingDate": "2015-02-26",
        "acceptedDate": "2015-02-26 12:04:32",
        "calendarYear": "2015",
        "period": "Q1",
        "revenue": 3446125,
        "costOfRevenue": 0,
        "grossProfit": 3446125,
        "grossProfitRatio": 1,
        "researchAndDevelopmentExpenses": 0,
        "generalAndAdministrativeExpenses": 349209,
        "sellingAndMarketingExpenses": 0,
        "sellingGeneralAndAdministrativeExpenses": 349209,
        "otherExpenses": 0,
        "operatingExpenses": 349209,
        "costAndExpenses": 349209,
        "interestIncome": 0,
        "interestExpense": 0,
        "depreciationAndAmortization": 0,
        "ebitda": 3096916,
        "ebitdaratio": 0.898666183,
        "operatingIncome": 3096916,
        "operatingIncomeRatio": 0.898666183,
        "totalOtherIncomeExpensesNet": 0,
        "incomeBeforeTax": 3096916,
        "incomeBeforeTaxRatio": 0.898666183,
        "incomeTaxExpense": 0,
        "netIncome": 3096916,
        "netIncomeRatio": 0.898666183,
        "eps": 0.34,
        "epsdiluted": 0.34,
        "weightedAverageShsOut": 9190590,
        "weightedAverageShsOutDil": 9190590,
        "link": "https://www.sec.gov/Archives/edgar/data/72633/000007263315000008/0000072633-15-000008-index.htm",
        "finalLink": "https://www.sec.gov/Archives/edgar/data/72633/000007263315000008/tenq1q15.txt"
    },
    {
        "date": "2014-10-31",
        "symbol": "NRT",
        "reportedCurrency": "USD",
        "cik": "0000072633",
        "fillingDate": "2014-12-30",
        "acceptedDate": "2014-12-30 11:25:27",
        "calendarYear": "2014",
        "period": "Q4",
        "revenue": 3826206,
        "costOfRevenue": 0,
        "grossProfit": 3826206,
        "grossProfitRatio": 1,
        "researchAndDevelopmentExpenses": 0,
        "generalAndAdministrativeExpenses": 168423,
        "sellingAndMarketingExpenses": 0,
        "sellingGeneralAndAdministrativeExpenses": 168423,
        "otherExpenses": 0,
        "operatingExpenses": 168423,
        "costAndExpenses": 168423,
        "interestIncome": 0,
        "interestExpense": 0,
        "depreciationAndAmortization": 0,
        "ebitda": 3657783,
        "ebitdaratio": 0.9559817218,
        "operatingIncome": 3657783,
        "operatingIncomeRatio": 0.9559817218,
        "totalOtherIncomeExpensesNet": 0,
        "incomeBeforeTax": 3657783,
        "incomeBeforeTaxRatio": 0.9559817218,
        "incomeTaxExpense": 0,
        "netIncome": 3657783,
        "netIncomeRatio": 0.9559817218,
        "eps": 0.47,
        "epsdiluted": 0.47,
        "weightedAverageShsOut": 9190590,
        "weightedAverageShsOutDil": 9190590,
        "link": "https://www.sec.gov/Archives/edgar/data/72633/000007263314000028/0000072633-14-000028-index.htm",
        "finalLink": "https://www.sec.gov/Archives/edgar/data/72633/000007263314000028/tenk14.txt"
    },
    {
        "date": "2014-07-31",
        "symbol": "NRT",
        "reportedCurrency": "USD",
        "cik": "0000072633",
        "fillingDate": "2014-08-28",
        "acceptedDate": "2014-08-28 12:33:03",
        "calendarYear": "2014",
        "period": "Q3",
        "revenue": 4467505,
        "costOfRevenue": 0,
        "grossProfit": 4467505,
        "grossProfitRatio": 1,
        "researchAndDevelopmentExpenses": 0,
        "generalAndAdministrativeExpenses": 179518,
        "sellingAndMarketingExpenses": 0,
        "sellingGeneralAndAdministrativeExpenses": 179518,
        "otherExpenses": 0,
        "operatingExpenses": 179518,
        "costAndExpenses": 179518,
        "interestIncome": 0,
        "interestExpense": 0,
        "depreciationAndAmortization": 0,
        "ebitda": 4287987,
        "ebitdaratio": 0.9598169448,
        "operatingIncome": 4287987,
        "operatingIncomeRatio": 0.9598169448,
        "totalOtherIncomeExpensesNet": 0,
        "incomeBeforeTax": 4287987,
        "incomeBeforeTaxRatio": 0.9598169448,
        "incomeTaxExpense": 0,
        "netIncome": 4287987,
        "netIncomeRatio": 0.9598169448,
        "eps": 0.47,
        "epsdiluted": 0.47,
        "weightedAverageShsOut": 9190590,
        "weightedAverageShsOutDil": 9190590,
        "link": "https://www.sec.gov/Archives/edgar/data/72633/000007263314000022/0000072633-14-000022-index.htm",
        "finalLink": "https://www.sec.gov/Archives/edgar/data/72633/000007263314000022/tenq3q14.txt"
    },
    {
        "date": "2014-04-30",
        "symbol": "NRT",
        "reportedCurrency": "USD",
        "cik": "0000072633",
        "fillingDate": "2014-05-29",
        "acceptedDate": "2014-05-29 10:46:53",
        "calendarYear": "2014",
        "period": "Q2",
        "revenue": 5351569,
        "costOfRevenue": 0,
        "grossProfit": 5351569,
        "grossProfitRatio": 1,
        "researchAndDevelopmentExpenses": 0,
        "generalAndAdministrativeExpenses": 211568,
        "sellingAndMarketingExpenses": 0,
        "sellingGeneralAndAdministrativeExpenses": 211568,
        "otherExpenses": 0,
        "operatingExpenses": 211568,
        "costAndExpenses": 211568,
        "interestIncome": 0,
        "interestExpense": 0,
        "depreciationAndAmortization": 0,
        "ebitda": 5140000,
        "ebitdaratio": 0.9604659867,
        "operatingIncome": 5140000,
        "operatingIncomeRatio": 0.9604659867,
        "totalOtherIncomeExpensesNet": 0,
        "incomeBeforeTax": 5140000,
        "incomeBeforeTaxRatio": 0.9604659867,
        "incomeTaxExpense": 0,
        "netIncome": 5140000,
        "netIncomeRatio": 0.9604659867,
        "eps": 0.56,
        "epsdiluted": 0.56,
        "weightedAverageShsOut": 9190590,
        "weightedAverageShsOutDil": 9190590,
        "link": "https://www.sec.gov/Archives/edgar/data/72633/000007263314000016/0000072633-14-000016-index.htm",
        "finalLink": "https://www.sec.gov/Archives/edgar/data/72633/000007263314000016/tenq2q14.txt"
    },
    {
        "date": "2014-01-31",
        "symbol": "NRT",
        "reportedCurrency": "USD",
        "cik": "0000072633",
        "fillingDate": "2014-02-27",
        "acceptedDate": "2014-02-27 12:45:52",
        "calendarYear": "2014",
        "period": "Q1",
        "revenue": 5300449,
        "costOfRevenue": 0,
        "grossProfit": 5300449,
        "grossProfitRatio": 1,
        "researchAndDevelopmentExpenses": 0,
        "generalAndAdministrativeExpenses": 341641,
        "sellingAndMarketingExpenses": 0,
        "sellingGeneralAndAdministrativeExpenses": 341641,
        "otherExpenses": 0,
        "operatingExpenses": 341641,
        "costAndExpenses": 341641,
        "interestIncome": 0,
        "interestExpense": 0,
        "depreciationAndAmortization": 0,
        "ebitda": 4958808,
        "ebitdaratio": 0.9355448944,
        "operatingIncome": 4958808,
        "operatingIncomeRatio": 0.9355448944,
        "totalOtherIncomeExpensesNet": 0,
        "incomeBeforeTax": 4958808,
        "incomeBeforeTaxRatio": 0.9355448944,
        "incomeTaxExpense": 0,
        "netIncome": 4958808,
        "netIncomeRatio": 0.9355448944,
        "eps": 0.54,
        "epsdiluted": 0.54,
        "weightedAverageShsOut": 9190590,
        "weightedAverageShsOutDil": 9190590,
        "link": "https://www.sec.gov/Archives/edgar/data/72633/000007263314000010/0000072633-14-000010-index.htm",
        "finalLink": "https://www.sec.gov/Archives/edgar/data/72633/000007263314000010/tenq1q14.txt"
    },
    {
        "date": "2013-10-31",
        "symbol": "NRT",
        "reportedCurrency": "USD",
        "cik": "0000072633",
        "fillingDate": "2013-12-30",
        "acceptedDate": "2013-12-30 12:40:04",
        "calendarYear": "2013",
        "period": "Q4",
        "revenue": 5019759,
        "costOfRevenue": 0,
        "grossProfit": 5019759,
        "grossProfitRatio": 1,
        "researchAndDevelopmentExpenses": 0,
        "generalAndAdministrativeExpenses": 159394,
        "sellingAndMarketingExpenses": 0,
        "sellingGeneralAndAdministrativeExpenses": 159394,
        "otherExpenses": 0,
        "operatingExpenses": 159394,
        "costAndExpenses": 159394,
        "interestIncome": 0,
        "interestExpense": 0,
        "depreciationAndAmortization": 0,
        "ebitda": 4860365,
        "ebitdaratio": 0.9682466828,
        "operatingIncome": 4860365,
        "operatingIncomeRatio": 0.9682466828,
        "totalOtherIncomeExpensesNet": 0,
        "incomeBeforeTax": 4860365,
        "incomeBeforeTaxRatio": 0.9682466828,
        "incomeTaxExpense": 0,
        "netIncome": 4860365,
        "netIncomeRatio": 0.9682466828,
        "eps": 0.49,
        "epsdiluted": 0.49,
        "weightedAverageShsOut": 9190590,
        "weightedAverageShsOutDil": 9190590,
        "link": "https://www.sec.gov/Archives/edgar/data/72633/000007263313000027/0000072633-13-000027-index.htm",
        "finalLink": "https://www.sec.gov/Archives/edgar/data/72633/000007263313000027/tenk13.txt"
    },
    {
        "date": "2013-07-31",
        "symbol": "NRT",
        "reportedCurrency": "USD",
        "cik": "0000072633",
        "fillingDate": "2013-08-29",
        "acceptedDate": "2013-08-29 11:11:50",
        "calendarYear": "2013",
        "period": "Q3",
        "revenue": 4692169,
        "costOfRevenue": 0,
        "grossProfit": 4692169,
        "grossProfitRatio": 1,
        "researchAndDevelopmentExpenses": 0,
        "generalAndAdministrativeExpenses": 232783,
        "sellingAndMarketingExpenses": 0,
        "sellingGeneralAndAdministrativeExpenses": 232783,
        "otherExpenses": 0,
        "operatingExpenses": 232782,
        "costAndExpenses": 232782,
        "interestIncome": 0,
        "interestExpense": 0,
        "depreciationAndAmortization": 0,
        "ebitda": 0,
        "ebitdaratio": 0,
        "operatingIncome": 4459386,
        "operatingIncomeRatio": 0.9503890418,
        "totalOtherIncomeExpensesNet": 0,
        "incomeBeforeTax": 4459386,
        "incomeBeforeTaxRatio": 0.9503890418,
        "incomeTaxExpense": 0,
        "netIncome": 4459386,
        "netIncomeRatio": 0.9503890418,
        "eps": 0.49,
        "epsdiluted": 0.49,
        "weightedAverageShsOut": 9190590,
        "weightedAverageShsOutDil": 9190590,
        "link": "https://www.sec.gov/Archives/edgar/data/72633/000007263313000020/0000072633-13-000020-index.htm",
        "finalLink": "https://www.sec.gov/Archives/edgar/data/72633/000007263313000020/tenq3q13.txt"
    },
    {
        "date": "2013-04-30",
        "symbol": "NRT",
        "reportedCurrency": "USD",
        "cik": "0000072633",
        "fillingDate": "2013-05-30",
        "acceptedDate": "2013-05-30 13:17:44",
        "calendarYear": "2013",
        "period": "Q2",
        "revenue": 6056976,
        "costOfRevenue": 0,
        "grossProfit": 6056976,
        "grossProfitRatio": 1,
        "researchAndDevelopmentExpenses": 0,
        "generalAndAdministrativeExpenses": 214431,
        "sellingAndMarketingExpenses": 0,
        "sellingGeneralAndAdministrativeExpenses": 214431,
        "otherExpenses": 0,
        "operatingExpenses": 214430,
        "costAndExpenses": 214430,
        "interestIncome": 0,
        "interestExpense": 0,
        "depreciationAndAmortization": 0,
        "ebitda": 0,
        "ebitdaratio": 0,
        "operatingIncome": 5842545,
        "operatingIncomeRatio": 0.9645976804,
        "totalOtherIncomeExpensesNet": 0,
        "incomeBeforeTax": 5842545,
        "incomeBeforeTaxRatio": 0.9645976804,
        "incomeTaxExpense": 0,
        "netIncome": 5842545,
        "netIncomeRatio": 0.9645976804,
        "eps": 0.64,
        "epsdiluted": 0.64,
        "weightedAverageShsOut": 9190590,
        "weightedAverageShsOutDil": 9190590,
        "link": "https://www.sec.gov/Archives/edgar/data/72633/000007263313000014/0000072633-13-000014-index.htm",
        "finalLink": "https://www.sec.gov/Archives/edgar/data/72633/000007263313000014/tenq2q13.txt"
    },
    {
        "date": "2013-01-31",
        "symbol": "NRT",
        "reportedCurrency": "USD",
        "cik": "0000072633",
        "fillingDate": "2013-02-28",
        "acceptedDate": "2013-02-28 11:32:12",
        "calendarYear": "2013",
        "period": "Q1",
        "revenue": 5802757,
        "costOfRevenue": 0,
        "grossProfit": 5802757,
        "grossProfitRatio": 1,
        "researchAndDevelopmentExpenses": 0,
        "generalAndAdministrativeExpenses": 329747,
        "sellingAndMarketingExpenses": 0,
        "sellingGeneralAndAdministrativeExpenses": 329747,
        "otherExpenses": 0,
        "operatingExpenses": 329746,
        "costAndExpenses": 329746,
        "interestIncome": 0,
        "interestExpense": 0,
        "depreciationAndAmortization": 0,
        "ebitda": 0,
        "ebitdaratio": 0,
        "operatingIncome": 5473010,
        "operatingIncomeRatio": 0.9431740809,
        "totalOtherIncomeExpensesNet": 0,
        "incomeBeforeTax": 5473010,
        "incomeBeforeTaxRatio": 0.9431740809,
        "incomeTaxExpense": 0,
        "netIncome": 5473010,
        "netIncomeRatio": 0.9431740809,
        "eps": 0.6,
        "epsdiluted": 0.6,
        "weightedAverageShsOut": 9190590,
        "weightedAverageShsOutDil": 9190590,
        "link": "https://www.sec.gov/Archives/edgar/data/72633/000007263313000008/0000072633-13-000008-index.htm",
        "finalLink": "https://www.sec.gov/Archives/edgar/data/72633/000007263313000008/tenq1q13.txt"
    },
    {
        "date": "2012-10-31",
        "symbol": "NRT",
        "reportedCurrency": "USD",
        "cik": "0000072633",
        "fillingDate": "2012-12-28",
        "acceptedDate": "2012-12-28 12:50:56",
        "calendarYear": "2012",
        "period": "Q4",
        "revenue": 4854601,
        "costOfRevenue": 0,
        "grossProfit": 4854601,
        "grossProfitRatio": 1,
        "researchAndDevelopmentExpenses": 0,
        "generalAndAdministrativeExpenses": 175112,
        "sellingAndMarketingExpenses": 0,
        "sellingGeneralAndAdministrativeExpenses": 175112,
        "otherExpenses": 0,
        "operatingExpenses": 175111,
        "costAndExpenses": 175111,
        "interestIncome": 0,
        "interestExpense": 0,
        "depreciationAndAmortization": 0,
        "ebitda": 0,
        "ebitdaratio": 0,
        "operatingIncome": 4679489,
        "operatingIncomeRatio": 0.9639286524,
        "totalOtherIncomeExpensesNet": 0,
        "incomeBeforeTax": 4679489,
        "incomeBeforeTaxRatio": 0.9639286524,
        "incomeTaxExpense": 0,
        "netIncome": 4679489,
        "netIncomeRatio": 0.9639286524,
        "eps": 0.61,
        "epsdiluted": 0.61,
        "weightedAverageShsOut": 9162449,
        "weightedAverageShsOutDil": 9162449,
        "link": "https://www.sec.gov/Archives/edgar/data/72633/000007263312000026/0000072633-12-000026-index.htm",
        "finalLink": "https://www.sec.gov/Archives/edgar/data/72633/000007263312000026/tenk12.txt"
    },
    {
        "date": "2012-07-31",
        "symbol": "NRT",
        "reportedCurrency": "USD",
        "cik": "0000072633",
        "fillingDate": "2012-08-30",
        "acceptedDate": "2012-08-30 10:36:05",
        "calendarYear": "2012",
        "period": "Q3",
        "revenue": 5846833,
        "costOfRevenue": 0,
        "grossProfit": 5846833,
        "grossProfitRatio": 1,
        "researchAndDevelopmentExpenses": 0,
        "generalAndAdministrativeExpenses": 0,
        "sellingAndMarketingExpenses": 0,
        "sellingGeneralAndAdministrativeExpenses": 0,
        "otherExpenses": 190954,
        "operatingExpenses": 267816,
        "costAndExpenses": 267816,
        "interestIncome": 10077,
        "interestExpense": 673020,
        "depreciationAndAmortization": 0,
        "ebitda": 5846833,
        "ebitdaratio": 1,
        "operatingIncome": 6250681,
        "operatingIncomeRatio": 1.0690712391,
        "totalOtherIncomeExpensesNet": -257739,
        "incomeBeforeTax": 0,
        "incomeBeforeTaxRatio": 0,
        "incomeTaxExpense": -11433,
        "netIncome": 5589094,
        "netIncomeRatio": 0.9559181868,
        "eps": 0.61,
        "epsdiluted": 0.61,
        "weightedAverageShsOut": 9190590,
        "weightedAverageShsOutDil": 9190590,
        "link": "https://www.sec.gov/Archives/edgar/data/72633/000007263312000020/0000072633-12-000020-index.htm",
        "finalLink": "https://www.sec.gov/Archives/edgar/data/72633/000007263312000020/tenq3q12.txt"
    },
    {
        "date": "2012-04-30",
        "symbol": "NRT",
        "reportedCurrency": "USD",
        "cik": "0000072633",
        "fillingDate": "2012-05-30",
        "acceptedDate": "2012-05-30 14:54:12",
        "calendarYear": "2012",
        "period": "Q2",
        "revenue": 6441635,
        "costOfRevenue": 0,
        "grossProfit": 6441635,
        "grossProfitRatio": 1,
        "researchAndDevelopmentExpenses": 0,
        "generalAndAdministrativeExpenses": 0,
        "sellingAndMarketingExpenses": 0,
        "sellingGeneralAndAdministrativeExpenses": 0,
        "otherExpenses": 469121,
        "operatingExpenses": 190954,
        "costAndExpenses": 190954,
        "interestIncome": 11433,
        "interestExpense": 0,
        "depreciationAndAmortization": 0,
        "ebitda": 6441635,
        "ebitdaratio": 1,
        "operatingIncome": 6069140,
        "operatingIncomeRatio": 0.9421738425,
        "totalOtherIncomeExpensesNet": 192974,
        "incomeBeforeTax": 0,
        "incomeBeforeTaxRatio": 0,
        "incomeTaxExpense": -10124,
        "netIncome": 6262114,
        "netIncomeRatio": 0.9721311437,
        "eps": 0.68,
        "epsdiluted": 0.68,
        "weightedAverageShsOut": 9190590,
        "weightedAverageShsOutDil": 9190590,
        "link": "https://www.sec.gov/Archives/edgar/data/72633/000007263312000014/0000072633-12-000014-index.htm",
        "finalLink": "https://www.sec.gov/Archives/edgar/data/72633/000007263312000014/tenq2q12.txt"
    },
    {
        "date": "2012-01-31",
        "symbol": "NRT",
        "reportedCurrency": "USD",
        "cik": "0000072633",
        "fillingDate": "2012-02-29",
        "acceptedDate": "2012-02-29 12:19:00",
        "calendarYear": "2012",
        "period": "Q1",
        "revenue": 6538261,
        "costOfRevenue": 0,
        "grossProfit": 6538261,
        "grossProfitRatio": 1,
        "researchAndDevelopmentExpenses": 0,
        "generalAndAdministrativeExpenses": 0,
        "sellingAndMarketingExpenses": 0,
        "sellingGeneralAndAdministrativeExpenses": 0,
        "otherExpenses": -791950,
        "operatingExpenses": 469121,
        "costAndExpenses": 469121,
        "interestIncome": 10124,
        "interestExpense": 0,
        "depreciationAndAmortization": 0,
        "ebitda": 6538261,
        "ebitdaratio": 1,
        "operatingIncome": 6834007,
        "operatingIncomeRatio": 1.0452331285,
        "totalOtherIncomeExpensesNet": -458997,
        "incomeBeforeTax": 0,
        "incomeBeforeTaxRatio": 0,
        "incomeTaxExpense": 967859,
        "netIncome": 6079264,
        "netIncomeRatio": 0.9297983057,
        "eps": 0.66,
        "epsdiluted": 0.66,
        "weightedAverageShsOut": 9190590,
        "weightedAverageShsOutDil": 9190590,
        "link": "https://www.sec.gov/Archives/edgar/data/72633/000007263312000008/0000072633-12-000008-index.htm",
        "finalLink": "https://www.sec.gov/Archives/edgar/data/72633/000007263312000008/tenq1q12.txt"
    },
    {
        "date": "2011-10-31",
        "symbol": "NRT",
        "reportedCurrency": "USD",
        "cik": "0000072633",
        "fillingDate": "2011-12-30",
        "acceptedDate": "2011-12-30 12:13:48",
        "calendarYear": "2011",
        "period": "Q4",
        "revenue": 6042057,
        "costOfRevenue": 0,
        "grossProfit": 6042057,
        "grossProfitRatio": 1,
        "researchAndDevelopmentExpenses": 0,
        "generalAndAdministrativeExpenses": 0,
        "sellingAndMarketingExpenses": 0,
        "sellingGeneralAndAdministrativeExpenses": 0,
        "otherExpenses": 189608,
        "operatingExpenses": -791950,
        "costAndExpenses": -791950,
        "interestIncome": 10990,
        "interestExpense": 0,
        "depreciationAndAmortization": 0,
        "ebitda": 6834007,
        "ebitdaratio": 1.1310729111,
        "operatingIncome": 6555068,
        "operatingIncomeRatio": 1.08490668,
        "totalOtherIncomeExpensesNet": 0,
        "incomeBeforeTax": 0,
        "incomeBeforeTaxRatio": 0,
        "incomeTaxExpense": -11559,
        "netIncome": 5866148,
        "netIncomeRatio": 0.9708859086,
        "eps": 0.71,
        "epsdiluted": 0.71,
        "weightedAverageShsOut": 9129557,
        "weightedAverageShsOutDil": 9248770,
        "link": "https://www.sec.gov/Archives/edgar/data/72633/000007263311000030/0000072633-11-000030-index.htm",
        "finalLink": "https://www.sec.gov/Archives/edgar/data/72633/000007263311000030/tenk11.txt"
    },
    {
        "date": "2011-07-31",
        "symbol": "NRT",
        "reportedCurrency": "USD",
        "cik": "0000072633",
        "fillingDate": "2011-08-31",
        "acceptedDate": "2011-08-31 11:55:46",
        "calendarYear": "2011",
        "period": "Q3",
        "revenue": 6744676,
        "costOfRevenue": 0,
        "grossProfit": 6744676,
        "grossProfitRatio": 1,
        "researchAndDevelopmentExpenses": 0,
        "generalAndAdministrativeExpenses": 0,
        "sellingAndMarketingExpenses": 0,
        "sellingGeneralAndAdministrativeExpenses": 0,
        "otherExpenses": 602342,
        "operatingExpenses": 189608,
        "costAndExpenses": 189608,
        "interestIncome": 11559,
        "interestExpense": 0,
        "depreciationAndAmortization": 0,
        "ebitda": 6555068,
        "ebitdaratio": 0.9718877527,
        "operatingIncome": 11759449,
        "operatingIncomeRatio": 1.7435157745,
        "totalOtherIncomeExpensesNet": 0,
        "incomeBeforeTax": 0,
        "incomeBeforeTaxRatio": 0,
        "incomeTaxExpense": -3684,
        "netIncome": 6566627,
        "netIncomeRatio": 0.9736015488,
        "eps": 0.71,
        "epsdiluted": 0.71,
        "weightedAverageShsOut": 9248770,
        "weightedAverageShsOutDil": 9248770,
        "link": "https://www.sec.gov/Archives/edgar/data/72633/000007263311000020/0000072633-11-000020-index.htm",
        "finalLink": "https://www.sec.gov/Archives/edgar/data/72633/000007263311000020/tenq3q11.txt"
    },
    {
        "date": "2011-04-30",
        "symbol": "NRT",
        "reportedCurrency": "USD",
        "cik": "0000072633",
        "fillingDate": "2011-05-26",
        "acceptedDate": "2011-05-26 12:40:55",
        "calendarYear": "2011",
        "period": "Q2",
        "revenue": 12361791,
        "costOfRevenue": 0,
        "grossProfit": 12361791,
        "grossProfitRatio": 1,
        "researchAndDevelopmentExpenses": 0,
        "generalAndAdministrativeExpenses": 0,
        "sellingAndMarketingExpenses": 0,
        "sellingGeneralAndAdministrativeExpenses": 0,
        "otherExpenses": 314527,
        "operatingExpenses": 602342,
        "costAndExpenses": 602342,
        "interestIncome": 3684,
        "interestExpense": 0,
        "depreciationAndAmortization": 0,
        "ebitda": 6677693,
        "ebitdaratio": 0.5401881491,
        "operatingIncome": 5081756,
        "operatingIncomeRatio": 0.4110857399,
        "totalOtherIncomeExpensesNet": 0,
        "incomeBeforeTax": 0,
        "incomeBeforeTaxRatio": 0,
        "incomeTaxExpense": -2383,
        "netIncome": 11763133,
        "netIncomeRatio": 0.9515719041,
        "eps": 0.73,
        "epsdiluted": 0.73,
        "weightedAverageShsOut": 9149307,
        "weightedAverageShsOutDil": 9149307,
        "link": "https://www.sec.gov/Archives/edgar/data/72633/000007263311000014/0000072633-11-000014-index.htm",
        "finalLink": "https://www.sec.gov/Archives/edgar/data/72633/000007263311000014/tenq2q11.txt"
    },
    {
        "date": "2011-01-31",
        "symbol": "NRT",
        "reportedCurrency": "USD",
        "cik": "0000072633",
        "fillingDate": "2011-02-25",
        "acceptedDate": "2011-02-25 11:33:05",
        "calendarYear": "2011",
        "period": "Q1",
        "revenue": 5396283,
        "costOfRevenue": 0,
        "grossProfit": 5396283,
        "grossProfitRatio": 1,
        "researchAndDevelopmentExpenses": 0,
        "generalAndAdministrativeExpenses": 0,
        "sellingAndMarketingExpenses": 0,
        "sellingGeneralAndAdministrativeExpenses": 0,
        "otherExpenses": 175273,
        "operatingExpenses": 314527,
        "costAndExpenses": 314527,
        "interestIncome": 2383,
        "interestExpense": 0,
        "depreciationAndAmortization": 0,
        "ebitda": 5081756,
        "ebitdaratio": 0.9417141392,
        "operatingIncome": 5166753,
        "operatingIncomeRatio": 0.9574651663,
        "totalOtherIncomeExpensesNet": 0,
        "incomeBeforeTax": 0,
        "incomeBeforeTaxRatio": 0,
        "incomeTaxExpense": -2077,
        "netIncome": 5084139,
        "netIncomeRatio": 0.9421557394,
        "eps": 0.55,
        "epsdiluted": 0.55,
        "weightedAverageShsOut": 9190590,
        "weightedAverageShsOutDil": 9190590,
        "link": "https://www.sec.gov/Archives/edgar/data/72633/000007263311000008/0000072633-11-000008-index.htm",
        "finalLink": "https://www.sec.gov/Archives/edgar/data/72633/000007263311000008/tenq1q11.txt"
    },
    {
        "date": "2010-10-31",
        "symbol": "NRT",
        "reportedCurrency": "USD",
        "cik": "0000072633",
        "fillingDate": "2010-12-30",
        "acceptedDate": "2010-12-30 15:52:35",
        "calendarYear": "2010",
        "period": "Q4",
        "revenue": 5342026,
        "costOfRevenue": 0,
        "grossProfit": 5342026,
        "grossProfitRatio": 1,
        "researchAndDevelopmentExpenses": 0,
        "generalAndAdministrativeExpenses": 0,
        "sellingAndMarketingExpenses": 0,
        "sellingGeneralAndAdministrativeExpenses": 0,
        "otherExpenses": 169228,
        "operatingExpenses": 175273,
        "costAndExpenses": 175273,
        "interestIncome": 2077,
        "interestExpense": 0,
        "depreciationAndAmortization": 0,
        "ebitda": 5166753,
        "ebitdaratio": 0.967189789,
        "operatingIncome": 4313619,
        "operatingIncomeRatio": 0.8074874589,
        "totalOtherIncomeExpensesNet": 0,
        "incomeBeforeTax": 0,
        "incomeBeforeTaxRatio": 0,
        "incomeTaxExpense": -2824,
        "netIncome": 5168830,
        "netIncomeRatio": 0.9675785928,
        "eps": 0.47,
        "epsdiluted": 0.47,
        "weightedAverageShsOut": 9106370,
        "weightedAverageShsOutDil": 9183921,
        "link": "https://www.sec.gov/Archives/edgar/data/72633/000007263310000027/0000072633-10-000027-index.htm",
        "finalLink": "https://www.sec.gov/Archives/edgar/data/72633/000007263310000027/tenk2010.txt"
    },
    {
        "date": "2010-07-31",
        "symbol": "NRT",
        "reportedCurrency": "USD",
        "cik": "0000072633",
        "fillingDate": "2010-08-30",
        "acceptedDate": "2010-08-30 10:35:41",
        "calendarYear": "2010",
        "period": "Q3",
        "revenue": 4482847,
        "costOfRevenue": 0,
        "grossProfit": 4482847,
        "grossProfitRatio": 1,
        "researchAndDevelopmentExpenses": 0,
        "generalAndAdministrativeExpenses": 0,
        "sellingAndMarketingExpenses": 0,
        "sellingGeneralAndAdministrativeExpenses": 0,
        "otherExpenses": 309625,
        "operatingExpenses": 169228,
        "costAndExpenses": 169228,
        "interestIncome": 2824,
        "interestExpense": 0,
        "depreciationAndAmortization": 0,
        "ebitda": 4313619,
        "ebitdaratio": 0.9622498827,
        "operatingIncome": 4616424,
        "operatingIncomeRatio": 1.0297973587,
        "totalOtherIncomeExpensesNet": 0,
        "incomeBeforeTax": 0,
        "incomeBeforeTaxRatio": 0,
        "incomeTaxExpense": -2277,
        "netIncome": 4316443,
        "netIncomeRatio": 0.9628798395,
        "eps": 0.47,
        "epsdiluted": 0.47,
        "weightedAverageShsOut": 9183921,
        "weightedAverageShsOutDil": 9183921,
        "link": "https://www.sec.gov/Archives/edgar/data/72633/000007263310000018/0000072633-10-000018-index.htm",
        "finalLink": "https://www.sec.gov/Archives/edgar/data/72633/000007263310000018/tenq3q10.txt"
    },
    {
        "date": "2010-04-30",
        "symbol": "NRT",
        "reportedCurrency": "USD",
        "cik": "0000072633",
        "fillingDate": "2010-05-26",
        "acceptedDate": "2010-05-26 11:08:04",
        "calendarYear": "2010",
        "period": "Q2",
        "revenue": 4926049,
        "costOfRevenue": 0,
        "grossProfit": 4926049,
        "grossProfitRatio": 1,
        "researchAndDevelopmentExpenses": 0,
        "generalAndAdministrativeExpenses": 0,
        "sellingAndMarketingExpenses": 0,
        "sellingGeneralAndAdministrativeExpenses": 0,
        "otherExpenses": 278299,
        "operatingExpenses": 309625,
        "costAndExpenses": 309625,
        "interestIncome": 2277,
        "interestExpense": 0,
        "depreciationAndAmortization": 0,
        "ebitda": 9232534,
        "ebitdaratio": 1.8742269921,
        "operatingIncome": 4616110,
        "operatingIncomeRatio": 0.9370816246,
        "totalOtherIncomeExpensesNet": 0,
        "incomeBeforeTax": 0,
        "incomeBeforeTaxRatio": 0,
        "incomeTaxExpense": -181,
        "netIncome": 4618701,
        "netIncomeRatio": 0.937607604,
        "eps": 1,
        "epsdiluted": 1,
        "weightedAverageShsOut": 9234992,
        "weightedAverageShsOutDil": 9234992,
        "link": "https://www.sec.gov/Archives/edgar/data/72633/000007263310000012/0000072633-10-000012-index.htm",
        "finalLink": "https://www.sec.gov/Archives/edgar/data/72633/000007263310000012/tenq2q10.txt"
    },
    {
        "date": "2010-01-31",
        "symbol": "NRT",
        "reportedCurrency": "USD",
        "cik": "0000072633",
        "fillingDate": "2010-02-25",
        "acceptedDate": "2010-02-25 11:28:45",
        "calendarYear": "2010",
        "period": "Q1",
        "revenue": 4894409,
        "costOfRevenue": 0,
        "grossProfit": 4894409,
        "grossProfitRatio": 1,
        "researchAndDevelopmentExpenses": 0,
        "generalAndAdministrativeExpenses": 0,
        "sellingAndMarketingExpenses": 0,
        "sellingGeneralAndAdministrativeExpenses": 0,
        "otherExpenses": 166242,
        "operatingExpenses": 278299,
        "costAndExpenses": 278299,
        "interestIncome": 181,
        "interestExpense": 0,
        "depreciationAndAmortization": 0,
        "ebitda": 4616110,
        "ebitdaratio": 0.9431394066,
        "operatingIncome": 3485683,
        "operatingIncomeRatio": 0.7121764855,
        "totalOtherIncomeExpensesNet": 0,
        "incomeBeforeTax": 0,
        "incomeBeforeTaxRatio": 0,
        "incomeTaxExpense": -632,
        "netIncome": 4616291,
        "netIncomeRatio": 0.9431763876,
        "eps": 0.5,
        "epsdiluted": 0.5,
        "weightedAverageShsOut": 9232582,
        "weightedAverageShsOutDil": 9232582,
        "link": "https://www.sec.gov/Archives/edgar/data/72633/000007263310000006/0000072633-10-000006-index.htm",
        "finalLink": "https://www.sec.gov/Archives/edgar/data/72633/000007263310000006/tenq1q10.txt"
    },
    {
        "date": "2009-10-31",
        "symbol": "NRT",
        "reportedCurrency": "USD",
        "cik": "0000072633",
        "fillingDate": "2009-12-29",
        "acceptedDate": "2009-12-29 16:12:24",
        "calendarYear": "2009",
        "period": "Q4",
        "revenue": 3651925,
        "costOfRevenue": 0,
        "grossProfit": 3651925,
        "grossProfitRatio": 1,
        "researchAndDevelopmentExpenses": 0,
        "generalAndAdministrativeExpenses": 0,
        "sellingAndMarketingExpenses": 0,
        "sellingGeneralAndAdministrativeExpenses": 0,
        "otherExpenses": 223984,
        "operatingExpenses": 166242,
        "costAndExpenses": 166242,
        "interestIncome": 632,
        "interestExpense": 0,
        "depreciationAndAmortization": 0,
        "ebitda": 3485683,
        "ebitdaratio": 0.9544782546,
        "operatingIncome": 6113562,
        "operatingIncomeRatio": 1.6740655955,
        "totalOtherIncomeExpensesNet": 0,
        "incomeBeforeTax": 0,
        "incomeBeforeTaxRatio": 0,
        "incomeTaxExpense": 870018,
        "netIncome": 3486315,
        "netIncomeRatio": 0.954651314,
        "eps": 0.57,
        "epsdiluted": 0.57,
        "weightedAverageShsOut": 9143068,
        "weightedAverageShsOutDil": 9199200,
        "link": "https://www.sec.gov/Archives/edgar/data/72633/000007263309000027/0000072633-09-000027-index.htm",
        "finalLink": "https://www.sec.gov/Archives/edgar/data/72633/000007263309000027/tenk09.txt"
    },
    {
        "date": "2009-07-31",
        "symbol": "NRT",
        "reportedCurrency": "USD",
        "cik": "0000072633",
        "fillingDate": "2009-08-27",
        "acceptedDate": "2009-08-27 10:46:31",
        "calendarYear": "2009",
        "period": "Q3",
        "revenue": 6337546,
        "costOfRevenue": 0,
        "grossProfit": 6337546,
        "grossProfitRatio": 1,
        "researchAndDevelopmentExpenses": 0,
        "generalAndAdministrativeExpenses": 0,
        "sellingAndMarketingExpenses": 0,
        "sellingGeneralAndAdministrativeExpenses": 0,
        "otherExpenses": 302134,
        "operatingExpenses": 223984,
        "costAndExpenses": 223984,
        "interestIncome": 1191,
        "interestExpense": 0,
        "depreciationAndAmortization": 0,
        "ebitda": 5242353,
        "ebitdaratio": 0.8271897356,
        "operatingIncome": 9122703,
        "operatingIncomeRatio": 1.4394693151,
        "totalOtherIncomeExpensesNet": 0,
        "incomeBeforeTax": 0,
        "incomeBeforeTaxRatio": 0,
        "incomeTaxExpense": -197,
        "netIncome": 5243544,
        "netIncomeRatio": 0.8273776632,
        "eps": 0.57,
        "epsdiluted": 0.57,
        "weightedAverageShsOut": 9199200,
        "weightedAverageShsOutDil": 9199200,
        "link": "https://www.sec.gov/Archives/edgar/data/72633/000007263309000021/0000072633-09-000021-index.htm",
        "finalLink": "https://www.sec.gov/Archives/edgar/data/72633/000007263309000021/tenq3q09.txt"
    },
    {
        "date": "2009-04-30",
        "symbol": "NRT",
        "reportedCurrency": "USD",
        "cik": "0000072633",
        "fillingDate": "2009-05-29",
        "acceptedDate": "2009-05-29 09:22:07",
        "calendarYear": "2009",
        "period": "Q2",
        "revenue": 9424837,
        "costOfRevenue": 0,
        "grossProfit": 9424837,
        "grossProfitRatio": 1,
        "researchAndDevelopmentExpenses": 0,
        "generalAndAdministrativeExpenses": 0,
        "sellingAndMarketingExpenses": 0,
        "sellingGeneralAndAdministrativeExpenses": 0,
        "otherExpenses": 343961,
        "operatingExpenses": 302134,
        "costAndExpenses": 302134,
        "interestIncome": 197,
        "interestExpense": 0,
        "depreciationAndAmortization": 0,
        "ebitda": 9122703,
        "ebitdaratio": 0.9679427878,
        "operatingIncome": 9837018,
        "operatingIncomeRatio": 1.0437334884,
        "totalOtherIncomeExpensesNet": 0,
        "incomeBeforeTax": 0,
        "incomeBeforeTaxRatio": 0,
        "incomeTaxExpense": -9451,
        "netIncome": 9122900,
        "netIncomeRatio": 0.96796369,
        "eps": 0.99,
        "epsdiluted": 0.99,
        "weightedAverageShsOut": 9215051,
        "weightedAverageShsOutDil": 9215051,
        "link": "https://www.sec.gov/Archives/edgar/data/72633/000007263309000015/0000072633-09-000015-index.htm",
        "finalLink": "https://www.sec.gov/Archives/edgar/data/72633/000007263309000015/tenq2q09.txt"
    },
    {
        "date": "2009-01-31",
        "symbol": "NRT",
        "reportedCurrency": "USD",
        "cik": "0000072633",
        "fillingDate": "2009-02-26",
        "acceptedDate": "2009-02-26 14:59:51",
        "calendarYear": "2009",
        "period": "Q1",
        "revenue": 10180979,
        "costOfRevenue": 0,
        "grossProfit": 10180979,
        "grossProfitRatio": 1,
        "researchAndDevelopmentExpenses": 0,
        "generalAndAdministrativeExpenses": 0,
        "sellingAndMarketingExpenses": 0,
        "sellingGeneralAndAdministrativeExpenses": 0,
        "otherExpenses": 214347,
        "operatingExpenses": 343961,
        "costAndExpenses": 343961,
        "interestIncome": 9451,
        "interestExpense": 0,
        "depreciationAndAmortization": 0,
        "ebitda": 9837018,
        "ebitdaratio": 0.9662153316,
        "operatingIncome": 9391412,
        "operatingIncomeRatio": 0.9224468492,
        "totalOtherIncomeExpensesNet": 0,
        "incomeBeforeTax": 0,
        "incomeBeforeTaxRatio": 0,
        "incomeTaxExpense": -18136,
        "netIncome": 9846469,
        "netIncomeRatio": 0.9671436313,
        "eps": 1.07,
        "epsdiluted": 1.07,
        "weightedAverageShsOut": 9202307,
        "weightedAverageShsOutDil": 9202307,
        "link": "https://www.sec.gov/Archives/edgar/data/72633/000007263309000007/0000072633-09-000007-index.htm",
        "finalLink": "https://www.sec.gov/Archives/edgar/data/72633/000007263309000007/tenq1q09.txt"
    },
    {
        "date": "2008-10-31",
        "symbol": "NRT",
        "reportedCurrency": "USD",
        "cik": "0000072633",
        "fillingDate": "2008-12-30",
        "acceptedDate": "2008-12-30 15:13:56",
        "calendarYear": "2008",
        "period": "Q4",
        "revenue": 9605759,
        "costOfRevenue": 0,
        "grossProfit": 9605759,
        "grossProfitRatio": 1,
        "researchAndDevelopmentExpenses": 0,
        "generalAndAdministrativeExpenses": 0,
        "sellingAndMarketingExpenses": 0,
        "sellingGeneralAndAdministrativeExpenses": 0,
        "otherExpenses": 253814,
        "operatingExpenses": 214347,
        "costAndExpenses": 214347,
        "interestIncome": 18136,
        "interestExpense": 0,
        "depreciationAndAmortization": 0,
        "ebitda": 9391412,
        "ebitdaratio": 0.9776855738,
        "operatingIncome": 8209527,
        "operatingIncomeRatio": 0.8546463637,
        "totalOtherIncomeExpensesNet": 0,
        "incomeBeforeTax": 0,
        "incomeBeforeTaxRatio": 0,
        "incomeTaxExpense": -17332,
        "netIncome": 9409548,
        "netIncomeRatio": 0.9795736079,
        "eps": 0.9,
        "epsdiluted": 0.9,
        "weightedAverageShsOut": 9140954,
        "weightedAverageShsOutDil": 9190590,
        "link": "https://www.sec.gov/Archives/edgar/data/72633/000007263308000026/0000072633-08-000026-index.htm",
        "finalLink": "https://www.sec.gov/Archives/edgar/data/72633/000007263308000026/tenk08.txt"
    },
    {
        "date": "2008-07-31",
        "symbol": "NRT",
        "reportedCurrency": "USD",
        "cik": "0000072633",
        "fillingDate": "2008-08-28",
        "acceptedDate": "2008-08-28 11:13:49",
        "calendarYear": "2008",
        "period": "Q3",
        "revenue": 8463341,
        "costOfRevenue": 0,
        "grossProfit": 8463341,
        "grossProfitRatio": 1,
        "researchAndDevelopmentExpenses": 0,
        "generalAndAdministrativeExpenses": 0,
        "sellingAndMarketingExpenses": 0,
        "sellingGeneralAndAdministrativeExpenses": 0,
        "otherExpenses": -338549,
        "operatingExpenses": 253814,
        "costAndExpenses": 253814,
        "interestIncome": 17332,
        "interestExpense": 0,
        "depreciationAndAmortization": 0,
        "ebitda": 8209527,
        "ebitdaratio": 0.9700101886,
        "operatingIncome": 9726504,
        "operatingIncomeRatio": 1.1492511054,
        "totalOtherIncomeExpensesNet": 0,
        "incomeBeforeTax": 0,
        "incomeBeforeTaxRatio": 0,
        "incomeTaxExpense": 677098,
        "netIncome": 8226859,
        "netIncomeRatio": 0.9720580797,
        "eps": 0.9,
        "epsdiluted": 0.9,
        "weightedAverageShsOut": 9140954,
        "weightedAverageShsOutDil": 9190590,
        "link": "https://www.sec.gov/Archives/edgar/data/72633/000007263308000020/0000072633-08-000020-index.htm",
        "finalLink": "https://www.sec.gov/Archives/edgar/data/72633/000007263308000020/tenq3q08.txt"
    },
    {
        "date": "2008-04-30",
        "symbol": "NRT",
        "reportedCurrency": "USD",
        "cik": "0000072633",
        "fillingDate": "2008-05-30",
        "acceptedDate": "2008-05-30 10:44:16",
        "calendarYear": "2008",
        "period": "Q2",
        "revenue": 9387955,
        "costOfRevenue": 2139517,
        "grossProfit": 7248438,
        "grossProfitRatio": 0.772099781,
        "researchAndDevelopmentExpenses": 0,
        "generalAndAdministrativeExpenses": 0,
        "sellingAndMarketingExpenses": 0,
        "sellingGeneralAndAdministrativeExpenses": 0,
        "otherExpenses": -269113,
        "operatingExpenses": -338549,
        "costAndExpenses": -338549,
        "interestIncome": 26979,
        "interestExpense": 0,
        "depreciationAndAmortization": 0,
        "ebitda": 9022427,
        "ebitdaratio": 0.9610641508,
        "operatingIncome": 7517551,
        "operatingIncomeRatio": 0.8007655554,
        "totalOtherIncomeExpensesNet": 0,
        "incomeBeforeTax": 0,
        "incomeBeforeTaxRatio": 0,
        "incomeTaxExpense": 538226,
        "netIncome": 9049406,
        "netIncomeRatio": 0.9639379396,
        "eps": 0.98,
        "epsdiluted": 0.98,
        "weightedAverageShsOut": 9234088,
        "weightedAverageShsOutDil": 9234088,
        "link": "https://www.sec.gov/Archives/edgar/data/72633/000007263308000014/0000072633-08-000014-index.htm",
        "finalLink": "https://www.sec.gov/Archives/edgar/data/72633/000007263308000014/tenq2q08.txt"
    },
    {
        "date": "2008-01-31",
        "symbol": "NRT",
        "reportedCurrency": "USD",
        "cik": "0000072633",
        "fillingDate": "2008-02-28",
        "acceptedDate": "2008-02-28 10:40:24",
        "calendarYear": "2008",
        "period": "Q1",
        "revenue": 7248438,
        "costOfRevenue": 1155433,
        "grossProfit": 6093005,
        "grossProfitRatio": 0.8405955876,
        "researchAndDevelopmentExpenses": 0,
        "generalAndAdministrativeExpenses": 0,
        "sellingAndMarketingExpenses": 0,
        "sellingGeneralAndAdministrativeExpenses": 0,
        "otherExpenses": -211469,
        "operatingExpenses": -269113,
        "costAndExpenses": -269113,
        "interestIncome": 33355,
        "interestExpense": 0,
        "depreciationAndAmortization": 0,
        "ebitda": 6945970,
        "ebitdaratio": 0.9582712855,
        "operatingIncome": 6304474,
        "operatingIncomeRatio": 0.8697700111,
        "totalOtherIncomeExpensesNet": 0,
        "incomeBeforeTax": 0,
        "incomeBeforeTaxRatio": 0,
        "incomeTaxExpense": 422938,
        "netIncome": 6979325,
        "netIncomeRatio": 0.9628729666,
        "eps": 0.76,
        "epsdiluted": 0.76,
        "weightedAverageShsOut": 9183322,
        "weightedAverageShsOutDil": 9183322,
        "link": "https://www.sec.gov/Archives/edgar/data/72633/000007263308000008/0000072633-08-000008-index.htm",
        "finalLink": "https://www.sec.gov/Archives/edgar/data/72633/000007263308000008/tenq1q08.txt"
    },
    {
        "date": "2007-10-31",
        "symbol": "NRT",
        "reportedCurrency": "USD",
        "cik": "0000072633",
        "fillingDate": "2007-12-28",
        "acceptedDate": "2007-12-28 15:51:08",
        "calendarYear": "2007",
        "period": "Q4",
        "revenue": 6093005,
        "costOfRevenue": 632657,
        "grossProfit": 5460348,
        "grossProfitRatio": 0.8961666698,
        "researchAndDevelopmentExpenses": 0,
        "generalAndAdministrativeExpenses": 0,
        "sellingAndMarketingExpenses": 0,
        "sellingGeneralAndAdministrativeExpenses": 0,
        "otherExpenses": -195843,
        "operatingExpenses": -211469,
        "costAndExpenses": -211469,
        "interestIncome": 0,
        "interestExpense": 0,
        "depreciationAndAmortization": 0,
        "ebitda": 6304474,
        "ebitdaratio": 1.0347068483,
        "operatingIncome": 5656191,
        "operatingIncomeRatio": 0.9283089379,
        "totalOtherIncomeExpensesNet": 0,
        "incomeBeforeTax": 0,
        "incomeBeforeTaxRatio": 0,
        "incomeTaxExpense": 391686,
        "netIncome": 5881536,
        "netIncomeRatio": 0.9652931517,
        "eps": 0.57,
        "epsdiluted": 0.57,
        "weightedAverageShsOut": 9190590,
        "weightedAverageShsOutDil": 9190590,
        "link": "https://www.sec.gov/Archives/edgar/data/72633/000007263307000028/0000072633-07-000028-index.htm",
        "finalLink": "https://www.sec.gov/Archives/edgar/data/72633/000007263307000028/tenk07.txt"
    },
    {
        "date": "2007-07-31",
        "symbol": "NRT",
        "reportedCurrency": "USD",
        "cik": "0000072633",
        "fillingDate": "2007-08-31",
        "acceptedDate": "2007-08-31 11:02:39",
        "calendarYear": "2007",
        "period": "Q3",
        "revenue": 5460348,
        "costOfRevenue": -2141405,
        "grossProfit": 7601753,
        "grossProfitRatio": 1.3921737223,
        "researchAndDevelopmentExpenses": 0,
        "generalAndAdministrativeExpenses": 0,
        "sellingAndMarketingExpenses": 0,
        "sellingGeneralAndAdministrativeExpenses": 0,
        "otherExpenses": -268312,
        "operatingExpenses": -195843,
        "costAndExpenses": -195843,
        "interestIncome": 57459,
        "interestExpense": 0,
        "depreciationAndAmortization": 0,
        "ebitda": 5207046,
        "ebitdaratio": 0.953610649,
        "operatingIncome": 7870065,
        "operatingIncomeRatio": 1.4413119823,
        "totalOtherIncomeExpensesNet": 0,
        "incomeBeforeTax": 0,
        "incomeBeforeTaxRatio": 0,
        "incomeTaxExpense": 536624,
        "netIncome": 5264505,
        "netIncomeRatio": 0.9641336047,
        "eps": 0.57,
        "epsdiluted": 0.57,
        "weightedAverageShsOut": 9235974,
        "weightedAverageShsOutDil": 9235974,
        "link": "https://www.sec.gov/Archives/edgar/data/72633/000007263307000019/0000072633-07-000019-index.htm",
        "finalLink": "https://www.sec.gov/Archives/edgar/data/72633/000007263307000019/tenq3q07.txt"
    },
    {
        "date": "2007-04-30",
        "symbol": "NRT",
        "reportedCurrency": "USD",
        "cik": "0000072633",
        "fillingDate": "2007-05-31",
        "acceptedDate": "2007-05-31 12:02:58",
        "calendarYear": "2007",
        "period": "Q2",
        "revenue": 7601753,
        "costOfRevenue": -935327,
        "grossProfit": 8537080,
        "grossProfitRatio": 1.1230409617,
        "researchAndDevelopmentExpenses": 0,
        "generalAndAdministrativeExpenses": 0,
        "sellingAndMarketingExpenses": 0,
        "sellingGeneralAndAdministrativeExpenses": 0,
        "otherExpenses": -276894,
        "operatingExpenses": -268312,
        "costAndExpenses": -268312,
        "interestIncome": 53693,
        "interestExpense": 926745,
        "depreciationAndAmortization": 0,
        "ebitda": 7870065,
        "ebitdaratio": 1.0352960692,
        "operatingIncome": 8813974,
        "operatingIncomeRatio": 1.1594659811,
        "totalOtherIncomeExpensesNet": 0,
        "incomeBeforeTax": 0,
        "incomeBeforeTaxRatio": 0,
        "incomeTaxExpense": 553788,
        "netIncome": 7333441,
        "netIncomeRatio": 0.9647039308,
        "eps": 0.08,
        "epsdiluted": 0.08,
        "weightedAverageShsOut": 9190590,
        "weightedAverageShsOutDil": 9190590,
        "link": "https://www.sec.gov/Archives/edgar/data/72633/000007263307000013/0000072633-07-000013-index.htm",
        "finalLink": "https://www.sec.gov/Archives/edgar/data/72633/000007263307000013/tenq2q07.txt"
    },
    {
        "date": "2007-01-31",
        "symbol": "NRT",
        "reportedCurrency": "USD",
        "cik": "0000072633",
        "fillingDate": "2007-02-28",
        "acceptedDate": "2007-02-28 12:23:08",
        "calendarYear": "2007",
        "period": "Q1",
        "revenue": 8537080,
        "costOfRevenue": 1196664,
        "grossProfit": 7340416,
        "grossProfitRatio": 0.859827482,
        "researchAndDevelopmentExpenses": 0,
        "generalAndAdministrativeExpenses": 0,
        "sellingAndMarketingExpenses": 0,
        "sellingGeneralAndAdministrativeExpenses": 0,
        "otherExpenses": -229224,
        "operatingExpenses": -276894,
        "costAndExpenses": -276894,
        "interestIncome": 0,
        "interestExpense": 0,
        "depreciationAndAmortization": 0,
        "ebitda": 8813974,
        "ebitdaratio": 1.032434275,
        "operatingIncome": 7569640,
        "operatingIncomeRatio": 0.8866778805,
        "totalOtherIncomeExpensesNet": 0,
        "incomeBeforeTax": 0,
        "incomeBeforeTaxRatio": 0,
        "incomeTaxExpense": 458448,
        "netIncome": 8260186,
        "netIncomeRatio": 0.967565725,
        "eps": 0.9,
        "epsdiluted": 0.9,
        "weightedAverageShsOut": 9190590,
        "weightedAverageShsOutDil": 9190590,
        "link": "https://www.sec.gov/Archives/edgar/data/72633/000007263307000006/0000072633-07-000006-index.htm",
        "finalLink": "https://www.sec.gov/Archives/edgar/data/72633/000007263307000006/tenq1q07.txt"
    },
    {
        "date": "2006-10-31",
        "symbol": "NRT",
        "reportedCurrency": "USD",
        "cik": "0000072633",
        "fillingDate": "2006-12-29",
        "acceptedDate": "2006-12-29 14:40:10",
        "calendarYear": "2006",
        "period": "Q4",
        "revenue": 7340416,
        "costOfRevenue": -25924,
        "grossProfit": 7366340,
        "grossProfitRatio": 1.0035316799,
        "researchAndDevelopmentExpenses": 0,
        "generalAndAdministrativeExpenses": 0,
        "sellingAndMarketingExpenses": 0,
        "sellingGeneralAndAdministrativeExpenses": 0,
        "otherExpenses": -225639,
        "operatingExpenses": -229224,
        "costAndExpenses": -229224,
        "interestIncome": 0,
        "interestExpense": 29509,
        "depreciationAndAmortization": 0,
        "ebitda": 7569640,
        "ebitdaratio": 1.0312276579,
        "operatingIncome": 7591979,
        "operatingIncomeRatio": 1.034270946,
        "totalOtherIncomeExpensesNet": 0,
        "incomeBeforeTax": 0,
        "incomeBeforeTaxRatio": 0,
        "incomeTaxExpense": 451278,
        "netIncome": 7111192,
        "netIncomeRatio": 0.9687723421,
        "eps": 0.78,
        "epsdiluted": 0.78,
        "weightedAverageShsOut": 9190590,
        "weightedAverageShsOutDil": 9190590,
        "link": "https://www.sec.gov/Archives/edgar/data/72633/000007263306000030/0000072633-06-000030-index.htm",
        "finalLink": "https://www.sec.gov/Archives/edgar/data/72633/000007263306000030/tenk2006.txt"
    },
    {
        "date": "2006-07-31",
        "symbol": "NRT",
        "reportedCurrency": "USD",
        "cik": "0000072633",
        "fillingDate": "2006-08-30",
        "acceptedDate": "2006-08-30 11:42:02",
        "calendarYear": "2006",
        "period": "Q3",
        "revenue": 7366340,
        "costOfRevenue": -963345,
        "grossProfit": 8329685,
        "grossProfitRatio": 1.1307766136,
        "researchAndDevelopmentExpenses": 0,
        "generalAndAdministrativeExpenses": 0,
        "sellingAndMarketingExpenses": 0,
        "sellingGeneralAndAdministrativeExpenses": 0,
        "otherExpenses": -267243,
        "operatingExpenses": -225639,
        "costAndExpenses": -225639,
        "interestIncome": 0,
        "interestExpense": 921741,
        "depreciationAndAmortization": 0,
        "ebitda": 7591979,
        "ebitdaratio": 1.0306310868,
        "operatingIncome": 8596928,
        "operatingIncomeRatio": 1.1670555527,
        "totalOtherIncomeExpensesNet": 0,
        "incomeBeforeTax": 0,
        "incomeBeforeTaxRatio": 0,
        "incomeTaxExpense": 534486,
        "netIncome": 7140701,
        "netIncomeRatio": 0.9693689132,
        "eps": 0.78,
        "epsdiluted": 0.78,
        "weightedAverageShsOut": 9190590,
        "weightedAverageShsOutDil": 9190590,
        "link": "https://www.sec.gov/Archives/edgar/data/72633/000007263306000022/0000072633-06-000022-index.htm",
        "finalLink": "https://www.sec.gov/Archives/edgar/data/72633/000007263306000022/tenq3q06.txt"
    },
    {
        "date": "2006-04-30",
        "symbol": "NRT",
        "reportedCurrency": "USD",
        "cik": "0000072633",
        "fillingDate": "2006-06-01",
        "acceptedDate": "2006-06-01 10:44:20",
        "calendarYear": "2006",
        "period": "Q2",
        "revenue": 8329685,
        "costOfRevenue": 122983,
        "grossProfit": 8206702,
        "grossProfitRatio": 0.9852355761,
        "researchAndDevelopmentExpenses": 0,
        "generalAndAdministrativeExpenses": 0,
        "sellingAndMarketingExpenses": 0,
        "sellingGeneralAndAdministrativeExpenses": 0,
        "otherExpenses": -262093,
        "operatingExpenses": -267243,
        "costAndExpenses": -267243,
        "interestIncome": 0,
        "interestExpense": 0,
        "depreciationAndAmortization": 0,
        "ebitda": 8596928,
        "ebitdaratio": 1.032083206,
        "operatingIncome": 8468795,
        "operatingIncomeRatio": 1.0167005115,
        "totalOtherIncomeExpensesNet": 0,
        "incomeBeforeTax": 0,
        "incomeBeforeTaxRatio": 0,
        "incomeTaxExpense": 524186,
        "netIncome": 8062442,
        "netIncomeRatio": 0.967916794,
        "eps": 0.88,
        "epsdiluted": 0.88,
        "weightedAverageShsOut": 9190590,
        "weightedAverageShsOutDil": 9190590,
        "link": "https://www.sec.gov/Archives/edgar/data/72633/000007263306000014/0000072633-06-000014-index.htm",
        "finalLink": "https://www.sec.gov/Archives/edgar/data/72633/000007263306000014/tenq2q06.txt"
    },
    {
        "date": "2006-01-31",
        "symbol": "NRT",
        "reportedCurrency": "USD",
        "cik": "0000072633",
        "fillingDate": "2006-02-28",
        "acceptedDate": "2006-02-28 17:00:28",
        "calendarYear": "2006",
        "period": "Q1",
        "revenue": 8206702,
        "costOfRevenue": 4004811,
        "grossProfit": 4201891,
        "grossProfitRatio": 0.5120072594,
        "researchAndDevelopmentExpenses": 0,
        "generalAndAdministrativeExpenses": 0,
        "sellingAndMarketingExpenses": 0,
        "sellingGeneralAndAdministrativeExpenses": 0,
        "otherExpenses": 750317,
        "operatingExpenses": -262093,
        "costAndExpenses": -262093,
        "interestIncome": 0,
        "interestExpense": 0,
        "depreciationAndAmortization": 0,
        "ebitda": 8468795,
        "ebitdaratio": 1.0319364588,
        "operatingIncome": 3451574,
        "operatingIncomeRatio": 0.4205799114,
        "totalOtherIncomeExpensesNet": 0,
        "incomeBeforeTax": 0,
        "incomeBeforeTaxRatio": 0,
        "incomeTaxExpense": -579056,
        "netIncome": 7944609,
        "netIncomeRatio": 0.9680635412,
        "eps": 0.87,
        "epsdiluted": 0.87,
        "weightedAverageShsOut": 9180876,
        "weightedAverageShsOutDil": 9180876,
        "link": "https://www.sec.gov/Archives/edgar/data/72633/000007263306000008/0000072633-06-000008-index.htm",
        "finalLink": "https://www.sec.gov/Archives/edgar/data/72633/000007263306000008/tenq1q06.txt"
    },
    {
        "date": "2005-10-31",
        "symbol": "NRT",
        "reportedCurrency": "USD",
        "cik": "0000072633",
        "fillingDate": "2006-01-06",
        "acceptedDate": "2006-01-06 10:34:54",
        "calendarYear": "2005",
        "period": "Q4",
        "revenue": 4201891,
        "costOfRevenue": -1237689,
        "grossProfit": 5439580,
        "grossProfitRatio": 1.2945552372,
        "researchAndDevelopmentExpenses": 0,
        "generalAndAdministrativeExpenses": 0,
        "sellingAndMarketingExpenses": 0,
        "sellingGeneralAndAdministrativeExpenses": 0,
        "otherExpenses": -219905,
        "operatingExpenses": 750317,
        "costAndExpenses": 750317,
        "interestIncome": 0,
        "interestExpense": 1189045,
        "depreciationAndAmortization": 0,
        "ebitda": 3451574,
        "ebitdaratio": 0.8214334927,
        "operatingIncome": 5659485,
        "operatingIncomeRatio": 1.3468900074,
        "totalOtherIncomeExpensesNet": 0,
        "incomeBeforeTax": 0,
        "incomeBeforeTaxRatio": 0,
        "incomeTaxExpense": 439810,
        "netIncome": 4030630,
        "netIncomeRatio": 0.9592419223,
        "eps": 0.57,
        "epsdiluted": 0.57,
        "weightedAverageShsOut": 9168192,
        "weightedAverageShsOutDil": 9168192,
        "link": "https://www.sec.gov/Archives/edgar/data/72633/000007263306000002/0000072633-06-000002-index.htm",
        "finalLink": "https://www.sec.gov/Archives/edgar/data/72633/000007263306000002/tenk05.txt"
    },
    {
        "date": "2005-07-28",
        "symbol": "NRT",
        "reportedCurrency": "USD",
        "cik": "0000072633",
        "fillingDate": "2005-08-29",
        "acceptedDate": "2005-08-29 10:05:41",
        "calendarYear": "2005",
        "period": "Q3",
        "revenue": 5439580,
        "costOfRevenue": -903210,
        "grossProfit": 6342790,
        "grossProfitRatio": 1.1660440696,
        "researchAndDevelopmentExpenses": 0,
        "generalAndAdministrativeExpenses": 0,
        "sellingAndMarketingExpenses": 0,
        "sellingGeneralAndAdministrativeExpenses": 0,
        "otherExpenses": -205395,
        "operatingExpenses": -219905,
        "costAndExpenses": -219905,
        "interestIncome": 10498,
        "interestExpense": 917720,
        "depreciationAndAmortization": 0,
        "ebitda": 5659485,
        "ebitdaratio": 1.0404268344,
        "operatingIncome": 6548185,
        "operatingIncomeRatio": 1.2038034186,
        "totalOtherIncomeExpensesNet": 0,
        "incomeBeforeTax": 0,
        "incomeBeforeTaxRatio": 0,
        "incomeTaxExpense": 410790,
        "netIncome": 5219675,
        "netIncomeRatio": 0.9595731656,
        "eps": 0.57,
        "epsdiluted": 0.57,
        "weightedAverageShsOut": 9168192,
        "weightedAverageShsOutDil": 9168192,
        "link": "https://www.sec.gov/Archives/edgar/data/72633/000007263305000020/0000072633-05-000020-index.htm",
        "finalLink": "https://www.sec.gov/Archives/edgar/data/72633/000007263305000020/tenq3q05.txt"
    },
    {
        "date": "2005-04-30",
        "symbol": "NRT",
        "reportedCurrency": "USD",
        "cik": "0000072633",
        "fillingDate": "2005-05-27",
        "acceptedDate": "2005-05-27 12:36:04",
        "calendarYear": "2005",
        "period": "Q2",
        "revenue": 6342790,
        "costOfRevenue": 1182659,
        "grossProfit": 5160131,
        "grossProfitRatio": 0.8135427785,
        "researchAndDevelopmentExpenses": 0,
        "generalAndAdministrativeExpenses": 0,
        "sellingAndMarketingExpenses": 0,
        "sellingGeneralAndAdministrativeExpenses": 0,
        "otherExpenses": -325017,
        "operatingExpenses": -205395,
        "costAndExpenses": -205395,
        "interestIncome": 10498,
        "interestExpense": 0,
        "depreciationAndAmortization": 0,
        "ebitda": 6548185,
        "ebitdaratio": 1.0323824374,
        "operatingIncome": 5485148,
        "operatingIncomeRatio": 0.8647847398,
        "totalOtherIncomeExpensesNet": 0,
        "incomeBeforeTax": 0,
        "incomeBeforeTaxRatio": 0,
        "incomeTaxExpense": 650034,
        "netIncome": 6137395,
        "netIncomeRatio": 0.9676175626,
        "eps": 0.69,
        "epsdiluted": 0.69,
        "weightedAverageShsOut": 8933361,
        "weightedAverageShsOutDil": 8933361,
        "link": "https://www.sec.gov/Archives/edgar/data/72633/000007263305000014/0000072633-05-000014-index.htm",
        "finalLink": "https://www.sec.gov/Archives/edgar/data/72633/000007263305000014/tenq2q05.txt"
    },
    {
        "date": "2005-01-31",
        "symbol": "NRT",
        "reportedCurrency": "USD",
        "cik": "0000072633",
        "fillingDate": "2005-03-09",
        "acceptedDate": "2005-03-09 12:13:02",
        "calendarYear": "2005",
        "period": "Q1",
        "revenue": 5160131,
        "costOfRevenue": 2036007,
        "grossProfit": 3124124,
        "grossProfitRatio": 0.6054350171,
        "researchAndDevelopmentExpenses": 0,
        "generalAndAdministrativeExpenses": 0,
        "sellingAndMarketingExpenses": 0,
        "sellingGeneralAndAdministrativeExpenses": 0,
        "otherExpenses": 614352,
        "operatingExpenses": -325017,
        "costAndExpenses": -325017,
        "interestIncome": 5373,
        "interestExpense": 0,
        "depreciationAndAmortization": 0,
        "ebitda": 5485148,
        "ebitdaratio": 1.0629861916,
        "operatingIncome": 2509772,
        "operatingIncomeRatio": 0.4863775745,
        "totalOtherIncomeExpensesNet": 0,
        "incomeBeforeTax": 0,
        "incomeBeforeTaxRatio": 0,
        "incomeTaxExpense": -453183,
        "netIncome": 4835114,
        "netIncomeRatio": 0.9370138084,
        "eps": 0.54,
        "epsdiluted": 0.54,
        "weightedAverageShsOut": 8933316,
        "weightedAverageShsOutDil": 8933316,
        "link": "https://www.sec.gov/Archives/edgar/data/72633/000007263305000008/0000072633-05-000008-index.htm",
        "finalLink": "https://www.sec.gov/Archives/edgar/data/72633/000007263305000008/tenq1q05.txt"
    },
    {
        "date": "2004-10-31",
        "symbol": "NRT",
        "reportedCurrency": "USD",
        "cik": "0000072633",
        "fillingDate": "2005-01-12",
        "acceptedDate": "2005-01-12 12:04:41",
        "calendarYear": "2004",
        "period": "Q4",
        "revenue": 3124124,
        "costOfRevenue": -387846,
        "grossProfit": 3511970,
        "grossProfitRatio": 1.1241455205,
        "researchAndDevelopmentExpenses": 0,
        "generalAndAdministrativeExpenses": 0,
        "sellingAndMarketingExpenses": 0,
        "sellingGeneralAndAdministrativeExpenses": 0,
        "otherExpenses": -160069,
        "operatingExpenses": 614352,
        "costAndExpenses": 614352,
        "interestIncome": 5250,
        "interestExpense": 388946,
        "depreciationAndAmortization": 0,
        "ebitda": 2509772,
        "ebitdaratio": 0.8033522357,
        "operatingIncome": 3672039,
        "operatingIncomeRatio": 1.1753819631,
        "totalOtherIncomeExpensesNet": 0,
        "incomeBeforeTax": 0,
        "incomeBeforeTaxRatio": 0,
        "incomeTaxExpense": 320138,
        "netIncome": 2962955,
        "netIncomeRatio": 0.9484114587,
        "eps": 0.38,
        "epsdiluted": 0.38,
        "weightedAverageShsOut": 8931414,
        "weightedAverageShsOutDil": 8931414,
        "link": "https://www.sec.gov/Archives/edgar/data/72633/000007263305000002/0000072633-05-000002-index.htm",
        "finalLink": "https://www.sec.gov/Archives/edgar/data/72633/000007263305000002/tenk04.txt"
    },
    {
        "date": "2004-07-31",
        "symbol": "NRT",
        "reportedCurrency": "USD",
        "cik": "0000072633",
        "fillingDate": "2004-08-27",
        "acceptedDate": "2004-08-27 11:33:59",
        "calendarYear": "2004",
        "period": "Q3",
        "revenue": 3511970,
        "costOfRevenue": -567992,
        "grossProfit": 4079962,
        "grossProfitRatio": 1.1617303109,
        "researchAndDevelopmentExpenses": 0,
        "generalAndAdministrativeExpenses": 0,
        "sellingAndMarketingExpenses": 0,
        "sellingGeneralAndAdministrativeExpenses": 0,
        "otherExpenses": -221273,
        "operatingExpenses": -160069,
        "costAndExpenses": -160069,
        "interestIncome": 5250,
        "interestExpense": 506788,
        "depreciationAndAmortization": 0,
        "ebitda": 3672039,
        "ebitdaratio": 1.0455781228,
        "operatingIncome": 4301235,
        "operatingIncomeRatio": 1.2247356897,
        "totalOtherIncomeExpensesNet": 0,
        "incomeBeforeTax": 0,
        "incomeBeforeTaxRatio": 0,
        "incomeTaxExpense": 442546,
        "netIncome": 3351901,
        "netIncomeRatio": 0.9544218772,
        "eps": 0.38,
        "epsdiluted": 0.38,
        "weightedAverageShsOut": 8931414,
        "weightedAverageShsOutDil": 8931414,
        "link": "https://www.sec.gov/Archives/edgar/data/72633/000007263304000019/0000072633-04-000019-index.htm",
        "finalLink": "https://www.sec.gov/Archives/edgar/data/72633/000007263304000019/tenq3q04.txt"
    },
    {
        "date": "2004-04-30",
        "symbol": "NRT",
        "reportedCurrency": "USD",
        "cik": "0000072633",
        "fillingDate": "2004-05-27",
        "acceptedDate": "2004-05-27 13:50:45",
        "calendarYear": "2004",
        "period": "Q2",
        "revenue": 4079962,
        "costOfRevenue": -287161,
        "grossProfit": 4367123,
        "grossProfitRatio": 1.0703832536,
        "researchAndDevelopmentExpenses": 0,
        "generalAndAdministrativeExpenses": 0,
        "sellingAndMarketingExpenses": 0,
        "sellingGeneralAndAdministrativeExpenses": 0,
        "otherExpenses": -233010,
        "operatingExpenses": -221273,
        "costAndExpenses": -221273,
        "interestIncome": 0,
        "interestExpense": 275424,
        "depreciationAndAmortization": 0,
        "ebitda": 4301235,
        "ebitdaratio": 1.0542340836,
        "operatingIncome": 4600133,
        "operatingIncomeRatio": 1.1274940796,
        "totalOtherIncomeExpensesNet": 0,
        "incomeBeforeTax": 0,
        "incomeBeforeTaxRatio": 0,
        "incomeTaxExpense": 466020,
        "netIncome": 3858689,
        "netIncomeRatio": 0.9457659164,
        "eps": 0.43,
        "epsdiluted": 0.43,
        "weightedAverageShsOut": 8931414,
        "weightedAverageShsOutDil": 8931414,
        "link": "https://www.sec.gov/Archives/edgar/data/72633/000007263304000013/0000072633-04-000013-index.htm",
        "finalLink": "https://www.sec.gov/Archives/edgar/data/72633/000007263304000013/tenq2q04.txt"
    },
    {
        "date": "2004-01-31",
        "symbol": "NRT",
        "reportedCurrency": "USD",
        "cik": "0000072633",
        "fillingDate": "2004-03-09",
        "acceptedDate": "2004-03-09 15:01:28",
        "calendarYear": "2004",
        "period": "Q1",
        "revenue": 4367123,
        "costOfRevenue": 193529,
        "grossProfit": 4173594,
        "grossProfitRatio": 0.9556850128,
        "researchAndDevelopmentExpenses": 0,
        "generalAndAdministrativeExpenses": 0,
        "sellingAndMarketingExpenses": 0,
        "sellingGeneralAndAdministrativeExpenses": 0,
        "otherExpenses": 625871,
        "operatingExpenses": -233010,
        "costAndExpenses": -233010,
        "interestIncome": 0,
        "interestExpense": 0,
        "depreciationAndAmortization": 0,
        "ebitda": 4600133,
        "ebitdaratio": 1.0533554928,
        "operatingIncome": 3547723,
        "operatingIncomeRatio": 0.812370753,
        "totalOtherIncomeExpensesNet": 0,
        "incomeBeforeTax": 0,
        "incomeBeforeTaxRatio": 0,
        "incomeTaxExpense": -449589,
        "netIncome": 4134113,
        "netIncomeRatio": 0.9466445072,
        "eps": 0.46,
        "epsdiluted": 0.46,
        "weightedAverageShsOut": 8931414,
        "weightedAverageShsOutDil": 8931414,
        "link": "https://www.sec.gov/Archives/edgar/data/72633/000007263304000007/0000072633-04-000007-index.htm",
        "finalLink": "https://www.sec.gov/Archives/edgar/data/72633/000007263304000007/tenq0131.txt"
    },
    {
        "date": "2003-10-31",
        "symbol": "NRT",
        "reportedCurrency": "USD",
        "cik": "0000072633",
        "fillingDate": "2004-01-07",
        "acceptedDate": "2004-01-07 15:16:51",
        "calendarYear": "2003",
        "period": "Q4",
        "revenue": 4173594,
        "costOfRevenue": -370965,
        "grossProfit": 4544559,
        "grossProfitRatio": 1.0888838253,
        "researchAndDevelopmentExpenses": 0,
        "generalAndAdministrativeExpenses": 0,
        "sellingAndMarketingExpenses": 0,
        "sellingGeneralAndAdministrativeExpenses": 0,
        "otherExpenses": -192422,
        "operatingExpenses": 625871,
        "costAndExpenses": 625871,
        "interestIncome": 0,
        "interestExpense": 354825,
        "depreciationAndAmortization": 0,
        "ebitda": 3547723,
        "ebitdaratio": 0.850040277,
        "operatingIncome": 4736981,
        "operatingIncomeRatio": 1.1349884536,
        "totalOtherIncomeExpensesNet": 0,
        "incomeBeforeTax": 0,
        "incomeBeforeTaxRatio": 0,
        "incomeTaxExpense": 384844,
        "netIncome": 3997312,
        "netIncomeRatio": 0.9577625423,
        "eps": 0.49,
        "epsdiluted": 0.49,
        "weightedAverageShsOut": 8931414,
        "weightedAverageShsOutDil": 8931414,
        "link": "https://www.sec.gov/Archives/edgar/data/72633/000007263304000002/0000072633-04-000002-index.htm",
        "finalLink": "https://www.sec.gov/Archives/edgar/data/72633/000007263304000002/tenk1219.txt"
    },
    {
        "date": "2003-07-31",
        "symbol": "NRT",
        "reportedCurrency": "USD",
        "cik": "0000072633",
        "fillingDate": "2003-09-09",
        "acceptedDate": "2003-09-09 13:34:23",
        "calendarYear": "2003",
        "period": "Q3",
        "revenue": 4544559,
        "costOfRevenue": -162716,
        "grossProfit": 4707275,
        "grossProfitRatio": 1.0358045742,
        "researchAndDevelopmentExpenses": 0,
        "generalAndAdministrativeExpenses": 0,
        "sellingAndMarketingExpenses": 0,
        "sellingGeneralAndAdministrativeExpenses": 0,
        "otherExpenses": -178732,
        "operatingExpenses": -192422,
        "costAndExpenses": -192422,
        "interestIncome": 0,
        "interestExpense": 176406,
        "depreciationAndAmortization": 0,
        "ebitda": 4736981,
        "ebitdaratio": 1.0423411821,
        "operatingIncome": 4886007,
        "operatingIncomeRatio": 1.0751333628,
        "totalOtherIncomeExpensesNet": 0,
        "incomeBeforeTax": 0,
        "incomeBeforeTaxRatio": 0,
        "incomeTaxExpense": 357464,
        "netIncome": 4352137,
        "netIncomeRatio": 0.9576588179,
        "eps": 0.49,
        "epsdiluted": 0.49,
        "weightedAverageShsOut": 8931414,
        "weightedAverageShsOutDil": 8931414,
        "link": "https://www.sec.gov/Archives/edgar/data/72633/000007263303000009/0000072633-03-000009-index.htm",
        "finalLink": "https://www.sec.gov/Archives/edgar/data/72633/000007263303000009/tenq3q03.txt"
    },
    {
        "date": "2003-04-30",
        "symbol": "NRT",
        "reportedCurrency": "USD",
        "cik": "0000072633",
        "fillingDate": "2003-06-12",
        "acceptedDate": "2003-06-12 12:28:02",
        "calendarYear": "2003",
        "period": "Q2",
        "revenue": 4707275,
        "costOfRevenue": -67809,
        "grossProfit": 4775084,
        "grossProfitRatio": 1.0144051495,
        "researchAndDevelopmentExpenses": 0,
        "generalAndAdministrativeExpenses": 0,
        "sellingAndMarketingExpenses": 0,
        "sellingGeneralAndAdministrativeExpenses": 0,
        "otherExpenses": -254717,
        "operatingExpenses": -178732,
        "costAndExpenses": -178732,
        "interestIncome": 0,
        "interestExpense": 0,
        "depreciationAndAmortization": 0,
        "ebitda": 4886007,
        "ebitdaratio": 1.0379693135,
        "operatingIncome": 5029801,
        "operatingIncomeRatio": 1.0685164984,
        "totalOtherIncomeExpensesNet": 0,
        "incomeBeforeTax": 0,
        "incomeBeforeTaxRatio": 0,
        "incomeTaxExpense": 509434,
        "netIncome": 4528543,
        "netIncomeRatio": 0.9620306865,
        "eps": 0.51,
        "epsdiluted": 0.51,
        "weightedAverageShsOut": 8931414,
        "weightedAverageShsOutDil": 8931414,
        "link": "https://www.sec.gov/Archives/edgar/data/72633/000007263303000005/0000072633-03-000005-index.htm",
        "finalLink": "https://www.sec.gov/Archives/edgar/data/72633/000007263303000005/tenq2q03.txt"
    },
    {
        "date": "2003-01-31",
        "symbol": "NRT",
        "reportedCurrency": "USD",
        "cik": "0000072633",
        "fillingDate": "2003-03-13",
        "acceptedDate": "2003-03-13 12:26:46",
        "calendarYear": "2003",
        "period": "Q1",
        "revenue": 4775084,
        "costOfRevenue": 1177660,
        "grossProfit": 3597424,
        "grossProfitRatio": 0.7533739721,
        "researchAndDevelopmentExpenses": 0,
        "generalAndAdministrativeExpenses": 0,
        "sellingAndMarketingExpenses": 0,
        "sellingGeneralAndAdministrativeExpenses": 0,
        "otherExpenses": 420195,
        "operatingExpenses": -254717,
        "costAndExpenses": -254717,
        "interestIncome": 0,
        "interestExpense": 0,
        "depreciationAndAmortization": 0,
        "ebitda": 5029801,
        "ebitdaratio": 1.053342936,
        "operatingIncome": 3177229,
        "operatingIncomeRatio": 0.6653765672,
        "totalOtherIncomeExpensesNet": 0,
        "incomeBeforeTax": 0,
        "incomeBeforeTaxRatio": 0,
        "incomeTaxExpense": -229701,
        "netIncome": 4520367,
        "netIncomeRatio": 0.946657064,
        "eps": 0.51,
        "epsdiluted": 0.51,
        "weightedAverageShsOut": 8931414,
        "weightedAverageShsOutDil": 8931414,
        "link": "https://www.sec.gov/Archives/edgar/data/72633/000007263303000003/0000072633-03-000003-index.htm",
        "finalLink": "https://www.sec.gov/Archives/edgar/data/72633/000007263303000003/tenq1q03.txt"
    },
    {
        "date": "2002-10-31",
        "symbol": "NRT",
        "reportedCurrency": "USD",
        "cik": "0000072633",
        "fillingDate": "2002-12-20",
        "acceptedDate": "2002-12-20 14:40:21",
        "calendarYear": "2002",
        "period": "Q4",
        "revenue": 3597424,
        "costOfRevenue": -994913,
        "grossProfit": 4592337,
        "grossProfitRatio": 1.2765626181,
        "researchAndDevelopmentExpenses": 0,
        "generalAndAdministrativeExpenses": 0,
        "sellingAndMarketingExpenses": 0,
        "sellingGeneralAndAdministrativeExpenses": 0,
        "otherExpenses": -148634,
        "operatingExpenses": 420195,
        "costAndExpenses": 420195,
        "interestIncome": 0,
        "interestExpense": 1036773,
        "depreciationAndAmortization": 0,
        "ebitda": 3177229,
        "ebitdaratio": 0.8831955866,
        "operatingIncome": 4740971,
        "operatingIncomeRatio": 1.3178794048,
        "totalOtherIncomeExpensesNet": 0,
        "incomeBeforeTax": 0,
        "incomeBeforeTaxRatio": 0,
        "incomeTaxExpense": 297268,
        "netIncome": 3406930,
        "netIncomeRatio": 0.9470471093,
        "eps": 0.5,
        "epsdiluted": 0.5,
        "weightedAverageShsOut": 8931414,
        "weightedAverageShsOutDil": 8931414,
        "link": "https://www.sec.gov/Archives/edgar/data/72633/000007263302000017/0000072633-02-000017-index.htm",
        "finalLink": "https://www.sec.gov/Archives/edgar/data/72633/000007263302000017/tenk02.txt"
    },
    {
        "date": "2002-07-31",
        "symbol": "NRT",
        "reportedCurrency": "USD",
        "cik": "0000072633",
        "fillingDate": "2002-09-16",
        "acceptedDate": "2002-09-16 17:21:39",
        "calendarYear": "2002",
        "period": "Q3",
        "revenue": 4592337,
        "costOfRevenue": 75019,
        "grossProfit": 4517318,
        "grossProfitRatio": 0.9836643086,
        "researchAndDevelopmentExpenses": 0,
        "generalAndAdministrativeExpenses": 0,
        "sellingAndMarketingExpenses": 0,
        "sellingGeneralAndAdministrativeExpenses": 0,
        "otherExpenses": -25020,
        "operatingExpenses": -148634,
        "costAndExpenses": -148634,
        "interestIncome": 0,
        "interestExpense": 48595,
        "depreciationAndAmortization": 0,
        "ebitda": 4740971,
        "ebitdaratio": 1.0323656561,
        "operatingIncome": 4542338,
        "operatingIncomeRatio": 0.989112515,
        "totalOtherIncomeExpensesNet": 0,
        "incomeBeforeTax": 0,
        "incomeBeforeTaxRatio": 0,
        "incomeTaxExpense": 50040,
        "netIncome": 4443703,
        "netIncomeRatio": 0.9676343439,
        "eps": 0.5,
        "epsdiluted": 0.5,
        "weightedAverageShsOut": 8931414,
        "weightedAverageShsOutDil": 8931414,
        "link": "https://www.sec.gov/Archives/edgar/data/72633/000007263302000015/0000072633-02-000015-index.htm",
        "finalLink": "https://www.sec.gov/Archives/edgar/data/72633/000007263302000015/tenq3q02.txt"
    },
    {
        "date": "2002-04-30",
        "symbol": "NRT",
        "reportedCurrency": "USD",
        "cik": "0000072633",
        "fillingDate": "2002-06-05",
        "acceptedDate": "2002-06-05 13:44:58",
        "calendarYear": "2002",
        "period": "Q2",
        "revenue": 4517318,
        "costOfRevenue": -272068,
        "grossProfit": 4789386,
        "grossProfitRatio": 1.0602277723,
        "researchAndDevelopmentExpenses": 0,
        "generalAndAdministrativeExpenses": 0,
        "sellingAndMarketingExpenses": 0,
        "sellingGeneralAndAdministrativeExpenses": 0,
        "otherExpenses": -246541,
        "operatingExpenses": -25020,
        "costAndExpenses": -25020,
        "interestIncome": 0,
        "interestExpense": 50547,
        "depreciationAndAmortization": 0,
        "ebitda": 4542338,
        "ebitdaratio": 1.0055386847,
        "operatingIncome": 5035927,
        "operatingIncomeRatio": 1.1148046252,
        "totalOtherIncomeExpensesNet": 0,
        "incomeBeforeTax": 0,
        "incomeBeforeTaxRatio": 0,
        "incomeTaxExpense": 493082,
        "netIncome": 4492298,
        "netIncomeRatio": 0.9944613153,
        "eps": 0.5,
        "epsdiluted": 0.5,
        "weightedAverageShsOut": 8931414,
        "weightedAverageShsOutDil": 8931414,
        "link": "https://www.sec.gov/Archives/edgar/data/72633/000007263302000009/0000072633-02-000009-index.htm",
        "finalLink": "https://www.sec.gov/Archives/edgar/data/72633/000007263302000009/tenq2q02.txt"
    },
    {
        "date": "2002-01-31",
        "symbol": "NRT",
        "reportedCurrency": "USD",
        "cik": "0000072633",
        "fillingDate": "2002-03-15",
        "acceptedDate": "2002-03-15 00:00:00",
        "calendarYear": "2002",
        "period": "Q1",
        "revenue": 4789386,
        "costOfRevenue": -688853,
        "grossProfit": 5478239,
        "grossProfitRatio": 1.1438290837,
        "researchAndDevelopmentExpenses": 0,
        "generalAndAdministrativeExpenses": 160000,
        "sellingAndMarketingExpenses": 0,
        "sellingGeneralAndAdministrativeExpenses": 160000,
        "otherExpenses": -406542,
        "operatingExpenses": -246541,
        "costAndExpenses": -246541,
        "interestIncome": 0,
        "interestExpense": 775393,
        "depreciationAndAmortization": 0,
        "ebitda": 5035927,
        "ebitdaratio": 1.0514765358,
        "operatingIncome": 5478239,
        "operatingIncomeRatio": 1.1438290837,
        "totalOtherIncomeExpensesNet": 0,
        "incomeBeforeTax": 0,
        "incomeBeforeTaxRatio": 0,
        "incomeTaxExpense": 160000,
        "netIncome": 4542845,
        "netIncomeRatio": 0.9485234642,
        "eps": 0.51,
        "epsdiluted": 0.51,
        "weightedAverageShsOut": 8931414,
        "weightedAverageShsOutDil": 8931414,
        "link": "https://www.sec.gov/Archives/edgar/data/72633/000007263302000007/0000072633-02-000007-index.htm",
        "finalLink": "https://www.sec.gov/Archives/edgar/data/72633/000007263302000007/tenq1q02.txt"
    },
    {
        "date": "2001-10-31",
        "symbol": "NRT",
        "reportedCurrency": "USD",
        "cik": "0000072633",
        "fillingDate": "2002-01-14",
        "acceptedDate": "2002-01-14 00:00:00",
        "calendarYear": "2001",
        "period": "Q4",
        "revenue": 5478239,
        "costOfRevenue": 458796,
        "grossProfit": 5019443,
        "grossProfitRatio": 0.9162511895,
        "researchAndDevelopmentExpenses": 0,
        "generalAndAdministrativeExpenses": 160000,
        "sellingAndMarketingExpenses": 0,
        "sellingGeneralAndAdministrativeExpenses": 160000,
        "otherExpenses": -160000,
        "operatingExpenses": 0,
        "costAndExpenses": 458796,
        "interestIncome": 0,
        "interestExpense": 0,
        "depreciationAndAmortization": 0,
        "ebitda": 5478239,
        "ebitdaratio": 1,
        "operatingIncome": 5019443,
        "operatingIncomeRatio": 0.9162511895,
        "totalOtherIncomeExpensesNet": 0,
        "incomeBeforeTax": 0,
        "incomeBeforeTaxRatio": 0,
        "incomeTaxExpense": 148872,
        "netIncome": 5318238,
        "netIncomeRatio": 0.9707933517,
        "eps": 0.55,
        "epsdiluted": 0.55,
        "weightedAverageShsOut": 8886804,
        "weightedAverageShsOutDil": 8886804,
        "link": "https://www.sec.gov/Archives/edgar/data/72633/000007263302000002/0000072633-02-000002-index.htm",
        "finalLink": "https://www.sec.gov/Archives/edgar/data/72633/000007263302000002/tenk01.txt"
    },
    {
        "date": "2001-07-31",
        "symbol": "NRT",
        "reportedCurrency": "USD",
        "cik": "0000072633",
        "fillingDate": "2001-09-07",
        "acceptedDate": "2001-09-07 00:00:00",
        "calendarYear": "2001",
        "period": "Q3",
        "revenue": 5019443,
        "costOfRevenue": -601540,
        "grossProfit": 5620983,
        "grossProfitRatio": 1.1198419825,
        "researchAndDevelopmentExpenses": 0,
        "generalAndAdministrativeExpenses": 148872,
        "sellingAndMarketingExpenses": 0,
        "sellingGeneralAndAdministrativeExpenses": 148872,
        "otherExpenses": -148872,
        "operatingExpenses": 0,
        "costAndExpenses": -601540,
        "interestIncome": 0,
        "interestExpense": 524583,
        "depreciationAndAmortization": 0,
        "ebitda": 5019443,
        "ebitdaratio": 1,
        "operatingIncome": 5620983,
        "operatingIncomeRatio": 1.1198419825,
        "totalOtherIncomeExpensesNet": 0,
        "incomeBeforeTax": 0,
        "incomeBeforeTaxRatio": 0,
        "incomeTaxExpense": 225829,
        "netIncome": 4870571,
        "netIncomeRatio": 0.9703409323,
        "eps": 0.55,
        "epsdiluted": 0.55,
        "weightedAverageShsOut": 8886804,
        "weightedAverageShsOutDil": 8886804,
        "link": "https://www.sec.gov/Archives/edgar/data/72633/000007263301500005/0000072633-01-500005-index.htm",
        "finalLink": "https://www.sec.gov/Archives/edgar/data/72633/000007263301500005/tenq3q01.txt"
    },
    {
        "date": "2001-04-30",
        "symbol": "NRT",
        "reportedCurrency": "USD",
        "cik": "0000072633",
        "fillingDate": "2001-05-30",
        "acceptedDate": "2001-05-30 00:00:00",
        "calendarYear": "2001",
        "period": "Q2",
        "revenue": 5620983,
        "costOfRevenue": -851287,
        "grossProfit": 6472270,
        "grossProfitRatio": 1.1514480652,
        "researchAndDevelopmentExpenses": 0,
        "generalAndAdministrativeExpenses": 225829,
        "sellingAndMarketingExpenses": 0,
        "sellingGeneralAndAdministrativeExpenses": 225829,
        "otherExpenses": -225829,
        "operatingExpenses": 0,
        "costAndExpenses": -851287,
        "interestIncome": 0,
        "interestExpense": 927707,
        "depreciationAndAmortization": 0,
        "ebitda": 5846812,
        "ebitdaratio": 1.0401760688,
        "operatingIncome": 6472270,
        "operatingIncomeRatio": 1.1514480652,
        "totalOtherIncomeExpensesNet": 0,
        "incomeBeforeTax": 0,
        "incomeBeforeTaxRatio": 0,
        "incomeTaxExpense": 149409,
        "netIncome": 5395154,
        "netIncomeRatio": 0.9598239312,
        "eps": 0.61,
        "epsdiluted": 0.61,
        "weightedAverageShsOut": 8886804,
        "weightedAverageShsOutDil": 8886804,
        "link": "https://www.sec.gov/Archives/edgar/data/72633/000007263301500003/0000072633-01-500003-index.htm",
        "finalLink": "https://www.sec.gov/Archives/edgar/data/72633/000007263301500003/tenq2q01.txt"
    },
    {
        "date": "2001-01-31",
        "symbol": "NRT",
        "reportedCurrency": "USD",
        "cik": "0000072633",
        "fillingDate": "2001-03-13",
        "acceptedDate": "2001-03-13 00:00:00",
        "calendarYear": "2001",
        "period": "Q1",
        "revenue": 6472270,
        "costOfRevenue": 3436903,
        "grossProfit": 3035367,
        "grossProfitRatio": 0.4689802805,
        "researchAndDevelopmentExpenses": 0,
        "generalAndAdministrativeExpenses": 149409,
        "sellingAndMarketingExpenses": 0,
        "sellingGeneralAndAdministrativeExpenses": 149409,
        "otherExpenses": -149409,
        "operatingExpenses": 0,
        "costAndExpenses": 3436903,
        "interestIncome": 0,
        "interestExpense": 0,
        "depreciationAndAmortization": 0,
        "ebitda": 6472270,
        "ebitdaratio": 1,
        "operatingIncome": 3035367,
        "operatingIncomeRatio": 0.4689802805,
        "totalOtherIncomeExpensesNet": 0,
        "incomeBeforeTax": 0,
        "incomeBeforeTaxRatio": 0,
        "incomeTaxExpense": 140596,
        "netIncome": 6322861,
        "netIncomeRatio": 0.976915518,
        "eps": 0.71,
        "epsdiluted": 0.71,
        "weightedAverageShsOut": 8886804,
        "weightedAverageShsOutDil": 8886804,
        "link": "https://www.sec.gov/Archives/edgar/data/72633/000007263301000002/0000072633-01-000002-index.htm",
        "finalLink": "https://www.sec.gov/Archives/edgar/data/72633/000007263301000002/0000072633-01-000002-0001.txt"
    },
    {
        "date": "2000-10-31",
        "symbol": "NRT",
        "reportedCurrency": "USD",
        "cik": "0000072633",
        "fillingDate": "2001-01-10",
        "acceptedDate": "2001-01-10 00:00:00",
        "calendarYear": "2000",
        "period": "Q4",
        "revenue": 3035367,
        "costOfRevenue": -961706,
        "grossProfit": 3997073,
        "grossProfitRatio": 1.3168335163,
        "researchAndDevelopmentExpenses": 0,
        "generalAndAdministrativeExpenses": 140596,
        "sellingAndMarketingExpenses": 0,
        "sellingGeneralAndAdministrativeExpenses": 140596,
        "otherExpenses": -140596,
        "operatingExpenses": 0,
        "costAndExpenses": -961706,
        "interestIncome": 0,
        "interestExpense": 0,
        "depreciationAndAmortization": 0,
        "ebitda": 3035367,
        "ebitdaratio": 1,
        "operatingIncome": 3997073,
        "operatingIncomeRatio": 1.3168335163,
        "totalOtherIncomeExpensesNet": 0,
        "incomeBeforeTax": 0,
        "incomeBeforeTaxRatio": 0,
        "incomeTaxExpense": 131000,
        "netIncome": 2894771,
        "netIncomeRatio": 0.9536807246,
        "eps": 0.44,
        "epsdiluted": 0.44,
        "weightedAverageShsOut": 8886804,
        "weightedAverageShsOutDil": 8886804,
        "link": "https://www.sec.gov/Archives/edgar/data/72633/000007263301000001/0000072633-01-000001-index.htm",
        "finalLink": "https://www.sec.gov/Archives/edgar/data/72633/000007263301000001/0000072633-01-000001-0001.txt"
    },
    {
        "date": "2000-07-31",
        "symbol": "NRT",
        "reportedCurrency": "USD",
        "cik": "0000072633",
        "fillingDate": "2000-08-29",
        "acceptedDate": "2000-08-29 00:00:00",
        "calendarYear": "2000",
        "period": "Q3",
        "revenue": 3997073,
        "costOfRevenue": 292772,
        "grossProfit": 3704301,
        "grossProfitRatio": 0.9267534018,
        "researchAndDevelopmentExpenses": 0,
        "generalAndAdministrativeExpenses": 131000,
        "sellingAndMarketingExpenses": 0,
        "sellingGeneralAndAdministrativeExpenses": 131000,
        "otherExpenses": -131000,
        "operatingExpenses": 0,
        "costAndExpenses": 292772,
        "interestIncome": 0,
        "interestExpense": 0,
        "depreciationAndAmortization": 0,
        "ebitda": 3997073,
        "ebitdaratio": 1,
        "operatingIncome": 3704301,
        "operatingIncomeRatio": 0.9267534018,
        "totalOtherIncomeExpensesNet": 0,
        "incomeBeforeTax": 0,
        "incomeBeforeTaxRatio": 0,
        "incomeTaxExpense": 162889,
        "netIncome": 3866073,
        "netIncomeRatio": 0.9672260176,
        "eps": 0.43,
        "epsdiluted": 0.43,
        "weightedAverageShsOut": 8886804,
        "weightedAverageShsOutDil": 8886804,
        "link": "https://www.sec.gov/Archives/edgar/data/72633/000007263300000010/0000072633-00-000010-index.htm",
        "finalLink": "https://www.sec.gov/Archives/edgar/data/72633/000007263300000010/0000072633-00-000010-0001.txt"
    },
    {
        "date": "2000-04-30",
        "symbol": "NRT",
        "reportedCurrency": "USD",
        "cik": "0000072633",
        "fillingDate": "2000-06-01",
        "acceptedDate": "2000-06-01 00:00:00",
        "calendarYear": "2000",
        "period": "Q2",
        "revenue": 3704301,
        "costOfRevenue": 189554,
        "grossProfit": 3514747,
        "grossProfitRatio": 0.9488286724,
        "researchAndDevelopmentExpenses": 0,
        "generalAndAdministrativeExpenses": 162889,
        "sellingAndMarketingExpenses": 0,
        "sellingGeneralAndAdministrativeExpenses": 162889,
        "otherExpenses": -162889,
        "operatingExpenses": 0,
        "costAndExpenses": 189554,
        "interestIncome": 0,
        "interestExpense": 0,
        "depreciationAndAmortization": 0,
        "ebitda": 3704301,
        "ebitdaratio": 1,
        "operatingIncome": 3514747,
        "operatingIncomeRatio": 0.9488286724,
        "totalOtherIncomeExpensesNet": 0,
        "incomeBeforeTax": 0,
        "incomeBeforeTaxRatio": 0,
        "incomeTaxExpense": 148741,
        "netIncome": 3541412,
        "netIncomeRatio": 0.9560270615,
        "eps": 0.41,
        "epsdiluted": 0.41,
        "weightedAverageShsOut": 8696676,
        "weightedAverageShsOutDil": 8696676,
        "link": "https://www.sec.gov/Archives/edgar/data/72633/000007263300000006/0000072633-00-000006-index.htm",
        "finalLink": "https://www.sec.gov/Archives/edgar/data/72633/000007263300000006/0000072633-00-000006-0001.txt"
    },
    {
        "date": "2000-01-31",
        "symbol": "NRT",
        "reportedCurrency": "USD",
        "cik": "0000072633",
        "fillingDate": "2000-03-14",
        "acceptedDate": "2000-03-14 00:00:00",
        "calendarYear": "2000",
        "period": "Q1",
        "revenue": 3514747,
        "costOfRevenue": 1114747,
        "grossProfit": 2400000,
        "grossProfitRatio": 0.6828371999,
        "researchAndDevelopmentExpenses": 0,
        "generalAndAdministrativeExpenses": 148741,
        "sellingAndMarketingExpenses": 0,
        "sellingGeneralAndAdministrativeExpenses": 148741,
        "otherExpenses": -148741,
        "operatingExpenses": 0,
        "costAndExpenses": 1114747,
        "interestIncome": 0,
        "interestExpense": 0,
        "depreciationAndAmortization": 0,
        "ebitda": 3514747,
        "ebitdaratio": 1,
        "operatingIncome": 2400000,
        "operatingIncomeRatio": 0.6828371999,
        "totalOtherIncomeExpensesNet": 0,
        "incomeBeforeTax": 0,
        "incomeBeforeTaxRatio": 0,
        "incomeTaxExpense": 100000,
        "netIncome": 3366006,
        "netIncomeRatio": 0.95768088,
        "eps": 0.39,
        "epsdiluted": 0.39,
        "weightedAverageShsOut": 8696676,
        "weightedAverageShsOutDil": 8696676,
        "link": "https://www.sec.gov/Archives/edgar/data/72633/000007263300000004/0000072633-00-000004-index.html",
        "finalLink": "https://www.sec.gov/Archives/edgar/data/72633/000007263300000004/"
    },
    {
        "date": "1999-10-31",
        "symbol": "NRT",
        "reportedCurrency": "USD",
        "cik": "0000072633",
        "fillingDate": "2000-01-12",
        "acceptedDate": "2000-01-12 00:00:00",
        "calendarYear": "1999",
        "period": "Q4",
        "revenue": 2400000,
        "costOfRevenue": 100000,
        "grossProfit": 2300000,
        "grossProfitRatio": 0.9583333333,
        "researchAndDevelopmentExpenses": 0,
        "generalAndAdministrativeExpenses": 200000,
        "sellingAndMarketingExpenses": 0,
        "sellingGeneralAndAdministrativeExpenses": 200000,
        "otherExpenses": -200000,
        "operatingExpenses": 0,
        "costAndExpenses": 100000,
        "interestIncome": 0,
        "interestExpense": 0,
        "depreciationAndAmortization": 0,
        "ebitda": 2400000,
        "ebitdaratio": 1,
        "operatingIncome": 2300000,
        "operatingIncomeRatio": 0.9583333333,
        "totalOtherIncomeExpensesNet": 0,
        "incomeBeforeTax": 0,
        "incomeBeforeTaxRatio": 0,
        "incomeTaxExpense": 100000,
        "netIncome": 2300000,
        "netIncomeRatio": 0.9583333333,
        "eps": 0.25,
        "epsdiluted": 0.25,
        "weightedAverageShsOut": 8697000,
        "weightedAverageShsOutDil": 8697000,
        "link": "https://www.sec.gov/Archives/edgar/data/72633/000007263300000002/0000072633-00-000002-index.htm",
        "finalLink": "https://www.sec.gov/Archives/edgar/data/72633/000007263300000002/"
    },
    {
        "date": "1999-07-31",
        "symbol": "NRT",
        "reportedCurrency": "USD",
        "cik": "0000072633",
        "fillingDate": "1999-09-09",
        "acceptedDate": "1999-09-09 00:00:00",
        "calendarYear": "1999",
        "period": "Q3",
        "revenue": 2300000,
        "costOfRevenue": -500000,
        "grossProfit": 2800000,
        "grossProfitRatio": 1.2173913043,
        "researchAndDevelopmentExpenses": 0,
        "generalAndAdministrativeExpenses": 100000,
        "sellingAndMarketingExpenses": 0,
        "sellingGeneralAndAdministrativeExpenses": 100000,
        "otherExpenses": -100000,
        "operatingExpenses": 0,
        "costAndExpenses": -500000,
        "interestIncome": 0,
        "interestExpense": 400000,
        "depreciationAndAmortization": 0,
        "ebitda": 2300000,
        "ebitdaratio": 1,
        "operatingIncome": 2800000,
        "operatingIncomeRatio": 1.2173913043,
        "totalOtherIncomeExpensesNet": 0,
        "incomeBeforeTax": 0,
        "incomeBeforeTaxRatio": 0,
        "incomeTaxExpense": 200000,
        "netIncome": 2200000,
        "netIncomeRatio": 0.9565217391,
        "eps": 0.25,
        "epsdiluted": 0.25,
        "weightedAverageShsOut": 8697000,
        "weightedAverageShsOutDil": 8697000,
        "link": "https://www.sec.gov/Archives/edgar/data/72633/000007263399000009/0000072633-99-000009-index.htm",
        "finalLink": "https://www.sec.gov/Archives/edgar/data/72633/000007263399000009/"
    },
    {
        "date": "1999-04-30",
        "symbol": "NRT",
        "reportedCurrency": "USD",
        "cik": "0000072633",
        "fillingDate": "1999-06-08",
        "acceptedDate": "1999-06-08 00:00:00",
        "calendarYear": "1999",
        "period": "Q2",
        "revenue": 2800000,
        "costOfRevenue": -500000,
        "grossProfit": 3300000,
        "grossProfitRatio": 1.1785714286,
        "researchAndDevelopmentExpenses": 0,
        "generalAndAdministrativeExpenses": 200000,
        "sellingAndMarketingExpenses": 0,
        "sellingGeneralAndAdministrativeExpenses": 200000,
        "otherExpenses": -200000,
        "operatingExpenses": 0,
        "costAndExpenses": -500000,
        "interestIncome": 0,
        "interestExpense": 500000,
        "depreciationAndAmortization": 0,
        "ebitda": 2800000,
        "ebitdaratio": 1,
        "operatingIncome": 3300000,
        "operatingIncomeRatio": 1.1785714286,
        "totalOtherIncomeExpensesNet": 0,
        "incomeBeforeTax": 0,
        "incomeBeforeTaxRatio": 0,
        "incomeTaxExpense": 200000,
        "netIncome": 2600000,
        "netIncomeRatio": 0.9285714286,
        "eps": 0.3,
        "epsdiluted": 0.3,
        "weightedAverageShsOut": 8696000,
        "weightedAverageShsOutDil": 8696000,
        "link": "https://www.sec.gov/Archives/edgar/data/72633/000007263399000007/0000072633-99-000007-index.htm",
        "finalLink": "https://www.sec.gov/Archives/edgar/data/72633/000007263399000007/"
    },
    {
        "date": "1999-01-31",
        "symbol": "NRT",
        "reportedCurrency": "USD",
        "cik": "0000072633",
        "fillingDate": "1999-03-10",
        "acceptedDate": "1999-03-10 00:00:00",
        "calendarYear": "1999",
        "period": "Q1",
        "revenue": 3300000,
        "costOfRevenue": 400000,
        "grossProfit": 2900000,
        "grossProfitRatio": 0.8787878788,
        "researchAndDevelopmentExpenses": 0,
        "generalAndAdministrativeExpenses": 200000,
        "sellingAndMarketingExpenses": 0,
        "sellingGeneralAndAdministrativeExpenses": 200000,
        "otherExpenses": -200000,
        "operatingExpenses": 0,
        "costAndExpenses": 400000,
        "interestIncome": 0,
        "interestExpense": 0,
        "depreciationAndAmortization": 0,
        "ebitda": 3300000,
        "ebitdaratio": 1,
        "operatingIncome": 2900000,
        "operatingIncomeRatio": 0.8787878788,
        "totalOtherIncomeExpensesNet": 0,
        "incomeBeforeTax": 0,
        "incomeBeforeTaxRatio": 0,
        "incomeTaxExpense": 200000,
        "netIncome": 3100000,
        "netIncomeRatio": 0.9393939394,
        "eps": 0.36,
        "epsdiluted": 0.36,
        "weightedAverageShsOut": 8696000,
        "weightedAverageShsOutDil": 8696000,
        "link": "https://www.sec.gov/Archives/edgar/data/72633/000007263399000005/0000072633-99-000005-index.htm",
        "finalLink": "https://www.sec.gov/Archives/edgar/data/72633/"
    },
    {
        "date": "1998-10-31",
        "symbol": "NRT",
        "reportedCurrency": "USD",
        "cik": "0000072633",
        "fillingDate": "1999-01-13",
        "acceptedDate": "1999-01-13 00:00:00",
        "calendarYear": "1998",
        "period": "Q4",
        "revenue": 2900000,
        "costOfRevenue": -900000,
        "grossProfit": 3800000,
        "grossProfitRatio": 1.3103448276,
        "researchAndDevelopmentExpenses": 0,
        "generalAndAdministrativeExpenses": 200000,
        "sellingAndMarketingExpenses": 0,
        "sellingGeneralAndAdministrativeExpenses": 200000,
        "otherExpenses": -200000,
        "operatingExpenses": 0,
        "costAndExpenses": -900000,
        "interestIncome": 0,
        "interestExpense": 0,
        "depreciationAndAmortization": 0,
        "ebitda": 2900000,
        "ebitdaratio": 1,
        "operatingIncome": 3800000,
        "operatingIncomeRatio": 1.3103448276,
        "totalOtherIncomeExpensesNet": 0,
        "incomeBeforeTax": 0,
        "incomeBeforeTaxRatio": 0,
        "incomeTaxExpense": 100000,
        "netIncome": 2700000,
        "netIncomeRatio": 0.9310344828,
        "eps": 0.43,
        "epsdiluted": 0.43,
        "weightedAverageShsOut": 8696000,
        "weightedAverageShsOutDil": 8696000,
        "link": "https://www.sec.gov/Archives/edgar/data/72633/000007263399000002/0000072633-99-000002-index.htm",
        "finalLink": "https://www.sec.gov/Archives/edgar/data/72633/"
    },
    {
        "date": "1998-07-31",
        "symbol": "NRT",
        "reportedCurrency": "USD",
        "cik": "0000072633",
        "fillingDate": "1998-09-10",
        "acceptedDate": "1998-09-10 00:00:00",
        "calendarYear": "1998",
        "period": "Q3",
        "revenue": 3800000,
        "costOfRevenue": 300000,
        "grossProfit": 3500000,
        "grossProfitRatio": 0.9210526316,
        "researchAndDevelopmentExpenses": 0,
        "generalAndAdministrativeExpenses": 100000,
        "sellingAndMarketingExpenses": 0,
        "sellingGeneralAndAdministrativeExpenses": 100000,
        "otherExpenses": -100000,
        "operatingExpenses": 0,
        "costAndExpenses": 300000,
        "interestIncome": 0,
        "interestExpense": 0,
        "depreciationAndAmortization": 0,
        "ebitda": 3800000,
        "ebitdaratio": 1,
        "operatingIncome": 3500000,
        "operatingIncomeRatio": 0.9210526316,
        "totalOtherIncomeExpensesNet": 0,
        "incomeBeforeTax": 0,
        "incomeBeforeTaxRatio": 0,
        "incomeTaxExpense": 100000,
        "netIncome": 3700000,
        "netIncomeRatio": 0.9736842105,
        "eps": 0.42,
        "epsdiluted": 0.42,
        "weightedAverageShsOut": 8696000,
        "weightedAverageShsOutDil": 8696000,
        "link": "https://www.sec.gov/Archives/edgar/data/72633/000007263398000006/0000072633-98-000006-index.htm",
        "finalLink": "https://www.sec.gov/Archives/edgar/data/72633/"
    },
    {
        "date": "1998-04-30",
        "symbol": "NRT",
        "reportedCurrency": "USD",
        "cik": "0000072633",
        "fillingDate": "1998-06-04",
        "acceptedDate": "1998-06-04 00:00:00",
        "calendarYear": "1998",
        "period": "Q2",
        "revenue": 3500000,
        "costOfRevenue": -300000,
        "grossProfit": 3800000,
        "grossProfitRatio": 1.0857142857,
        "researchAndDevelopmentExpenses": 0,
        "generalAndAdministrativeExpenses": 200000,
        "sellingAndMarketingExpenses": 0,
        "sellingGeneralAndAdministrativeExpenses": 200000,
        "otherExpenses": -200000,
        "operatingExpenses": 0,
        "costAndExpenses": -300000,
        "interestIncome": 0,
        "interestExpense": 300000,
        "depreciationAndAmortization": 0,
        "ebitda": 3500000,
        "ebitdaratio": 1,
        "operatingIncome": 3800000,
        "operatingIncomeRatio": 1.0857142857,
        "totalOtherIncomeExpensesNet": 0,
        "incomeBeforeTax": 0,
        "incomeBeforeTaxRatio": 0,
        "incomeTaxExpense": 100000,
        "netIncome": 3400000,
        "netIncomeRatio": 0.9714285714,
        "eps": 0.39,
        "epsdiluted": 0.39,
        "weightedAverageShsOut": 8696000,
        "weightedAverageShsOutDil": 8696000,
        "link": "https://www.sec.gov/Archives/edgar/data/72633/000007263398000005/0000072633-98-000005-index.htm",
        "finalLink": "https://www.sec.gov/Archives/edgar/data/72633/"
    },
    {
        "date": "1998-01-31",
        "symbol": "NRT",
        "reportedCurrency": "USD",
        "cik": "0000072633",
        "fillingDate": "1998-03-13",
        "acceptedDate": "1998-03-13 00:00:00",
        "calendarYear": "1998",
        "period": "Q1",
        "revenue": 3800000,
        "costOfRevenue": 600000,
        "grossProfit": 3200000,
        "grossProfitRatio": 0.8421052632,
        "researchAndDevelopmentExpenses": 0,
        "generalAndAdministrativeExpenses": 100000,
        "sellingAndMarketingExpenses": 0,
        "sellingGeneralAndAdministrativeExpenses": 100000,
        "otherExpenses": -100000,
        "operatingExpenses": 0,
        "costAndExpenses": 600000,
        "interestIncome": 0,
        "interestExpense": 0,
        "depreciationAndAmortization": 0,
        "ebitda": 3800000,
        "ebitdaratio": 1,
        "operatingIncome": 3200000,
        "operatingIncomeRatio": 0.8421052632,
        "totalOtherIncomeExpensesNet": 0,
        "incomeBeforeTax": 0,
        "incomeBeforeTaxRatio": 0,
        "incomeTaxExpense": 100000,
        "netIncome": 3700000,
        "netIncomeRatio": 0.9736842105,
        "eps": 0.42,
        "epsdiluted": 0.42,
        "weightedAverageShsOut": 8696000,
        "weightedAverageShsOutDil": 8696000,
        "link": "https://www.sec.gov/Archives/edgar/data/72633/000007263398000003/0000072633-98-000003-index.html",
        "finalLink": "https://www.sec.gov/Archives/edgar/data/72633/"
    },
    {
        "date": "1997-10-31",
        "symbol": "NRT",
        "reportedCurrency": "USD",
        "cik": "0000072633",
        "fillingDate": "1998-01-13",
        "acceptedDate": "1998-01-13 00:00:00",
        "calendarYear": "1997",
        "period": "Q4",
        "revenue": 3200000,
        "costOfRevenue": 0,
        "grossProfit": 3200000,
        "grossProfitRatio": 1,
        "researchAndDevelopmentExpenses": 0,
        "generalAndAdministrativeExpenses": 200000,
        "sellingAndMarketingExpenses": 0,
        "sellingGeneralAndAdministrativeExpenses": 200000,
        "otherExpenses": -200000,
        "operatingExpenses": 0,
        "costAndExpenses": 0,
        "interestIncome": 0,
        "interestExpense": 0,
        "depreciationAndAmortization": 0,
        "ebitda": 3200000,
        "ebitdaratio": 1,
        "operatingIncome": 3200000,
        "operatingIncomeRatio": 1,
        "totalOtherIncomeExpensesNet": 0,
        "incomeBeforeTax": 0,
        "incomeBeforeTaxRatio": 0,
        "incomeTaxExpense": 100000,
        "netIncome": 3100000,
        "netIncomeRatio": 0.96875,
        "eps": 0.35,
        "epsdiluted": 0.35,
        "weightedAverageShsOut": 8696000,
        "weightedAverageShsOutDil": 8696000,
        "link": "https://www.sec.gov/Archives/edgar/data/72633/000007263398000001/0000072633-98-000001-index.htm",
        "finalLink": "https://www.sec.gov/Archives/edgar/data/72633/"
    },
    {
        "date": "1997-07-31",
        "symbol": "NRT",
        "reportedCurrency": "USD",
        "cik": "0000072633",
        "fillingDate": "1997-09-10",
        "acceptedDate": "1997-09-10 00:00:00",
        "calendarYear": "1997",
        "period": "Q3",
        "revenue": 3200000,
        "costOfRevenue": -300000,
        "grossProfit": 3500000,
        "grossProfitRatio": 1.09375,
        "researchAndDevelopmentExpenses": 0,
        "generalAndAdministrativeExpenses": 100000,
        "sellingAndMarketingExpenses": 0,
        "sellingGeneralAndAdministrativeExpenses": 100000,
        "otherExpenses": -100000,
        "operatingExpenses": 0,
        "costAndExpenses": -300000,
        "interestIncome": 0,
        "interestExpense": 300000,
        "depreciationAndAmortization": 0,
        "ebitda": 3200000,
        "ebitdaratio": 1,
        "operatingIncome": 3500000,
        "operatingIncomeRatio": 1.09375,
        "totalOtherIncomeExpensesNet": 0,
        "incomeBeforeTax": 0,
        "incomeBeforeTaxRatio": 0,
        "incomeTaxExpense": 100000,
        "netIncome": 3100000,
        "netIncomeRatio": 0.96875,
        "eps": 0.35,
        "epsdiluted": 0.35,
        "weightedAverageShsOut": 8696000,
        "weightedAverageShsOutDil": 8696000,
        "link": "https://www.sec.gov/Archives/edgar/data/72633/000007263397000009/0000072633-97-000009-index.htm",
        "finalLink": "https://www.sec.gov/Archives/edgar/data/72633/"
    },
    {
        "date": "1997-04-30",
        "symbol": "NRT",
        "reportedCurrency": "USD",
        "cik": "0000072633",
        "fillingDate": "1997-06-11",
        "acceptedDate": "1997-06-11 00:00:00",
        "calendarYear": "1997",
        "period": "Q2",
        "revenue": 3500000,
        "costOfRevenue": -300000,
        "grossProfit": 3800000,
        "grossProfitRatio": 1.0857142857,
        "researchAndDevelopmentExpenses": 0,
        "generalAndAdministrativeExpenses": 100000,
        "sellingAndMarketingExpenses": 0,
        "sellingGeneralAndAdministrativeExpenses": 100000,
        "otherExpenses": -100000,
        "operatingExpenses": 0,
        "costAndExpenses": -300000,
        "interestIncome": 0,
        "interestExpense": 200000,
        "depreciationAndAmortization": 0,
        "ebitda": 3500000,
        "ebitdaratio": 1,
        "operatingIncome": 3800000,
        "operatingIncomeRatio": 1.0857142857,
        "totalOtherIncomeExpensesNet": 0,
        "incomeBeforeTax": 0,
        "incomeBeforeTaxRatio": 0,
        "incomeTaxExpense": 200000,
        "netIncome": 3400000,
        "netIncomeRatio": 0.9714285714,
        "eps": 0.39,
        "epsdiluted": 0.39,
        "weightedAverageShsOut": 8696000,
        "weightedAverageShsOutDil": 8696000,
        "link": "https://www.sec.gov/Archives/edgar/data/72633/000007263397000007/0000072633-97-000007-index.htm",
        "finalLink": "https://www.sec.gov/Archives/edgar/data/72633/"
    },
    {
        "date": "1997-01-31",
        "symbol": "NRT",
        "reportedCurrency": "USD",
        "cik": "0000072633",
        "fillingDate": "1997-03-07",
        "acceptedDate": "1997-03-07 00:00:00",
        "calendarYear": "1997",
        "period": "Q1",
        "revenue": 3800000,
        "costOfRevenue": 1300000,
        "grossProfit": 2500000,
        "grossProfitRatio": 0.6578947368,
        "researchAndDevelopmentExpenses": 0,
        "generalAndAdministrativeExpenses": 300000,
        "sellingAndMarketingExpenses": 0,
        "sellingGeneralAndAdministrativeExpenses": 300000,
        "otherExpenses": -300000,
        "operatingExpenses": 0,
        "costAndExpenses": 1300000,
        "interestIncome": 0,
        "interestExpense": 2500000,
        "depreciationAndAmortization": 0,
        "ebitda": 3800000,
        "ebitdaratio": 1,
        "operatingIncome": 2500000,
        "operatingIncomeRatio": 0.6578947368,
        "totalOtherIncomeExpensesNet": 0,
        "incomeBeforeTax": 0,
        "incomeBeforeTaxRatio": 0,
        "incomeTaxExpense": -2500000,
        "netIncome": 3600000,
        "netIncomeRatio": 0.9473684211,
        "eps": 0.41,
        "epsdiluted": 0.41,
        "weightedAverageShsOut": 8696000,
        "weightedAverageShsOutDil": 8696000,
        "link": "https://www.sec.gov/Archives/edgar/data/72633/000007263397000005/0000072633-97-000005-index.htm",
        "finalLink": "https://www.sec.gov/Archives/edgar/data/72633/0000072633-97-000005.txt"
    },
    {
        "date": "1996-10-31",
        "symbol": "NRT",
        "reportedCurrency": "USD",
        "cik": "0000072633",
        "fillingDate": "1997-01-15",
        "acceptedDate": "1997-01-15 00:00:00",
        "calendarYear": "1996",
        "period": "Q4",
        "revenue": 2500000,
        "costOfRevenue": 700000,
        "grossProfit": 1800000,
        "grossProfitRatio": 0.72,
        "researchAndDevelopmentExpenses": 0,
        "generalAndAdministrativeExpenses": 100000,
        "sellingAndMarketingExpenses": 0,
        "sellingGeneralAndAdministrativeExpenses": 100000,
        "otherExpenses": -100000,
        "operatingExpenses": 0,
        "costAndExpenses": 700000,
        "interestIncome": 0,
        "interestExpense": 0,
        "depreciationAndAmortization": 0,
        "ebitda": 2500000,
        "ebitdaratio": 1,
        "operatingIncome": 1800000,
        "operatingIncomeRatio": 0.72,
        "totalOtherIncomeExpensesNet": 0,
        "incomeBeforeTax": 0,
        "incomeBeforeTaxRatio": 0,
        "incomeTaxExpense": 100000,
        "netIncome": 2500000,
        "netIncomeRatio": 1,
        "eps": 0.2,
        "epsdiluted": 0.2,
        "weightedAverageShsOut": 8696000,
        "weightedAverageShsOutDil": 8696000,
        "link": "https://www.sec.gov/Archives/edgar/data/72633/000007263397000002/0000072633-97-000002-index.htm",
        "finalLink": "https://www.sec.gov/Archives/edgar/data/72633/"
    },
    {
        "date": "1996-07-31",
        "symbol": "NRT",
        "reportedCurrency": "USD",
        "cik": "0000072633",
        "fillingDate": "1996-08-30",
        "acceptedDate": "1996-08-30 00:00:00",
        "calendarYear": "1996",
        "period": "Q3",
        "revenue": 1800000,
        "costOfRevenue": -900000,
        "grossProfit": 2700000,
        "grossProfitRatio": 1.5,
        "researchAndDevelopmentExpenses": 0,
        "generalAndAdministrativeExpenses": 100000,
        "sellingAndMarketingExpenses": 0,
        "sellingGeneralAndAdministrativeExpenses": 100000,
        "otherExpenses": -100000,
        "operatingExpenses": 0,
        "costAndExpenses": -900000,
        "interestIncome": 0,
        "interestExpense": 0,
        "depreciationAndAmortization": 0,
        "ebitda": 1800000,
        "ebitdaratio": 1,
        "operatingIncome": 2700000,
        "operatingIncomeRatio": 1.5,
        "totalOtherIncomeExpensesNet": 0,
        "incomeBeforeTax": 0,
        "incomeBeforeTaxRatio": 0,
        "incomeTaxExpense": 200000,
        "netIncome": 1700000,
        "netIncomeRatio": 0.9444444444,
        "eps": 0.19,
        "epsdiluted": 0.19,
        "weightedAverageShsOut": 8696000,
        "weightedAverageShsOutDil": 8696000,
        "link": "https://www.sec.gov/Archives/edgar/data/72633/000007263396000012/0000072633-96-000012-index.htm",
        "finalLink": "https://www.sec.gov/Archives/edgar/data/72633/"
    },
    {
        "date": "1996-04-30",
        "symbol": "NRT",
        "reportedCurrency": "USD",
        "cik": "0000072633",
        "fillingDate": "1996-06-13",
        "acceptedDate": "1996-06-13 00:00:00",
        "calendarYear": "1996",
        "period": "Q2",
        "revenue": 2700000,
        "costOfRevenue": -9418,
        "grossProfit": 2709418,
        "grossProfitRatio": 1.0034881481,
        "researchAndDevelopmentExpenses": 0,
        "generalAndAdministrativeExpenses": 200000,
        "sellingAndMarketingExpenses": 0,
        "sellingGeneralAndAdministrativeExpenses": 200000,
        "otherExpenses": -200000,
        "operatingExpenses": 0,
        "costAndExpenses": -9418,
        "interestIncome": 0,
        "interestExpense": 0,
        "depreciationAndAmortization": 0,
        "ebitda": 2700000,
        "ebitdaratio": 1,
        "operatingIncome": 2709418,
        "operatingIncomeRatio": 1.0034881481,
        "totalOtherIncomeExpensesNet": 0,
        "incomeBeforeTax": 0,
        "incomeBeforeTaxRatio": 0,
        "incomeTaxExpense": 243157,
        "netIncome": 2500000,
        "netIncomeRatio": 0.9259259259,
        "eps": 0.29,
        "epsdiluted": 0.29,
        "weightedAverageShsOut": 8695000,
        "weightedAverageShsOutDil": 8695000,
        "link": "https://www.sec.gov/Archives/edgar/data/72633/000007263396000010/0000072633-96-000010-index.htm",
        "finalLink": "https://www.sec.gov/Archives/edgar/data/72633/"
    },
    {
        "date": "1996-01-31",
        "symbol": "NRT",
        "reportedCurrency": "USD",
        "cik": "0000072633",
        "fillingDate": "1996-03-13",
        "acceptedDate": "1996-03-13 00:00:00",
        "calendarYear": "1996",
        "period": "Q1",
        "revenue": 2709418,
        "costOfRevenue": -290582,
        "grossProfit": 3000000,
        "grossProfitRatio": 1.107248863,
        "researchAndDevelopmentExpenses": 0,
        "generalAndAdministrativeExpenses": 243157,
        "sellingAndMarketingExpenses": 0,
        "sellingGeneralAndAdministrativeExpenses": 243157,
        "otherExpenses": -100000,
        "operatingExpenses": -100000,
        "costAndExpenses": -100000,
        "interestIncome": 0,
        "interestExpense": 433739,
        "depreciationAndAmortization": 0,
        "ebitda": 2709418,
        "ebitdaratio": 1,
        "operatingIncome": 3100000,
        "operatingIncomeRatio": 1.1441571585,
        "totalOtherIncomeExpensesNet": 0,
        "incomeBeforeTax": 0,
        "incomeBeforeTaxRatio": 0,
        "incomeTaxExpense": 200000,
        "netIncome": 2466261,
        "netIncomeRatio": 0.9102548961,
        "eps": 0.3,
        "epsdiluted": 0.3,
        "weightedAverageShsOut": 8314842,
        "weightedAverageShsOutDil": 8314842,
        "link": "https://www.sec.gov/Archives/edgar/data/72633/000007263396000008/0000072633-96-000008-index.htm",
        "finalLink": "https://www.sec.gov/Archives/edgar/data/72633/"
    },
    {
        "date": "1995-10-31",
        "symbol": "NRT",
        "reportedCurrency": "USD",
        "cik": "0000072633",
        "fillingDate": "1996-01-22",
        "acceptedDate": "1996-01-22 00:00:00",
        "calendarYear": "1995",
        "period": "Q4",
        "revenue": 3000000,
        "costOfRevenue": -100000,
        "grossProfit": 3100000,
        "grossProfitRatio": 1.0333333333,
        "researchAndDevelopmentExpenses": 0,
        "generalAndAdministrativeExpenses": 0,
        "sellingAndMarketingExpenses": 0,
        "sellingGeneralAndAdministrativeExpenses": 0,
        "otherExpenses": -100000,
        "operatingExpenses": -100000,
        "costAndExpenses": -100000,
        "interestIncome": 0,
        "interestExpense": 100000,
        "depreciationAndAmortization": 0,
        "ebitda": 3100000,
        "ebitdaratio": 1.0333333333,
        "operatingIncome": 3200000,
        "operatingIncomeRatio": 1.0666666667,
        "totalOtherIncomeExpensesNet": 0,
        "incomeBeforeTax": 0,
        "incomeBeforeTaxRatio": 0,
        "incomeTaxExpense": 200000,
        "netIncome": 2900000,
        "netIncomeRatio": 0.9666666667,
        "eps": 0.35,
        "epsdiluted": 0.35,
        "weightedAverageShsOut": 8286713,
        "weightedAverageShsOutDil": 8571429,
        "link": "https://www.sec.gov/Archives/edgar/data/72633/000007263396000004/0000072633-96-000004-index.htm",
        "finalLink": "https://www.sec.gov/Archives/edgar/data/72633/"
    },
    {
        "date": "1995-07-31",
        "symbol": "NRT",
        "reportedCurrency": "USD",
        "cik": "0000072633",
        "fillingDate": "1995-12-04",
        "acceptedDate": "1995-12-04 00:00:00",
        "calendarYear": "1995",
        "period": "Q3",
        "revenue": 3100000,
        "costOfRevenue": -100000,
        "grossProfit": 3200000,
        "grossProfitRatio": 1.0322580645,
        "researchAndDevelopmentExpenses": 0,
        "generalAndAdministrativeExpenses": 0,
        "sellingAndMarketingExpenses": 0,
        "sellingGeneralAndAdministrativeExpenses": 0,
        "otherExpenses": -100000,
        "operatingExpenses": -100000,
        "costAndExpenses": -100000,
        "interestIncome": 0,
        "interestExpense": 0,
        "depreciationAndAmortization": 0,
        "ebitda": 3200000,
        "ebitdaratio": 1.0322580645,
        "operatingIncome": 3200000,
        "operatingIncomeRatio": 1.0322580645,
        "totalOtherIncomeExpensesNet": 0,
        "incomeBeforeTax": 0,
        "incomeBeforeTaxRatio": 0,
        "incomeTaxExpense": 200000,
        "netIncome": 3000000,
        "netIncomeRatio": 0.9677419355,
        "eps": 0.35,
        "epsdiluted": 0.35,
        "weightedAverageShsOut": 8571429,
        "weightedAverageShsOutDil": 8571429,
        "link": "https://www.sec.gov/Archives/edgar/data/72633/000007263395000005/0000072633-95-000005-index.htm",
        "finalLink": "https://www.sec.gov/Archives/edgar/data/72633/0000072633-95-000005.txt"
    },
    {
        "date": "1995-04-30",
        "symbol": "NRT",
        "reportedCurrency": "USD",
        "cik": "0000072633",
        "fillingDate": "1995-04-30",
        "acceptedDate": "1995-04-29 20:00:00",
        "calendarYear": "1995",
        "period": "Q2",
        "revenue": 3200000,
        "costOfRevenue": 0,
        "grossProfit": 3200000,
        "grossProfitRatio": 1,
        "researchAndDevelopmentExpenses": 0,
        "generalAndAdministrativeExpenses": 0,
        "sellingAndMarketingExpenses": 0,
        "sellingGeneralAndAdministrativeExpenses": 0,
        "otherExpenses": 0,
        "operatingExpenses": 0,
        "costAndExpenses": 0,
        "interestIncome": 0,
        "interestExpense": 0,
        "depreciationAndAmortization": 0,
        "ebitda": 3200000,
        "ebitdaratio": 1,
        "operatingIncome": 3200000,
        "operatingIncomeRatio": 1,
        "totalOtherIncomeExpensesNet": -3200000,
        "incomeBeforeTax": 0,
        "incomeBeforeTaxRatio": 0,
        "incomeTaxExpense": -3000000,
        "netIncome": 3000000,
        "netIncomeRatio": 0.9375,
        "eps": 0.37,
        "epsdiluted": 0.37,
        "weightedAverageShsOut": 8108108,
        "weightedAverageShsOutDil": 8108108,
        "link": null,
        "finalLink": null
    },
    {
        "date": "1995-01-31",
        "symbol": "NRT",
        "reportedCurrency": "USD",
        "cik": "0000072633",
        "fillingDate": "1995-01-31",
        "acceptedDate": "1995-01-30 19:00:00",
        "calendarYear": "1995",
        "period": "Q1",
        "revenue": 3200000,
        "costOfRevenue": 0,
        "grossProfit": 3200000,
        "grossProfitRatio": 1,
        "researchAndDevelopmentExpenses": 0,
        "generalAndAdministrativeExpenses": 0,
        "sellingAndMarketingExpenses": 0,
        "sellingGeneralAndAdministrativeExpenses": 0,
        "otherExpenses": 0,
        "operatingExpenses": 0,
        "costAndExpenses": 0,
        "interestIncome": 0,
        "interestExpense": 0,
        "depreciationAndAmortization": 0,
        "ebitda": 3200000,
        "ebitdaratio": 1,
        "operatingIncome": 3200000,
        "operatingIncomeRatio": 1,
        "totalOtherIncomeExpensesNet": -3200000,
        "incomeBeforeTax": 0,
        "incomeBeforeTaxRatio": 0,
        "incomeTaxExpense": -3000000,
        "netIncome": 3000000,
        "netIncomeRatio": 0.9375,
        "eps": 0.37,
        "epsdiluted": 0.37,
        "weightedAverageShsOut": 8108108,
        "weightedAverageShsOutDil": 8108108,
        "link": null,
        "finalLink": null
    },
    {
        "date": "1994-10-31",
        "symbol": "NRT",
        "reportedCurrency": "USD",
        "cik": "0000072633",
        "fillingDate": "1994-10-31",
        "acceptedDate": "1994-10-31 00:00:00",
        "calendarYear": "1994",
        "period": "Q4",
        "revenue": 2000000,
        "costOfRevenue": 0,
        "grossProfit": 2000000,
        "grossProfitRatio": 1,
        "researchAndDevelopmentExpenses": 0,
        "generalAndAdministrativeExpenses": 0,
        "sellingAndMarketingExpenses": 0,
        "sellingGeneralAndAdministrativeExpenses": 0,
        "otherExpenses": -100000,
        "operatingExpenses": -100000,
        "costAndExpenses": -100000,
        "interestIncome": 0,
        "interestExpense": 0,
        "depreciationAndAmortization": 0,
        "ebitda": 2100000,
        "ebitdaratio": 1.05,
        "operatingIncome": 2100000,
        "operatingIncomeRatio": 1.05,
        "totalOtherIncomeExpensesNet": -2100000,
        "incomeBeforeTax": 0,
        "incomeBeforeTaxRatio": 0,
        "incomeTaxExpense": -1800000,
        "netIncome": 1800000,
        "netIncomeRatio": 0.9,
        "eps": 0.22,
        "epsdiluted": 0.22,
        "weightedAverageShsOut": 8207547,
        "weightedAverageShsOutDil": 8207547,
        "link": null,
        "finalLink": null
    },
    {
        "date": "1994-07-31",
        "symbol": "NRT",
        "reportedCurrency": "USD",
        "cik": "0000072633",
        "fillingDate": "1994-07-31",
        "acceptedDate": "1994-07-30 20:00:00",
        "calendarYear": "1994",
        "period": "Q3",
        "revenue": 1800000,
        "costOfRevenue": 0,
        "grossProfit": 1800000,
        "grossProfitRatio": 1,
        "researchAndDevelopmentExpenses": 0,
        "generalAndAdministrativeExpenses": 0,
        "sellingAndMarketingExpenses": 0,
        "sellingGeneralAndAdministrativeExpenses": 0,
        "otherExpenses": -200000,
        "operatingExpenses": -200000,
        "costAndExpenses": -200000,
        "interestIncome": 0,
        "interestExpense": 0,
        "depreciationAndAmortization": 0,
        "ebitda": 2000000,
        "ebitdaratio": 1.1111111111,
        "operatingIncome": 2000000,
        "operatingIncomeRatio": 1.1111111111,
        "totalOtherIncomeExpensesNet": -2000000,
        "incomeBeforeTax": 0,
        "incomeBeforeTaxRatio": 0,
        "incomeTaxExpense": -1700000,
        "netIncome": 1700000,
        "netIncomeRatio": 0.9444444444,
        "eps": 0.2,
        "epsdiluted": 0.2,
        "weightedAverageShsOut": 8500000,
        "weightedAverageShsOutDil": 8500000,
        "link": null,
        "finalLink": null
    },
    {
        "date": "1994-04-30",
        "symbol": "NRT",
        "reportedCurrency": "USD",
        "cik": "0000072633",
        "fillingDate": "1994-04-30",
        "acceptedDate": "1994-04-29 20:00:00",
        "calendarYear": "1994",
        "period": "Q2",
        "revenue": 3100000,
        "costOfRevenue": 0,
        "grossProfit": 3100000,
        "grossProfitRatio": 1,
        "researchAndDevelopmentExpenses": 0,
        "generalAndAdministrativeExpenses": 0,
        "sellingAndMarketingExpenses": 0,
        "sellingGeneralAndAdministrativeExpenses": 0,
        "otherExpenses": 0,
        "operatingExpenses": 0,
        "costAndExpenses": 0,
        "interestIncome": 0,
        "interestExpense": 0,
        "depreciationAndAmortization": 0,
        "ebitda": 3100000,
        "ebitdaratio": 1,
        "operatingIncome": 3100000,
        "operatingIncomeRatio": 1,
        "totalOtherIncomeExpensesNet": -3100000,
        "incomeBeforeTax": 0,
        "incomeBeforeTaxRatio": 0,
        "incomeTaxExpense": -3000000,
        "netIncome": 3000000,
        "netIncomeRatio": 0.9677419355,
        "eps": 0.36,
        "epsdiluted": 0.36,
        "weightedAverageShsOut": 8333333,
        "weightedAverageShsOutDil": 8333333,
        "link": null,
        "finalLink": null
    },
    {
        "date": "1994-01-31",
        "symbol": "NRT",
        "reportedCurrency": "USD",
        "cik": "0000072633",
        "fillingDate": "1994-01-31",
        "acceptedDate": "1994-01-30 19:00:00",
        "calendarYear": "1994",
        "period": "Q1",
        "revenue": 2600000,
        "costOfRevenue": 0,
        "grossProfit": 2600000,
        "grossProfitRatio": 1,
        "researchAndDevelopmentExpenses": 0,
        "generalAndAdministrativeExpenses": 0,
        "sellingAndMarketingExpenses": 0,
        "sellingGeneralAndAdministrativeExpenses": 0,
        "otherExpenses": 0,
        "operatingExpenses": 0,
        "costAndExpenses": 0,
        "interestIncome": 0,
        "interestExpense": 0,
        "depreciationAndAmortization": 0,
        "ebitda": 2600000,
        "ebitdaratio": 1,
        "operatingIncome": 2600000,
        "operatingIncomeRatio": 1,
        "totalOtherIncomeExpensesNet": -2600000,
        "incomeBeforeTax": 0,
        "incomeBeforeTaxRatio": 0,
        "incomeTaxExpense": -2300000,
        "netIncome": 2300000,
        "netIncomeRatio": 0.8846153846,
        "eps": 0.28,
        "epsdiluted": 0.28,
        "weightedAverageShsOut": 8214286,
        "weightedAverageShsOutDil": 8214286,
        "link": null,
        "finalLink": null
    },
    {
        "date": "1993-10-31",
        "symbol": "NRT",
        "reportedCurrency": "USD",
        "cik": "0000072633",
        "fillingDate": "1993-10-31",
        "acceptedDate": "1993-10-30 20:00:00",
        "calendarYear": "1993",
        "period": "Q4",
        "revenue": 2800000,
        "costOfRevenue": 0,
        "grossProfit": 2800000,
        "grossProfitRatio": 1,
        "researchAndDevelopmentExpenses": 0,
        "generalAndAdministrativeExpenses": 0,
        "sellingAndMarketingExpenses": 0,
        "sellingGeneralAndAdministrativeExpenses": 0,
        "otherExpenses": 500000,
        "operatingExpenses": 500000,
        "costAndExpenses": 500000,
        "interestIncome": 0,
        "interestExpense": 0,
        "depreciationAndAmortization": 0,
        "ebitda": 3300000,
        "ebitdaratio": 1.1785714286,
        "operatingIncome": 3300000,
        "operatingIncomeRatio": 1.1785714286,
        "totalOtherIncomeExpensesNet": -3300000,
        "incomeBeforeTax": 0,
        "incomeBeforeTaxRatio": 0,
        "incomeTaxExpense": -2600000,
        "netIncome": 2600000,
        "netIncomeRatio": 0.9285714286,
        "eps": 0.33,
        "epsdiluted": 0.33,
        "weightedAverageShsOut": 7848281,
        "weightedAverageShsOutDil": 7848281,
        "link": null,
        "finalLink": null
    },
    {
        "date": "1993-07-31",
        "symbol": "NRT",
        "reportedCurrency": "USD",
        "cik": "0000072633",
        "fillingDate": "1993-07-31",
        "acceptedDate": "1993-07-30 20:00:00",
        "calendarYear": "1993",
        "period": "Q3",
        "revenue": 2800000,
        "costOfRevenue": 0,
        "grossProfit": 2800000,
        "grossProfitRatio": 1,
        "researchAndDevelopmentExpenses": 0,
        "generalAndAdministrativeExpenses": 0,
        "sellingAndMarketingExpenses": 0,
        "sellingGeneralAndAdministrativeExpenses": 0,
        "otherExpenses": 0,
        "operatingExpenses": 0,
        "costAndExpenses": 0,
        "interestIncome": 0,
        "interestExpense": 0,
        "depreciationAndAmortization": 0,
        "ebitda": 2800000,
        "ebitdaratio": 1,
        "operatingIncome": 2800000,
        "operatingIncomeRatio": 1,
        "totalOtherIncomeExpensesNet": -2800000,
        "incomeBeforeTax": 0,
        "incomeBeforeTaxRatio": 0,
        "incomeTaxExpense": -2700000,
        "netIncome": 2700000,
        "netIncomeRatio": 0.9642857143,
        "eps": 0.33,
        "epsdiluted": 0.33,
        "weightedAverageShsOut": 8181818,
        "weightedAverageShsOutDil": 8181818,
        "link": null,
        "finalLink": null
    },
    {
        "date": "1993-04-30",
        "symbol": "NRT",
        "reportedCurrency": "USD",
        "cik": "0000072633",
        "fillingDate": "1993-04-30",
        "acceptedDate": "1993-04-29 20:00:00",
        "calendarYear": "1993",
        "period": "Q2",
        "revenue": 2900000,
        "costOfRevenue": 0,
        "grossProfit": 2900000,
        "grossProfitRatio": 1,
        "researchAndDevelopmentExpenses": 0,
        "generalAndAdministrativeExpenses": 0,
        "sellingAndMarketingExpenses": 0,
        "sellingGeneralAndAdministrativeExpenses": 0,
        "otherExpenses": 0,
        "operatingExpenses": 0,
        "costAndExpenses": 0,
        "interestIncome": 0,
        "interestExpense": 0,
        "depreciationAndAmortization": 0,
        "ebitda": 2900000,
        "ebitdaratio": 1,
        "operatingIncome": 2900000,
        "operatingIncomeRatio": 1,
        "totalOtherIncomeExpensesNet": 0,
        "incomeBeforeTax": 0,
        "incomeBeforeTaxRatio": 0,
        "incomeTaxExpense": -2900000,
        "netIncome": 2900000,
        "netIncomeRatio": 1,
        "eps": 0.34,
        "epsdiluted": 0.34,
        "weightedAverageShsOut": 8529412,
        "weightedAverageShsOutDil": 8529412,
        "link": null,
        "finalLink": null
    },
    {
        "date": "1993-01-31",
        "symbol": "NRT",
        "reportedCurrency": "USD",
        "cik": "0000072633",
        "fillingDate": "1993-01-31",
        "acceptedDate": "1993-01-30 19:00:00",
        "calendarYear": "1993",
        "period": "Q1",
        "revenue": 2200000,
        "costOfRevenue": 0,
        "grossProfit": 2200000,
        "grossProfitRatio": 1,
        "researchAndDevelopmentExpenses": 0,
        "generalAndAdministrativeExpenses": 0,
        "sellingAndMarketingExpenses": 0,
        "sellingGeneralAndAdministrativeExpenses": 0,
        "otherExpenses": 0,
        "operatingExpenses": 0,
        "costAndExpenses": 0,
        "interestIncome": 0,
        "interestExpense": 0,
        "depreciationAndAmortization": 0,
        "ebitda": 2200000,
        "ebitdaratio": 1,
        "operatingIncome": 2200000,
        "operatingIncomeRatio": 1,
        "totalOtherIncomeExpensesNet": -2200000,
        "incomeBeforeTax": 0,
        "incomeBeforeTaxRatio": 0,
        "incomeTaxExpense": -2000000,
        "netIncome": 2000000,
        "netIncomeRatio": 0.9090909091,
        "eps": 0.24,
        "epsdiluted": 0.24,
        "weightedAverageShsOut": 8333333,
        "weightedAverageShsOutDil": 8333333,
        "link": null,
        "finalLink": null
    },
    {
        "date": "1992-10-31",
        "symbol": "NRT",
        "reportedCurrency": "USD",
        "cik": "0000072633",
        "fillingDate": "1992-10-31",
        "acceptedDate": "1992-10-30 19:00:00",
        "calendarYear": "1992",
        "period": "Q4",
        "revenue": 3200000,
        "costOfRevenue": 0,
        "grossProfit": 3200000,
        "grossProfitRatio": 1,
        "researchAndDevelopmentExpenses": 0,
        "generalAndAdministrativeExpenses": 0,
        "sellingAndMarketingExpenses": 0,
        "sellingGeneralAndAdministrativeExpenses": 0,
        "otherExpenses": 700000,
        "operatingExpenses": 700000,
        "costAndExpenses": 700000,
        "interestIncome": 0,
        "interestExpense": 0,
        "depreciationAndAmortization": 0,
        "ebitda": 3900000,
        "ebitdaratio": 1.21875,
        "operatingIncome": 3900000,
        "operatingIncomeRatio": 1.21875,
        "totalOtherIncomeExpensesNet": -3900000,
        "incomeBeforeTax": 0,
        "incomeBeforeTaxRatio": 0,
        "incomeTaxExpense": -3000000,
        "netIncome": 3000000,
        "netIncomeRatio": 0.9375,
        "eps": 0.35,
        "epsdiluted": 0.35,
        "weightedAverageShsOut": 8540323,
        "weightedAverageShsOutDil": 8540323,
        "link": null,
        "finalLink": null
    },
    {
        "date": "1992-07-31",
        "symbol": "NRT",
        "reportedCurrency": "USD",
        "cik": "0000072633",
        "fillingDate": "1992-07-31",
        "acceptedDate": "1992-07-30 20:00:00",
        "calendarYear": "1992",
        "period": "Q3",
        "revenue": 2900000,
        "costOfRevenue": 0,
        "grossProfit": 2900000,
        "grossProfitRatio": 1,
        "researchAndDevelopmentExpenses": 0,
        "generalAndAdministrativeExpenses": 0,
        "sellingAndMarketingExpenses": 0,
        "sellingGeneralAndAdministrativeExpenses": 0,
        "otherExpenses": 0,
        "operatingExpenses": 0,
        "costAndExpenses": 0,
        "interestIncome": 0,
        "interestExpense": 0,
        "depreciationAndAmortization": 0,
        "ebitda": 2900000,
        "ebitdaratio": 1,
        "operatingIncome": 2900000,
        "operatingIncomeRatio": 1,
        "totalOtherIncomeExpensesNet": -2900000,
        "incomeBeforeTax": 0,
        "incomeBeforeTaxRatio": 0,
        "incomeTaxExpense": -2800000,
        "netIncome": 2800000,
        "netIncomeRatio": 0.9655172414,
        "eps": 0.34,
        "epsdiluted": 0.34,
        "weightedAverageShsOut": 8235294,
        "weightedAverageShsOutDil": 8235294,
        "link": null,
        "finalLink": null
    },
    {
        "date": "1992-04-30",
        "symbol": "NRT",
        "reportedCurrency": "USD",
        "cik": "0000072633",
        "fillingDate": "1992-04-30",
        "acceptedDate": "1992-04-29 20:00:00",
        "calendarYear": "1992",
        "period": "Q2",
        "revenue": 3400000,
        "costOfRevenue": 0,
        "grossProfit": 3400000,
        "grossProfitRatio": 1,
        "researchAndDevelopmentExpenses": 0,
        "generalAndAdministrativeExpenses": 0,
        "sellingAndMarketingExpenses": 0,
        "sellingGeneralAndAdministrativeExpenses": 0,
        "otherExpenses": 0,
        "operatingExpenses": 0,
        "costAndExpenses": 0,
        "interestIncome": 0,
        "interestExpense": 0,
        "depreciationAndAmortization": 0,
        "ebitda": 3400000,
        "ebitdaratio": 1,
        "operatingIncome": 3400000,
        "operatingIncomeRatio": 1,
        "totalOtherIncomeExpensesNet": -3400000,
        "incomeBeforeTax": 0,
        "incomeBeforeTaxRatio": 0,
        "incomeTaxExpense": -3200000,
        "netIncome": 3200000,
        "netIncomeRatio": 0.9411764706,
        "eps": 0.39,
        "epsdiluted": 0.39,
        "weightedAverageShsOut": 8205128,
        "weightedAverageShsOutDil": 8205128,
        "link": null,
        "finalLink": null
    },
    {
        "date": "1992-01-31",
        "symbol": "NRT",
        "reportedCurrency": "USD",
        "cik": "0000072633",
        "fillingDate": "1992-01-31",
        "acceptedDate": "1992-01-30 19:00:00",
        "calendarYear": "1992",
        "period": "Q1",
        "revenue": 4100000,
        "costOfRevenue": 0,
        "grossProfit": 4100000,
        "grossProfitRatio": 1,
        "researchAndDevelopmentExpenses": 0,
        "generalAndAdministrativeExpenses": 0,
        "sellingAndMarketingExpenses": 0,
        "sellingGeneralAndAdministrativeExpenses": 0,
        "otherExpenses": 0,
        "operatingExpenses": 0,
        "costAndExpenses": 0,
        "interestIncome": 0,
        "interestExpense": 0,
        "depreciationAndAmortization": 0,
        "ebitda": 4100000,
        "ebitdaratio": 1,
        "operatingIncome": 4100000,
        "operatingIncomeRatio": 1,
        "totalOtherIncomeExpensesNet": -4100000,
        "incomeBeforeTax": 0,
        "incomeBeforeTaxRatio": 0,
        "incomeTaxExpense": -3900000,
        "netIncome": 3900000,
        "netIncomeRatio": 0.9512195122,
        "eps": 0.47,
        "epsdiluted": 0.47,
        "weightedAverageShsOut": 8297872,
        "weightedAverageShsOutDil": 8297872,
        "link": null,
        "finalLink": null
    },
    {
        "date": "1991-10-31",
        "symbol": "NRT",
        "reportedCurrency": "USD",
        "cik": "0000072633",
        "fillingDate": "1991-10-31",
        "acceptedDate": "1991-10-30 19:00:00",
        "calendarYear": "1991",
        "period": "Q4",
        "revenue": 3600000,
        "costOfRevenue": 0,
        "grossProfit": 3600000,
        "grossProfitRatio": 1,
        "researchAndDevelopmentExpenses": 0,
        "generalAndAdministrativeExpenses": 0,
        "sellingAndMarketingExpenses": 0,
        "sellingGeneralAndAdministrativeExpenses": 0,
        "otherExpenses": 600000,
        "operatingExpenses": 600000,
        "costAndExpenses": 600000,
        "interestIncome": 0,
        "interestExpense": 0,
        "depreciationAndAmortization": 0,
        "ebitda": 4200000,
        "ebitdaratio": 1.1666666667,
        "operatingIncome": 4200000,
        "operatingIncomeRatio": 1.1666666667,
        "totalOtherIncomeExpensesNet": -4200000,
        "incomeBeforeTax": 0,
        "incomeBeforeTaxRatio": 0,
        "incomeTaxExpense": -3400000,
        "netIncome": 3400000,
        "netIncomeRatio": 0.9444444444,
        "eps": 0.41,
        "epsdiluted": 0.41,
        "weightedAverageShsOut": 8294401,
        "weightedAverageShsOutDil": 8294401,
        "link": null,
        "finalLink": null
    },
    {
        "date": "1991-07-31",
        "symbol": "NRT",
        "reportedCurrency": "USD",
        "cik": "0000072633",
        "fillingDate": "1991-07-31",
        "acceptedDate": "1991-07-30 20:00:00",
        "calendarYear": "1991",
        "period": "Q3",
        "revenue": 3200000,
        "costOfRevenue": 0,
        "grossProfit": 3200000,
        "grossProfitRatio": 1,
        "researchAndDevelopmentExpenses": 0,
        "generalAndAdministrativeExpenses": 0,
        "sellingAndMarketingExpenses": 0,
        "sellingGeneralAndAdministrativeExpenses": 0,
        "otherExpenses": 0,
        "operatingExpenses": 0,
        "costAndExpenses": 0,
        "interestIncome": 0,
        "interestExpense": 0,
        "depreciationAndAmortization": 0,
        "ebitda": 3200000,
        "ebitdaratio": 1,
        "operatingIncome": 3200000,
        "operatingIncomeRatio": 1,
        "totalOtherIncomeExpensesNet": -3200000,
        "incomeBeforeTax": 0,
        "incomeBeforeTaxRatio": 0,
        "incomeTaxExpense": -3100000,
        "netIncome": 3100000,
        "netIncomeRatio": 0.96875,
        "eps": 0.37,
        "epsdiluted": 0.37,
        "weightedAverageShsOut": 8378378,
        "weightedAverageShsOutDil": 8378378,
        "link": null,
        "finalLink": null
    },
    {
        "date": "1991-04-30",
        "symbol": "NRT",
        "reportedCurrency": "USD",
        "cik": "0000072633",
        "fillingDate": "1991-04-30",
        "acceptedDate": "1991-04-29 20:00:00",
        "calendarYear": "1991",
        "period": "Q2",
        "revenue": 3000000,
        "costOfRevenue": 0,
        "grossProfit": 3000000,
        "grossProfitRatio": 1,
        "researchAndDevelopmentExpenses": 0,
        "generalAndAdministrativeExpenses": 0,
        "sellingAndMarketingExpenses": 0,
        "sellingGeneralAndAdministrativeExpenses": 0,
        "otherExpenses": 0,
        "operatingExpenses": 0,
        "costAndExpenses": 0,
        "interestIncome": 0,
        "interestExpense": 0,
        "depreciationAndAmortization": 0,
        "ebitda": 3000000,
        "ebitdaratio": 1,
        "operatingIncome": 3000000,
        "operatingIncomeRatio": 1,
        "totalOtherIncomeExpensesNet": -3000000,
        "incomeBeforeTax": 0,
        "incomeBeforeTaxRatio": 0,
        "incomeTaxExpense": -2900000,
        "netIncome": 2900000,
        "netIncomeRatio": 0.9666666667,
        "eps": 0.35,
        "epsdiluted": 0.35,
        "weightedAverageShsOut": 8285714,
        "weightedAverageShsOutDil": 8285714,
        "link": null,
        "finalLink": null
    },
    {
        "date": "1991-01-31",
        "symbol": "NRT",
        "reportedCurrency": "USD",
        "cik": "0000072633",
        "fillingDate": "1991-01-31",
        "acceptedDate": "1991-01-30 19:00:00",
        "calendarYear": "1991",
        "period": "Q1",
        "revenue": 3400000,
        "costOfRevenue": 0,
        "grossProfit": 3400000,
        "grossProfitRatio": 1,
        "researchAndDevelopmentExpenses": 0,
        "generalAndAdministrativeExpenses": 0,
        "sellingAndMarketingExpenses": 0,
        "sellingGeneralAndAdministrativeExpenses": 0,
        "otherExpenses": 0,
        "operatingExpenses": 0,
        "costAndExpenses": 0,
        "interestIncome": 0,
        "interestExpense": 0,
        "depreciationAndAmortization": 0,
        "ebitda": 3400000,
        "ebitdaratio": 1,
        "operatingIncome": 3400000,
        "operatingIncomeRatio": 1,
        "totalOtherIncomeExpensesNet": -3400000,
        "incomeBeforeTax": 0,
        "incomeBeforeTaxRatio": 0,
        "incomeTaxExpense": -3200000,
        "netIncome": 3200000,
        "netIncomeRatio": 0.9411764706,
        "eps": 0.38,
        "epsdiluted": 0.38,
        "weightedAverageShsOut": 8421053,
        "weightedAverageShsOutDil": 8421053,
        "link": null,
        "finalLink": null
    },
    {
        "date": "1990-10-31",
        "symbol": "NRT",
        "reportedCurrency": "USD",
        "cik": "0000072633",
        "fillingDate": "1990-10-31",
        "acceptedDate": "1990-10-30 19:00:00",
        "calendarYear": "1990",
        "period": "Q4",
        "revenue": 3400000,
        "costOfRevenue": 0,
        "grossProfit": 3400000,
        "grossProfitRatio": 1,
        "researchAndDevelopmentExpenses": 0,
        "generalAndAdministrativeExpenses": 0,
        "sellingAndMarketingExpenses": 0,
        "sellingGeneralAndAdministrativeExpenses": 0,
        "otherExpenses": 600000,
        "operatingExpenses": 600000,
        "costAndExpenses": 600000,
        "interestIncome": 0,
        "interestExpense": 0,
        "depreciationAndAmortization": 0,
        "ebitda": 4000000,
        "ebitdaratio": 1.1764705882,
        "operatingIncome": 4000000,
        "operatingIncomeRatio": 1.1764705882,
        "totalOtherIncomeExpensesNet": -4000000,
        "incomeBeforeTax": 0,
        "incomeBeforeTaxRatio": 0,
        "incomeTaxExpense": -3200000,
        "netIncome": 3200000,
        "netIncomeRatio": 0.9411764706,
        "eps": 0.39,
        "epsdiluted": 0.39,
        "weightedAverageShsOut": 8191489,
        "weightedAverageShsOutDil": 8191489,
        "link": null,
        "finalLink": null
    },
    {
        "date": "1990-07-31",
        "symbol": "NRT",
        "reportedCurrency": "USD",
        "cik": "0000072633",
        "fillingDate": "1990-07-31",
        "acceptedDate": "1990-07-30 20:00:00",
        "calendarYear": "1990",
        "period": "Q3",
        "revenue": 2600000,
        "costOfRevenue": 0,
        "grossProfit": 2600000,
        "grossProfitRatio": 1,
        "researchAndDevelopmentExpenses": 0,
        "generalAndAdministrativeExpenses": 0,
        "sellingAndMarketingExpenses": 0,
        "sellingGeneralAndAdministrativeExpenses": 0,
        "otherExpenses": 0,
        "operatingExpenses": 0,
        "costAndExpenses": 0,
        "interestIncome": 0,
        "interestExpense": 0,
        "depreciationAndAmortization": 0,
        "ebitda": 2600000,
        "ebitdaratio": 1,
        "operatingIncome": 2600000,
        "operatingIncomeRatio": 1,
        "totalOtherIncomeExpensesNet": -2600000,
        "incomeBeforeTax": 0,
        "incomeBeforeTaxRatio": 0,
        "incomeTaxExpense": -2500000,
        "netIncome": 2500000,
        "netIncomeRatio": 0.9615384615,
        "eps": 0.31,
        "epsdiluted": 0.31,
        "weightedAverageShsOut": 8064516,
        "weightedAverageShsOutDil": 8064516,
        "link": null,
        "finalLink": null
    },
    {
        "date": "1990-04-30",
        "symbol": "NRT",
        "reportedCurrency": "USD",
        "cik": "0000072633",
        "fillingDate": "1990-04-30",
        "acceptedDate": "1990-04-29 20:00:00",
        "calendarYear": "1990",
        "period": "Q2",
        "revenue": 3000000,
        "costOfRevenue": 0,
        "grossProfit": 3000000,
        "grossProfitRatio": 1,
        "researchAndDevelopmentExpenses": 0,
        "generalAndAdministrativeExpenses": 0,
        "sellingAndMarketingExpenses": 0,
        "sellingGeneralAndAdministrativeExpenses": 0,
        "otherExpenses": 0,
        "operatingExpenses": 0,
        "costAndExpenses": 0,
        "interestIncome": 0,
        "interestExpense": 0,
        "depreciationAndAmortization": 0,
        "ebitda": 3000000,
        "ebitdaratio": 1,
        "operatingIncome": 3000000,
        "operatingIncomeRatio": 1,
        "totalOtherIncomeExpensesNet": -3000000,
        "incomeBeforeTax": 0,
        "incomeBeforeTaxRatio": 0,
        "incomeTaxExpense": -2800000,
        "netIncome": 2800000,
        "netIncomeRatio": 0.9333333333,
        "eps": 0.35,
        "epsdiluted": 0.35,
        "weightedAverageShsOut": 8000000,
        "weightedAverageShsOutDil": 8000000,
        "link": null,
        "finalLink": null
    },
    {
        "date": "1990-01-31",
        "symbol": "NRT",
        "reportedCurrency": "USD",
        "cik": "0000072633",
        "fillingDate": "1990-01-31",
        "acceptedDate": "1990-01-30 19:00:00",
        "calendarYear": "1990",
        "period": "Q1",
        "revenue": 3200000,
        "costOfRevenue": 0,
        "grossProfit": 3200000,
        "grossProfitRatio": 1,
        "researchAndDevelopmentExpenses": 0,
        "generalAndAdministrativeExpenses": 0,
        "sellingAndMarketingExpenses": 0,
        "sellingGeneralAndAdministrativeExpenses": 0,
        "otherExpenses": 0,
        "operatingExpenses": 0,
        "costAndExpenses": 0,
        "interestIncome": 0,
        "interestExpense": 0,
        "depreciationAndAmortization": 0,
        "ebitda": 3200000,
        "ebitdaratio": 1,
        "operatingIncome": 3200000,
        "operatingIncomeRatio": 1,
        "totalOtherIncomeExpensesNet": -3200000,
        "incomeBeforeTax": 0,
        "incomeBeforeTaxRatio": 0,
        "incomeTaxExpense": -3100000,
        "netIncome": 3100000,
        "netIncomeRatio": 0.96875,
        "eps": 0.37,
        "epsdiluted": 0.37,
        "weightedAverageShsOut": 8378378,
        "weightedAverageShsOutDil": 8378378,
        "link": null,
        "finalLink": null
    },
    {
        "date": "1989-10-31",
        "symbol": "NRT",
        "reportedCurrency": "USD",
        "cik": "0000072633",
        "fillingDate": "1989-10-31",
        "acceptedDate": "1989-10-30 19:00:00",
        "calendarYear": "1989",
        "period": "Q4",
        "revenue": 2600000,
        "costOfRevenue": 0,
        "grossProfit": 2600000,
        "grossProfitRatio": 1,
        "researchAndDevelopmentExpenses": 0,
        "generalAndAdministrativeExpenses": 0,
        "sellingAndMarketingExpenses": 0,
        "sellingGeneralAndAdministrativeExpenses": 0,
        "otherExpenses": 500000,
        "operatingExpenses": 500000,
        "costAndExpenses": 500000,
        "interestIncome": 0,
        "interestExpense": 0,
        "depreciationAndAmortization": 0,
        "ebitda": 3100000,
        "ebitdaratio": 1.1923076923,
        "operatingIncome": 3100000,
        "operatingIncomeRatio": 1.1923076923,
        "totalOtherIncomeExpensesNet": -3100000,
        "incomeBeforeTax": 0,
        "incomeBeforeTaxRatio": 0,
        "incomeTaxExpense": -2500000,
        "netIncome": 2500000,
        "netIncomeRatio": 0.9615384615,
        "eps": 0.29,
        "epsdiluted": 0.29,
        "weightedAverageShsOut": 8662093,
        "weightedAverageShsOutDil": 8662093,
        "link": null,
        "finalLink": null
    },
    {
        "date": "1989-07-31",
        "symbol": "NRT",
        "reportedCurrency": "USD",
        "cik": "0000072633",
        "fillingDate": "1989-07-31",
        "acceptedDate": "1989-07-30 20:00:00",
        "calendarYear": "1989",
        "period": "Q3",
        "revenue": 1800000,
        "costOfRevenue": 0,
        "grossProfit": 1800000,
        "grossProfitRatio": 1,
        "researchAndDevelopmentExpenses": 0,
        "generalAndAdministrativeExpenses": 0,
        "sellingAndMarketingExpenses": 0,
        "sellingGeneralAndAdministrativeExpenses": 0,
        "otherExpenses": 0,
        "operatingExpenses": 0,
        "costAndExpenses": 0,
        "interestIncome": 0,
        "interestExpense": 0,
        "depreciationAndAmortization": 0,
        "ebitda": 1800000,
        "ebitdaratio": 1,
        "operatingIncome": 1800000,
        "operatingIncomeRatio": 1,
        "totalOtherIncomeExpensesNet": 0,
        "incomeBeforeTax": 0,
        "incomeBeforeTaxRatio": 0,
        "incomeTaxExpense": -1800000,
        "netIncome": 1800000,
        "netIncomeRatio": 1,
        "eps": 0.22,
        "epsdiluted": 0.22,
        "weightedAverageShsOut": 8181818,
        "weightedAverageShsOutDil": 8181818,
        "link": null,
        "finalLink": null
    },
    {
        "date": "1989-04-30",
        "symbol": "NRT",
        "reportedCurrency": "USD",
        "cik": "0000072633",
        "fillingDate": "1989-04-30",
        "acceptedDate": "1989-04-29 20:00:00",
        "calendarYear": "1989",
        "period": "Q2",
        "revenue": 2600000,
        "costOfRevenue": 0,
        "grossProfit": 2600000,
        "grossProfitRatio": 1,
        "researchAndDevelopmentExpenses": 0,
        "generalAndAdministrativeExpenses": 0,
        "sellingAndMarketingExpenses": 0,
        "sellingGeneralAndAdministrativeExpenses": 0,
        "otherExpenses": 0,
        "operatingExpenses": 0,
        "costAndExpenses": 0,
        "interestIncome": 0,
        "interestExpense": 0,
        "depreciationAndAmortization": 0,
        "ebitda": 2600000,
        "ebitdaratio": 1,
        "operatingIncome": 2600000,
        "operatingIncomeRatio": 1,
        "totalOtherIncomeExpensesNet": -2600000,
        "incomeBeforeTax": 0,
        "incomeBeforeTaxRatio": 0,
        "incomeTaxExpense": -2400000,
        "netIncome": 2400000,
        "netIncomeRatio": 0.9230769231,
        "eps": 0.29,
        "epsdiluted": 0.29,
        "weightedAverageShsOut": 8275862,
        "weightedAverageShsOutDil": 8275862,
        "link": null,
        "finalLink": null
    },
    {
        "date": "1989-01-31",
        "symbol": "NRT",
        "reportedCurrency": "USD",
        "cik": "0000072633",
        "fillingDate": "1989-01-31",
        "acceptedDate": "1989-01-30 19:00:00",
        "calendarYear": "1989",
        "period": "Q1",
        "revenue": 2300000,
        "costOfRevenue": 0,
        "grossProfit": 2300000,
        "grossProfitRatio": 1,
        "researchAndDevelopmentExpenses": 0,
        "generalAndAdministrativeExpenses": 0,
        "sellingAndMarketingExpenses": 0,
        "sellingGeneralAndAdministrativeExpenses": 0,
        "otherExpenses": 0,
        "operatingExpenses": 0,
        "costAndExpenses": 0,
        "interestIncome": 0,
        "interestExpense": 0,
        "depreciationAndAmortization": 0,
        "ebitda": 2300000,
        "ebitdaratio": 1,
        "operatingIncome": 2300000,
        "operatingIncomeRatio": 1,
        "totalOtherIncomeExpensesNet": -2300000,
        "incomeBeforeTax": 0,
        "incomeBeforeTaxRatio": 0,
        "incomeTaxExpense": -2100000,
        "netIncome": 2100000,
        "netIncomeRatio": 0.9130434783,
        "eps": 0.26,
        "epsdiluted": 0.26,
        "weightedAverageShsOut": 8076923,
        "weightedAverageShsOutDil": 8076923,
        "link": null,
        "finalLink": null
    },
    {
        "date": "1988-10-31",
        "symbol": "NRT",
        "reportedCurrency": "USD",
        "cik": "0000072633",
        "fillingDate": "1988-10-31",
        "acceptedDate": "1988-10-30 19:00:00",
        "calendarYear": "1988",
        "period": "Q4",
        "revenue": 2000000,
        "costOfRevenue": 0,
        "grossProfit": 2000000,
        "grossProfitRatio": 1,
        "researchAndDevelopmentExpenses": 0,
        "generalAndAdministrativeExpenses": 0,
        "sellingAndMarketingExpenses": 0,
        "sellingGeneralAndAdministrativeExpenses": 0,
        "otherExpenses": 500000,
        "operatingExpenses": 500000,
        "costAndExpenses": 500000,
        "interestIncome": 0,
        "interestExpense": 0,
        "depreciationAndAmortization": 0,
        "ebitda": 2500000,
        "ebitdaratio": 1.25,
        "operatingIncome": 2500000,
        "operatingIncomeRatio": 1.25,
        "totalOtherIncomeExpensesNet": -2500000,
        "incomeBeforeTax": 0,
        "incomeBeforeTaxRatio": 0,
        "incomeTaxExpense": -1800000,
        "netIncome": 1800000,
        "netIncomeRatio": 0.9,
        "eps": 0.22,
        "epsdiluted": 0.22,
        "weightedAverageShsOut": 8235294,
        "weightedAverageShsOutDil": 8235294,
        "link": null,
        "finalLink": null
    },
    {
        "date": "1988-07-31",
        "symbol": "NRT",
        "reportedCurrency": "USD",
        "cik": "0000072633",
        "fillingDate": "1988-07-31",
        "acceptedDate": "1988-07-30 20:00:00",
        "calendarYear": "1988",
        "period": "Q3",
        "revenue": 2600000,
        "costOfRevenue": 0,
        "grossProfit": 2600000,
        "grossProfitRatio": 1,
        "researchAndDevelopmentExpenses": 0,
        "generalAndAdministrativeExpenses": 0,
        "sellingAndMarketingExpenses": 0,
        "sellingGeneralAndAdministrativeExpenses": 0,
        "otherExpenses": 0,
        "operatingExpenses": 0,
        "costAndExpenses": 0,
        "interestIncome": 0,
        "interestExpense": 0,
        "depreciationAndAmortization": 0,
        "ebitda": 2600000,
        "ebitdaratio": 1,
        "operatingIncome": 2600000,
        "operatingIncomeRatio": 1,
        "totalOtherIncomeExpensesNet": -2600000,
        "incomeBeforeTax": 0,
        "incomeBeforeTaxRatio": 0,
        "incomeTaxExpense": -2500000,
        "netIncome": 2500000,
        "netIncomeRatio": 0.9615384615,
        "eps": 0.3,
        "epsdiluted": 0.3,
        "weightedAverageShsOut": 8333333,
        "weightedAverageShsOutDil": 8333333,
        "link": null,
        "finalLink": null
    },
    {
        "date": "1988-04-30",
        "symbol": "NRT",
        "reportedCurrency": "USD",
        "cik": "0000072633",
        "fillingDate": "1988-04-30",
        "acceptedDate": "1988-04-29 20:00:00",
        "calendarYear": "1988",
        "period": "Q2",
        "revenue": 3400000,
        "costOfRevenue": 0,
        "grossProfit": 3400000,
        "grossProfitRatio": 1,
        "researchAndDevelopmentExpenses": 0,
        "generalAndAdministrativeExpenses": 0,
        "sellingAndMarketingExpenses": 0,
        "sellingGeneralAndAdministrativeExpenses": 0,
        "otherExpenses": 0,
        "operatingExpenses": 0,
        "costAndExpenses": 0,
        "interestIncome": 0,
        "interestExpense": 0,
        "depreciationAndAmortization": 0,
        "ebitda": 3400000,
        "ebitdaratio": 1,
        "operatingIncome": 3400000,
        "operatingIncomeRatio": 1,
        "totalOtherIncomeExpensesNet": -3400000,
        "incomeBeforeTax": 0,
        "incomeBeforeTaxRatio": 0,
        "incomeTaxExpense": -3300000,
        "netIncome": 3300000,
        "netIncomeRatio": 0.9705882353,
        "eps": 0.4,
        "epsdiluted": 0.4,
        "weightedAverageShsOut": 8250000,
        "weightedAverageShsOutDil": 8250000,
        "link": null,
        "finalLink": null
    },
    {
        "date": "1988-01-31",
        "symbol": "NRT",
        "reportedCurrency": "USD",
        "cik": "0000072633",
        "fillingDate": "1988-01-31",
        "acceptedDate": "1988-01-30 19:00:00",
        "calendarYear": "1988",
        "period": "Q1",
        "revenue": 3800000,
        "costOfRevenue": 0,
        "grossProfit": 3800000,
        "grossProfitRatio": 1,
        "researchAndDevelopmentExpenses": 0,
        "generalAndAdministrativeExpenses": 0,
        "sellingAndMarketingExpenses": 0,
        "sellingGeneralAndAdministrativeExpenses": 0,
        "otherExpenses": 0,
        "operatingExpenses": 0,
        "costAndExpenses": 0,
        "interestIncome": 0,
        "interestExpense": 0,
        "depreciationAndAmortization": 0,
        "ebitda": 3800000,
        "ebitdaratio": 1,
        "operatingIncome": 3800000,
        "operatingIncomeRatio": 1,
        "totalOtherIncomeExpensesNet": -3800000,
        "incomeBeforeTax": 0,
        "incomeBeforeTaxRatio": 0,
        "incomeTaxExpense": -3700000,
        "netIncome": 3700000,
        "netIncomeRatio": 0.9736842105,
        "eps": 0.44,
        "epsdiluted": 0.44,
        "weightedAverageShsOut": 8409091,
        "weightedAverageShsOutDil": 8409091,
        "link": null,
        "finalLink": null
    },
    {
        "date": "1987-10-31",
        "symbol": "NRT",
        "reportedCurrency": "USD",
        "cik": "0000072633",
        "fillingDate": "1987-10-31",
        "acceptedDate": "1987-10-30 19:00:00",
        "calendarYear": "1987",
        "period": "Q4",
        "revenue": 4600000,
        "costOfRevenue": 0,
        "grossProfit": 4600000,
        "grossProfitRatio": 1,
        "researchAndDevelopmentExpenses": 0,
        "generalAndAdministrativeExpenses": 0,
        "sellingAndMarketingExpenses": 0,
        "sellingGeneralAndAdministrativeExpenses": 0,
        "otherExpenses": 500000,
        "operatingExpenses": 500000,
        "costAndExpenses": 500000,
        "interestIncome": 0,
        "interestExpense": 0,
        "depreciationAndAmortization": 0,
        "ebitda": 5100000,
        "ebitdaratio": 1.1086956522,
        "operatingIncome": 5100000,
        "operatingIncomeRatio": 1.1086956522,
        "totalOtherIncomeExpensesNet": -5100000,
        "incomeBeforeTax": 0,
        "incomeBeforeTaxRatio": 0,
        "incomeTaxExpense": -4300000,
        "netIncome": 4300000,
        "netIncomeRatio": 0.9347826087,
        "eps": 0.53,
        "epsdiluted": 0.53,
        "weightedAverageShsOut": 8093263,
        "weightedAverageShsOutDil": 8093263,
        "link": null,
        "finalLink": null
    },
    {
        "date": "1987-07-31",
        "symbol": "NRT",
        "reportedCurrency": "USD",
        "cik": "0000072633",
        "fillingDate": "1987-07-31",
        "acceptedDate": "1987-07-30 20:00:00",
        "calendarYear": "1987",
        "period": "Q3",
        "revenue": 2100000,
        "costOfRevenue": 0,
        "grossProfit": 2100000,
        "grossProfitRatio": 1,
        "researchAndDevelopmentExpenses": 0,
        "generalAndAdministrativeExpenses": 0,
        "sellingAndMarketingExpenses": 0,
        "sellingGeneralAndAdministrativeExpenses": 0,
        "otherExpenses": 0,
        "operatingExpenses": 0,
        "costAndExpenses": 0,
        "interestIncome": 0,
        "interestExpense": 0,
        "depreciationAndAmortization": 0,
        "ebitda": 2100000,
        "ebitdaratio": 1,
        "operatingIncome": 2100000,
        "operatingIncomeRatio": 1,
        "totalOtherIncomeExpensesNet": -2100000,
        "incomeBeforeTax": 0,
        "incomeBeforeTaxRatio": 0,
        "incomeTaxExpense": -2000000,
        "netIncome": 2000000,
        "netIncomeRatio": 0.9523809524,
        "eps": 0.25,
        "epsdiluted": 0.25,
        "weightedAverageShsOut": 8000000,
        "weightedAverageShsOutDil": 8000000,
        "link": null,
        "finalLink": null
    },
    {
        "date": "1987-04-30",
        "symbol": "NRT",
        "reportedCurrency": "USD",
        "cik": "0000072633",
        "fillingDate": "1987-04-30",
        "acceptedDate": "1987-04-29 20:00:00",
        "calendarYear": "1987",
        "period": "Q2",
        "revenue": 4200000,
        "costOfRevenue": 0,
        "grossProfit": 4200000,
        "grossProfitRatio": 1,
        "researchAndDevelopmentExpenses": 0,
        "generalAndAdministrativeExpenses": 0,
        "sellingAndMarketingExpenses": 0,
        "sellingGeneralAndAdministrativeExpenses": 0,
        "otherExpenses": 0,
        "operatingExpenses": 0,
        "costAndExpenses": 0,
        "interestIncome": 0,
        "interestExpense": 0,
        "depreciationAndAmortization": 0,
        "ebitda": 4200000,
        "ebitdaratio": 1,
        "operatingIncome": 4200000,
        "operatingIncomeRatio": 1,
        "totalOtherIncomeExpensesNet": -4200000,
        "incomeBeforeTax": 0,
        "incomeBeforeTaxRatio": 0,
        "incomeTaxExpense": -4100000,
        "netIncome": 4100000,
        "netIncomeRatio": 0.9761904762,
        "eps": 0.5,
        "epsdiluted": 0.5,
        "weightedAverageShsOut": 8200000,
        "weightedAverageShsOutDil": 8200000,
        "link": null,
        "finalLink": null
    },
    {
        "date": "1987-01-31",
        "symbol": "NRT",
        "reportedCurrency": "USD",
        "cik": "0000072633",
        "fillingDate": "1987-01-31",
        "acceptedDate": "1987-01-30 19:00:00",
        "calendarYear": "1987",
        "period": "Q1",
        "revenue": 4700000,
        "costOfRevenue": 0,
        "grossProfit": 4700000,
        "grossProfitRatio": 1,
        "researchAndDevelopmentExpenses": 0,
        "generalAndAdministrativeExpenses": 0,
        "sellingAndMarketingExpenses": 0,
        "sellingGeneralAndAdministrativeExpenses": 0,
        "otherExpenses": 0,
        "operatingExpenses": 0,
        "costAndExpenses": 0,
        "interestIncome": 0,
        "interestExpense": 0,
        "depreciationAndAmortization": 0,
        "ebitda": 4700000,
        "ebitdaratio": 1,
        "operatingIncome": 4700000,
        "operatingIncomeRatio": 1,
        "totalOtherIncomeExpensesNet": -4700000,
        "incomeBeforeTax": 0,
        "incomeBeforeTaxRatio": 0,
        "incomeTaxExpense": -4600000,
        "netIncome": 4600000,
        "netIncomeRatio": 0.9787234043,
        "eps": 0.56,
        "epsdiluted": 0.56,
        "weightedAverageShsOut": 8214286,
        "weightedAverageShsOutDil": 8214286,
        "link": null,
        "finalLink": null
    },
    {
        "date": "1986-10-31",
        "symbol": "NRT",
        "reportedCurrency": "USD",
        "cik": "0000072633",
        "fillingDate": "1986-10-31",
        "acceptedDate": "1986-10-30 19:00:00",
        "calendarYear": "1986",
        "period": "Q4",
        "revenue": 4100000,
        "costOfRevenue": 0,
        "grossProfit": 4100000,
        "grossProfitRatio": 1,
        "researchAndDevelopmentExpenses": 0,
        "generalAndAdministrativeExpenses": 0,
        "sellingAndMarketingExpenses": 0,
        "sellingGeneralAndAdministrativeExpenses": 0,
        "otherExpenses": 500000,
        "operatingExpenses": 500000,
        "costAndExpenses": 500000,
        "interestIncome": 0,
        "interestExpense": 0,
        "depreciationAndAmortization": 0,
        "ebitda": 4600000,
        "ebitdaratio": 1.1219512195,
        "operatingIncome": 4600000,
        "operatingIncomeRatio": 1.1219512195,
        "totalOtherIncomeExpensesNet": -4600000,
        "incomeBeforeTax": 0,
        "incomeBeforeTaxRatio": 0,
        "incomeTaxExpense": -3900000,
        "netIncome": 3900000,
        "netIncomeRatio": 0.9512195122,
        "eps": 0.47,
        "epsdiluted": 0.47,
        "weightedAverageShsOut": 8274494,
        "weightedAverageShsOutDil": 8274494,
        "link": null,
        "finalLink": null
    },
    {
        "date": "1986-07-31",
        "symbol": "NRT",
        "reportedCurrency": "USD",
        "cik": "0000072633",
        "fillingDate": "1986-07-31",
        "acceptedDate": "1986-07-30 20:00:00",
        "calendarYear": "1986",
        "period": "Q3",
        "revenue": 3500000,
        "costOfRevenue": 0,
        "grossProfit": 3500000,
        "grossProfitRatio": 1,
        "researchAndDevelopmentExpenses": 0,
        "generalAndAdministrativeExpenses": 0,
        "sellingAndMarketingExpenses": 0,
        "sellingGeneralAndAdministrativeExpenses": 0,
        "otherExpenses": 0,
        "operatingExpenses": 0,
        "costAndExpenses": 0,
        "interestIncome": 0,
        "interestExpense": 0,
        "depreciationAndAmortization": 0,
        "ebitda": 3500000,
        "ebitdaratio": 1,
        "operatingIncome": 3500000,
        "operatingIncomeRatio": 1,
        "totalOtherIncomeExpensesNet": -3500000,
        "incomeBeforeTax": 0,
        "incomeBeforeTaxRatio": 0,
        "incomeTaxExpense": -3400000,
        "netIncome": 3400000,
        "netIncomeRatio": 0.9714285714,
        "eps": 0.42,
        "epsdiluted": 0.42,
        "weightedAverageShsOut": 8095238,
        "weightedAverageShsOutDil": 8095238,
        "link": null,
        "finalLink": null
    },
    {
        "date": "1986-04-30",
        "symbol": "NRT",
        "reportedCurrency": "USD",
        "cik": "0000072633",
        "fillingDate": "1986-04-30",
        "acceptedDate": "1986-04-29 20:00:00",
        "calendarYear": "1986",
        "period": "Q2",
        "revenue": 8000000,
        "costOfRevenue": 0,
        "grossProfit": 8000000,
        "grossProfitRatio": 1,
        "researchAndDevelopmentExpenses": 0,
        "generalAndAdministrativeExpenses": 0,
        "sellingAndMarketingExpenses": 0,
        "sellingGeneralAndAdministrativeExpenses": 0,
        "otherExpenses": 0,
        "operatingExpenses": 0,
        "costAndExpenses": 0,
        "interestIncome": 0,
        "interestExpense": 0,
        "depreciationAndAmortization": 0,
        "ebitda": 8000000,
        "ebitdaratio": 1,
        "operatingIncome": 8000000,
        "operatingIncomeRatio": 1,
        "totalOtherIncomeExpensesNet": -8000000,
        "incomeBeforeTax": 0,
        "incomeBeforeTaxRatio": 0,
        "incomeTaxExpense": -7900000,
        "netIncome": 7900000,
        "netIncomeRatio": 0.9875,
        "eps": 0.96,
        "epsdiluted": 0.96,
        "weightedAverageShsOut": 8229167,
        "weightedAverageShsOutDil": 8229167,
        "link": null,
        "finalLink": null
    },
    {
        "date": "1986-01-31",
        "symbol": "NRT",
        "reportedCurrency": "USD",
        "cik": "0000072633",
        "fillingDate": "1986-01-31",
        "acceptedDate": "1986-01-30 19:00:00",
        "calendarYear": "1986",
        "period": "Q1",
        "revenue": 5200000,
        "costOfRevenue": 0,
        "grossProfit": 5200000,
        "grossProfitRatio": 1,
        "researchAndDevelopmentExpenses": 0,
        "generalAndAdministrativeExpenses": 0,
        "sellingAndMarketingExpenses": 0,
        "sellingGeneralAndAdministrativeExpenses": 0,
        "otherExpenses": 0,
        "operatingExpenses": 0,
        "costAndExpenses": 0,
        "interestIncome": 0,
        "interestExpense": 0,
        "depreciationAndAmortization": 0,
        "ebitda": 5200000,
        "ebitdaratio": 1,
        "operatingIncome": 5200000,
        "operatingIncomeRatio": 1,
        "totalOtherIncomeExpensesNet": -5200000,
        "incomeBeforeTax": 0,
        "incomeBeforeTaxRatio": 0,
        "incomeTaxExpense": -5100000,
        "netIncome": 5100000,
        "netIncomeRatio": 0.9807692308,
        "eps": 0.62,
        "epsdiluted": 0.62,
        "weightedAverageShsOut": 8225806,
        "weightedAverageShsOutDil": 8225806,
        "link": null,
        "finalLink": null
    },
    {
        "date": "1985-10-31",
        "symbol": "NRT",
        "reportedCurrency": "USD",
        "cik": "0000072633",
        "fillingDate": "1985-10-31",
        "acceptedDate": "1985-10-31 00:00:00",
        "calendarYear": "1985",
        "period": "Q4",
        "revenue": 3400000,
        "costOfRevenue": 0,
        "grossProfit": 3400000,
        "grossProfitRatio": 1,
        "researchAndDevelopmentExpenses": 0,
        "generalAndAdministrativeExpenses": 0,
        "sellingAndMarketingExpenses": 0,
        "sellingGeneralAndAdministrativeExpenses": 0,
        "otherExpenses": 400000,
        "operatingExpenses": 400000,
        "costAndExpenses": 400000,
        "interestIncome": 0,
        "interestExpense": 0,
        "depreciationAndAmortization": 0,
        "ebitda": 3800000,
        "ebitdaratio": 1.1176470588,
        "operatingIncome": 3800000,
        "operatingIncomeRatio": 1.1176470588,
        "totalOtherIncomeExpensesNet": 0,
        "incomeBeforeTax": 0,
        "incomeBeforeTaxRatio": 0,
        "incomeTaxExpense": 400000,
        "netIncome": 3400000,
        "netIncomeRatio": 1,
        "eps": 0.41,
        "epsdiluted": 0.41,
        "weightedAverageShsOut": 8108514,
        "weightedAverageShsOutDil": 8225806,
        "link": null,
        "finalLink": null
    }
]