[
    {
        "date": "2018-06-30",
        "symbol": "NSM",
        "reportedCurrency": "USD",
        "cik": "0000000000",
        "fillingDate": "2018-06-30",
        "acceptedDate": "2018-06-30 00:00:00",
        "calendarYear": "2018",
        "period": "Q2",
        "revenue": 420000000,
        "costOfRevenue": 0,
        "grossProfit": 420000000,
        "grossProfitRatio": 1,
        "researchAndDevelopmentExpenses": 0,
        "generalAndAdministrativeExpenses": 339000000,
        "sellingAndMarketingExpenses": 0,
        "sellingGeneralAndAdministrativeExpenses": 339000000,
        "otherExpenses": -2000000,
        "operatingExpenses": 337000000,
        "costAndExpenses": 337000000,
        "interestIncome": 140000000,
        "interestExpense": 164000000,
        "depreciationAndAmortization": -37000000,
        "ebitda": 0,
        "ebitdaratio": 0,
        "operatingIncome": 79000000,
        "operatingIncomeRatio": 0.1880952381,
        "totalOtherIncomeExpensesNet": -127000000,
        "incomeBeforeTax": 79000000,
        "incomeBeforeTaxRatio": 0.1880952381,
        "incomeTaxExpense": 21000000,
        "netIncome": 58000000,
        "netIncomeRatio": 0.1380952381,
        "eps": 0.59,
        "epsdiluted": 0.59,
        "weightedAverageShsOut": 98203000,
        "weightedAverageShsOutDil": 99130000,
        "link": null,
        "finalLink": null
    },
    {
        "date": "2018-03-31",
        "symbol": "NSM",
        "reportedCurrency": "USD",
        "cik": "0000000000",
        "fillingDate": "2018-03-31",
        "acceptedDate": "2018-03-31 00:00:00",
        "calendarYear": "2018",
        "period": "Q1",
        "revenue": 562000000,
        "costOfRevenue": 0,
        "grossProfit": 562000000,
        "grossProfitRatio": 1,
        "researchAndDevelopmentExpenses": 0,
        "generalAndAdministrativeExpenses": 364000000,
        "sellingAndMarketingExpenses": 0,
        "sellingGeneralAndAdministrativeExpenses": 364000000,
        "otherExpenses": 8000000,
        "operatingExpenses": 372000000,
        "costAndExpenses": 372000000,
        "interestIncome": 145000000,
        "interestExpense": 171000000,
        "depreciationAndAmortization": 163000000,
        "ebitda": 0,
        "ebitdaratio": 0,
        "operatingIncome": 206000000,
        "operatingIncomeRatio": 0.3665480427,
        "totalOtherIncomeExpensesNet": -334000000,
        "incomeBeforeTax": 206000000,
        "incomeBeforeTaxRatio": 0.3665480427,
        "incomeTaxExpense": 46000000,
        "netIncome": 160000000,
        "netIncomeRatio": 0.2846975089,
        "eps": 1.63,
        "epsdiluted": 1.61,
        "weightedAverageShsOut": 97873000,
        "weightedAverageShsOutDil": 99111000,
        "link": null,
        "finalLink": null
    },
    {
        "date": "2017-12-31",
        "symbol": "NSM",
        "reportedCurrency": "USD",
        "cik": "0000000000",
        "fillingDate": "2017-12-31",
        "acceptedDate": "2017-12-31 00:00:00",
        "calendarYear": "2017",
        "period": "Q4",
        "revenue": 425000000,
        "costOfRevenue": 0,
        "grossProfit": 425000000,
        "grossProfitRatio": 1,
        "researchAndDevelopmentExpenses": 0,
        "generalAndAdministrativeExpenses": 366000000,
        "sellingAndMarketingExpenses": 0,
        "sellingGeneralAndAdministrativeExpenses": 366000000,
        "otherExpenses": -1000000,
        "operatingExpenses": 365000000,
        "costAndExpenses": 365000000,
        "interestIncome": 162000000,
        "interestExpense": 174000000,
        "depreciationAndAmortization": 84000000,
        "ebitda": 0,
        "ebitdaratio": 0,
        "operatingIncome": 58000000,
        "operatingIncomeRatio": 0.1364705882,
        "totalOtherIncomeExpensesNet": 0,
        "incomeBeforeTax": 58000000,
        "incomeBeforeTaxRatio": 0.1364705882,
        "incomeTaxExpense": 17000000,
        "netIncome": 41000000,
        "netIncomeRatio": 0.0964705882,
        "eps": 0.42,
        "epsdiluted": 0.41,
        "weightedAverageShsOut": 98000000,
        "weightedAverageShsOutDil": 99000000,
        "link": null,
        "finalLink": null
    },
    {
        "date": "2017-09-30",
        "symbol": "NSM",
        "reportedCurrency": "USD",
        "cik": "0000000000",
        "fillingDate": "2017-09-30",
        "acceptedDate": "2017-09-30 00:00:00",
        "calendarYear": "2017",
        "period": "Q3",
        "revenue": 381000000,
        "costOfRevenue": 0,
        "grossProfit": 381000000,
        "grossProfitRatio": 1,
        "researchAndDevelopmentExpenses": 0,
        "generalAndAdministrativeExpenses": 368000000,
        "sellingAndMarketingExpenses": 0,
        "sellingGeneralAndAdministrativeExpenses": 368000000,
        "otherExpenses": -2000000,
        "operatingExpenses": 366000000,
        "costAndExpenses": 366000000,
        "interestIncome": 157000000,
        "interestExpense": 181000000,
        "depreciationAndAmortization": 143000000,
        "ebitda": 0,
        "ebitdaratio": 0,
        "operatingIncome": 12000000,
        "operatingIncomeRatio": 0.031496063,
        "totalOtherIncomeExpensesNet": 0,
        "incomeBeforeTax": 12000000,
        "incomeBeforeTaxRatio": 0.031496063,
        "incomeTaxExpense": 5000000,
        "netIncome": 7000000,
        "netIncomeRatio": 0.0183727034,
        "eps": 0.07,
        "epsdiluted": 0.07,
        "weightedAverageShsOut": 98000000,
        "weightedAverageShsOutDil": 99000000,
        "link": null,
        "finalLink": null
    },
    {
        "date": "2017-06-30",
        "symbol": "NSM",
        "reportedCurrency": "USD",
        "cik": "0000000000",
        "fillingDate": "2017-06-30",
        "acceptedDate": "2017-06-30 00:00:00",
        "calendarYear": "2017",
        "period": "Q2",
        "revenue": 333000000,
        "costOfRevenue": 0,
        "grossProfit": 333000000,
        "grossProfitRatio": 1,
        "researchAndDevelopmentExpenses": 0,
        "generalAndAdministrativeExpenses": 369000000,
        "sellingAndMarketingExpenses": 0,
        "sellingGeneralAndAdministrativeExpenses": 369000000,
        "otherExpenses": 7000000,
        "operatingExpenses": 376000000,
        "costAndExpenses": 376000000,
        "interestIncome": 139000000,
        "interestExpense": 186000000,
        "depreciationAndAmortization": 190000000,
        "ebitda": 0,
        "ebitdaratio": 0,
        "operatingIncome": -30000000,
        "operatingIncomeRatio": -0.0900900901,
        "totalOtherIncomeExpensesNet": 1000000,
        "incomeBeforeTax": -29000000,
        "incomeBeforeTaxRatio": -0.0870870871,
        "incomeTaxExpense": -10000000,
        "netIncome": -19000000,
        "netIncomeRatio": -0.0570570571,
        "eps": -0.19,
        "epsdiluted": -0.19,
        "weightedAverageShsOut": 98000000,
        "weightedAverageShsOutDil": 98000000,
        "link": null,
        "finalLink": null
    },
    {
        "date": "2017-03-31",
        "symbol": "NSM",
        "reportedCurrency": "USD",
        "cik": "0000000000",
        "fillingDate": "2017-03-31",
        "acceptedDate": "2017-03-30 20:00:00",
        "calendarYear": "2017",
        "period": "Q1",
        "revenue": 376000000,
        "costOfRevenue": 0,
        "grossProfit": 376000000,
        "grossProfitRatio": 1,
        "researchAndDevelopmentExpenses": 0,
        "generalAndAdministrativeExpenses": 372000000,
        "sellingAndMarketingExpenses": 0,
        "sellingGeneralAndAdministrativeExpenses": 372000000,
        "otherExpenses": -1000000,
        "operatingExpenses": 371000000,
        "costAndExpenses": 371000000,
        "interestIncome": 139000000,
        "interestExpense": 190000000,
        "depreciationAndAmortization": 72000000,
        "ebitda": 0,
        "ebitdaratio": 0,
        "operatingIncome": 3000000,
        "operatingIncomeRatio": 0.0079787234,
        "totalOtherIncomeExpensesNet": 0,
        "incomeBeforeTax": 3000000,
        "incomeBeforeTaxRatio": 0.0079787234,
        "incomeTaxExpense": 1000000,
        "netIncome": 2000000,
        "netIncomeRatio": 0.0053191489,
        "eps": 0.02,
        "epsdiluted": 0.02,
        "weightedAverageShsOut": 97591000,
        "weightedAverageShsOutDil": 98803000,
        "link": null,
        "finalLink": null
    },
    {
        "date": "2016-12-31",
        "symbol": "NSM",
        "reportedCurrency": "USD",
        "cik": "0000000000",
        "fillingDate": "2016-12-31",
        "acceptedDate": "2016-12-30 19:00:00",
        "calendarYear": "2016",
        "period": "Q4",
        "revenue": 729000000,
        "costOfRevenue": 0,
        "grossProfit": 729000000,
        "grossProfitRatio": 1,
        "researchAndDevelopmentExpenses": 0,
        "generalAndAdministrativeExpenses": 412000000,
        "sellingAndMarketingExpenses": 0,
        "sellingGeneralAndAdministrativeExpenses": 412000000,
        "otherExpenses": 0,
        "operatingExpenses": 0,
        "costAndExpenses": 0,
        "interestIncome": 112000000,
        "interestExpense": 172000000,
        "depreciationAndAmortization": -303000000,
        "ebitda": 0,
        "ebitdaratio": 0,
        "operatingIncome": 317000000,
        "operatingIncomeRatio": 0.4348422497,
        "totalOtherIncomeExpensesNet": 0,
        "incomeBeforeTax": 317000000,
        "incomeBeforeTaxRatio": 0.4348422497,
        "incomeTaxExpense": 119000000,
        "netIncome": 198000000,
        "netIncomeRatio": 0.2716049383,
        "eps": 2.02,
        "epsdiluted": 2.01,
        "weightedAverageShsOut": 98000000,
        "weightedAverageShsOutDil": 99000000,
        "link": null,
        "finalLink": null
    },
    {
        "date": "2016-09-30",
        "symbol": "NSM",
        "reportedCurrency": "USD",
        "cik": "0000000000",
        "fillingDate": "2016-09-30",
        "acceptedDate": "2016-09-29 20:00:00",
        "calendarYear": "2016",
        "period": "Q3",
        "revenue": 480000000,
        "costOfRevenue": 0,
        "grossProfit": 480000000,
        "grossProfitRatio": 1,
        "researchAndDevelopmentExpenses": 0,
        "generalAndAdministrativeExpenses": 407000000,
        "sellingAndMarketingExpenses": 0,
        "sellingGeneralAndAdministrativeExpenses": 407000000,
        "otherExpenses": -2000000,
        "operatingExpenses": 405000000,
        "costAndExpenses": 405000000,
        "interestIncome": 103000000,
        "interestExpense": 165000000,
        "depreciationAndAmortization": 182000000,
        "ebitda": 0,
        "ebitdaratio": 0,
        "operatingIncome": 74000000,
        "operatingIncomeRatio": 0.1541666667,
        "totalOtherIncomeExpensesNet": 0,
        "incomeBeforeTax": 71000000,
        "incomeBeforeTaxRatio": 0.1479166667,
        "incomeTaxExpense": 29000000,
        "netIncome": 45000000,
        "netIncomeRatio": 0.09375,
        "eps": 0.46,
        "epsdiluted": 0.46,
        "weightedAverageShsOut": 97000000,
        "weightedAverageShsOutDil": 98000000,
        "link": null,
        "finalLink": null
    },
    {
        "date": "2016-06-30",
        "symbol": "NSM",
        "reportedCurrency": "USD",
        "cik": "0000000000",
        "fillingDate": "2016-06-30",
        "acceptedDate": "2016-06-29 20:00:00",
        "calendarYear": "2016",
        "period": "Q2",
        "revenue": 269000000,
        "costOfRevenue": 0,
        "grossProfit": 269000000,
        "grossProfitRatio": 1,
        "researchAndDevelopmentExpenses": 0,
        "generalAndAdministrativeExpenses": 413000000,
        "sellingAndMarketingExpenses": 0,
        "sellingGeneralAndAdministrativeExpenses": 413000000,
        "otherExpenses": 0,
        "operatingExpenses": 0,
        "costAndExpenses": 0,
        "interestIncome": 107000000,
        "interestExpense": 167000000,
        "depreciationAndAmortization": 644856000,
        "ebitda": 0,
        "ebitdaratio": 0,
        "operatingIncome": -145000000,
        "operatingIncomeRatio": -0.5390334572,
        "totalOtherIncomeExpensesNet": 0,
        "incomeBeforeTax": -144000000,
        "incomeBeforeTaxRatio": -0.5353159851,
        "incomeTaxExpense": -53000000,
        "netIncome": -92000000,
        "netIncomeRatio": -0.3420074349,
        "eps": -0.92,
        "epsdiluted": -0.92,
        "weightedAverageShsOut": 100000000,
        "weightedAverageShsOutDil": 100000000,
        "link": null,
        "finalLink": null
    },
    {
        "date": "2016-03-31",
        "symbol": "NSM",
        "reportedCurrency": "USD",
        "cik": "0000000000",
        "fillingDate": "2016-03-31",
        "acceptedDate": "2016-03-30 20:00:00",
        "calendarYear": "2016",
        "period": "Q1",
        "revenue": 205844000,
        "costOfRevenue": 0,
        "grossProfit": 205844000,
        "grossProfitRatio": 1,
        "researchAndDevelopmentExpenses": 0,
        "generalAndAdministrativeExpenses": 421477000,
        "sellingAndMarketingExpenses": 0,
        "sellingGeneralAndAdministrativeExpenses": 421477000,
        "otherExpenses": 77000,
        "operatingExpenses": 421554000,
        "costAndExpenses": 421554000,
        "interestIncome": 102843000,
        "interestExpense": 160776000,
        "depreciationAndAmortization": 23144000,
        "ebitda": 0,
        "ebitdaratio": 0,
        "operatingIncome": -214654000,
        "operatingIncomeRatio": -1.0427994015,
        "totalOtherIncomeExpensesNet": 0,
        "incomeBeforeTax": -215556000,
        "incomeBeforeTaxRatio": -1.0471813606,
        "incomeTaxExpense": -82265000,
        "netIncome": -132389000,
        "netIncomeRatio": -0.6431520958,
        "eps": -1.28,
        "epsdiluted": -1.28,
        "weightedAverageShsOut": 103098000,
        "weightedAverageShsOutDil": 103098000,
        "link": null,
        "finalLink": null
    },
    {
        "date": "2015-12-31",
        "symbol": "NSM",
        "reportedCurrency": "USD",
        "cik": "0000000000",
        "fillingDate": "2015-12-31",
        "acceptedDate": "2015-12-30 19:00:00",
        "calendarYear": "2015",
        "period": "Q4",
        "revenue": 529048000,
        "costOfRevenue": 0,
        "grossProfit": 529048000,
        "grossProfitRatio": 1,
        "researchAndDevelopmentExpenses": 0,
        "generalAndAdministrativeExpenses": 416530000,
        "sellingAndMarketingExpenses": 0,
        "sellingGeneralAndAdministrativeExpenses": 416530000,
        "otherExpenses": 0,
        "operatingExpenses": 0,
        "costAndExpenses": 0,
        "interestIncome": 107323000,
        "interestExpense": 165914000,
        "depreciationAndAmortization": 472034000,
        "ebitda": 0,
        "ebitdaratio": 0,
        "operatingIncome": 120538000,
        "operatingIncomeRatio": 0.2278394399,
        "totalOtherIncomeExpensesNet": 0,
        "incomeBeforeTax": 120755000,
        "incomeBeforeTaxRatio": 0.2282496106,
        "incomeTaxExpense": 41661000,
        "netIncome": 78877000,
        "netIncomeRatio": 0.1490923319,
        "eps": 0.73,
        "epsdiluted": 0.73,
        "weightedAverageShsOut": 107553000,
        "weightedAverageShsOutDil": 107986000,
        "link": null,
        "finalLink": null
    },
    {
        "date": "2015-09-30",
        "symbol": "NSM",
        "reportedCurrency": "USD",
        "cik": "0000000000",
        "fillingDate": "2015-09-30",
        "acceptedDate": "2015-09-29 20:00:00",
        "calendarYear": "2015",
        "period": "Q3",
        "revenue": 333997000,
        "costOfRevenue": 0,
        "grossProfit": 333997000,
        "grossProfitRatio": 1,
        "researchAndDevelopmentExpenses": 0,
        "generalAndAdministrativeExpenses": 446221000,
        "sellingAndMarketingExpenses": 0,
        "sellingGeneralAndAdministrativeExpenses": 446221000,
        "otherExpenses": 0,
        "operatingExpenses": 0,
        "costAndExpenses": 0,
        "interestIncome": 112503000,
        "interestExpense": 175798000,
        "depreciationAndAmortization": 14639000,
        "ebitda": 0,
        "ebitdaratio": 0,
        "operatingIncome": -113637000,
        "operatingIncomeRatio": -0.3402335949,
        "totalOtherIncomeExpensesNet": 0,
        "incomeBeforeTax": -112224000,
        "incomeBeforeTaxRatio": -0.336003018,
        "incomeTaxExpense": -47295000,
        "netIncome": -66342000,
        "netIncomeRatio": -0.1986305266,
        "eps": -0.62,
        "epsdiluted": -0.62,
        "weightedAverageShsOut": 107568000,
        "weightedAverageShsOutDil": 107568000,
        "link": null,
        "finalLink": null
    },
    {
        "date": "2015-06-30",
        "symbol": "NSM",
        "reportedCurrency": "USD",
        "cik": "0000000000",
        "fillingDate": "2015-06-30",
        "acceptedDate": "2015-06-29 20:00:00",
        "calendarYear": "2015",
        "period": "Q2",
        "revenue": 560996000,
        "costOfRevenue": 0,
        "grossProfit": 560996000,
        "grossProfitRatio": 1,
        "researchAndDevelopmentExpenses": 0,
        "generalAndAdministrativeExpenses": 440985000,
        "sellingAndMarketingExpenses": 0,
        "sellingGeneralAndAdministrativeExpenses": 440985000,
        "otherExpenses": 0,
        "operatingExpenses": 0,
        "costAndExpenses": 0,
        "interestIncome": 87155000,
        "interestExpense": 147863000,
        "depreciationAndAmortization": 13773000,
        "ebitda": 0,
        "ebitdaratio": 0,
        "operatingIncome": 118730000,
        "operatingIncomeRatio": 0.2116414377,
        "totalOtherIncomeExpensesNet": -3000,
        "incomeBeforeTax": 120011000,
        "incomeBeforeTaxRatio": 0.2139248765,
        "incomeTaxExpense": 44171000,
        "netIncome": 74559000,
        "netIncomeRatio": 0.1329046909,
        "eps": 0.69,
        "epsdiluted": 0.69,
        "weightedAverageShsOut": 107521000,
        "weightedAverageShsOutDil": 107889000,
        "link": null,
        "finalLink": null
    },
    {
        "date": "2015-03-31",
        "symbol": "NSM",
        "reportedCurrency": "USD",
        "cik": "0000000000",
        "fillingDate": "2015-03-31",
        "acceptedDate": "2015-03-30 20:00:00",
        "calendarYear": "2015",
        "period": "Q1",
        "revenue": 309476000,
        "costOfRevenue": 0,
        "grossProfit": 309476000,
        "grossProfitRatio": 1,
        "researchAndDevelopmentExpenses": 0,
        "generalAndAdministrativeExpenses": 383843000,
        "sellingAndMarketingExpenses": 0,
        "sellingGeneralAndAdministrativeExpenses": 383843000,
        "otherExpenses": 0,
        "operatingExpenses": 0,
        "costAndExpenses": 0,
        "interestIncome": 43774000,
        "interestExpense": 115648000,
        "depreciationAndAmortization": 12854000,
        "ebitda": 0,
        "ebitdaratio": 0,
        "operatingIncome": -75840000,
        "operatingIncomeRatio": -0.2450593907,
        "totalOtherIncomeExpensesNet": 0,
        "incomeBeforeTax": -74367000,
        "incomeBeforeTaxRatio": -0.2402997325,
        "incomeTaxExpense": -27525000,
        "netIncome": -48315000,
        "netIncomeRatio": -0.1561187297,
        "eps": -0.54,
        "epsdiluted": -0.53,
        "weightedAverageShsOut": 89911000,
        "weightedAverageShsOutDil": 90580000,
        "link": null,
        "finalLink": null
    },
    {
        "date": "2014-12-31",
        "symbol": "NSM",
        "reportedCurrency": "USD",
        "cik": "0000000000",
        "fillingDate": "2014-12-31",
        "acceptedDate": "2014-12-30 19:00:00",
        "calendarYear": "2014",
        "period": "Q4",
        "revenue": 400488000,
        "costOfRevenue": 0,
        "grossProfit": 400488000,
        "grossProfitRatio": 1,
        "researchAndDevelopmentExpenses": 0,
        "generalAndAdministrativeExpenses": 359581000,
        "sellingAndMarketingExpenses": 0,
        "sellingGeneralAndAdministrativeExpenses": 359581000,
        "otherExpenses": 0,
        "operatingExpenses": 0,
        "costAndExpenses": 0,
        "interestIncome": 49394000,
        "interestExpense": 103692000,
        "depreciationAndAmortization": 10203000,
        "ebitda": 0,
        "ebitdaratio": 0,
        "operatingIncome": 31620000,
        "operatingIncomeRatio": 0.0789536765,
        "totalOtherIncomeExpensesNet": 0,
        "incomeBeforeTax": 32039000,
        "incomeBeforeTaxRatio": 0.0799999001,
        "incomeTaxExpense": 12618000,
        "netIncome": 19002000,
        "netIncomeRatio": 0.0474471145,
        "eps": 0.21,
        "epsdiluted": 0.21,
        "weightedAverageShsOut": 89596000,
        "weightedAverageShsOutDil": 90385000,
        "link": null,
        "finalLink": null
    },
    {
        "date": "2014-09-30",
        "symbol": "NSM",
        "reportedCurrency": "USD",
        "cik": "0000000000",
        "fillingDate": "2014-09-30",
        "acceptedDate": "2014-09-29 20:00:00",
        "calendarYear": "2014",
        "period": "Q3",
        "revenue": 429174000,
        "costOfRevenue": 0,
        "grossProfit": 429174000,
        "grossProfitRatio": 1,
        "researchAndDevelopmentExpenses": 0,
        "generalAndAdministrativeExpenses": 317825000,
        "sellingAndMarketingExpenses": 0,
        "sellingGeneralAndAdministrativeExpenses": 317825000,
        "otherExpenses": 0,
        "operatingExpenses": 0,
        "costAndExpenses": 0,
        "interestIncome": 43314000,
        "interestExpense": 116673000,
        "depreciationAndAmortization": 9562000,
        "ebitda": 0,
        "ebitdaratio": 0,
        "operatingIncome": 109525000,
        "operatingIncomeRatio": 0.2551995228,
        "totalOtherIncomeExpensesNet": 0,
        "incomeBeforeTax": 109579000,
        "incomeBeforeTaxRatio": 0.2553253459,
        "incomeTaxExpense": -1700000,
        "netIncome": 111225000,
        "netIncomeRatio": 0.2591606202,
        "eps": 1.23,
        "epsdiluted": 1.22,
        "weightedAverageShsOut": 90120000,
        "weightedAverageShsOutDil": 91121000,
        "link": null,
        "finalLink": null
    },
    {
        "date": "2014-06-30",
        "symbol": "NSM",
        "reportedCurrency": "USD",
        "cik": "0000000000",
        "fillingDate": "2014-06-30",
        "acceptedDate": "2014-06-29 20:00:00",
        "calendarYear": "2014",
        "period": "Q2",
        "revenue": 449804000,
        "costOfRevenue": 0,
        "grossProfit": 449804000,
        "grossProfitRatio": 1,
        "researchAndDevelopmentExpenses": 0,
        "generalAndAdministrativeExpenses": 335237000,
        "sellingAndMarketingExpenses": 0,
        "sellingGeneralAndAdministrativeExpenses": 335237000,
        "otherExpenses": 0,
        "operatingExpenses": 0,
        "costAndExpenses": 0,
        "interestIncome": 42941000,
        "interestExpense": 139422000,
        "depreciationAndAmortization": 11609000,
        "ebitda": 0,
        "ebitdaratio": 0,
        "operatingIncome": 105396000,
        "operatingIncomeRatio": 0.2343153907,
        "totalOtherIncomeExpensesNet": 0,
        "incomeBeforeTax": 105588000,
        "incomeBeforeTaxRatio": 0.2347422433,
        "incomeTaxExpense": 38941000,
        "netIncome": 66455000,
        "netIncomeRatio": 0.1477421277,
        "eps": 0.74,
        "epsdiluted": 0.74,
        "weightedAverageShsOut": 89465000,
        "weightedAverageShsOutDil": 90194000,
        "link": null,
        "finalLink": null
    },
    {
        "date": "2014-03-31",
        "symbol": "NSM",
        "reportedCurrency": "USD",
        "cik": "0000000000",
        "fillingDate": "2014-03-31",
        "acceptedDate": "2014-03-30 20:00:00",
        "calendarYear": "2014",
        "period": "Q1",
        "revenue": 359211000,
        "costOfRevenue": 0,
        "grossProfit": 359211000,
        "grossProfitRatio": 1,
        "researchAndDevelopmentExpenses": 0,
        "generalAndAdministrativeExpenses": 312795000,
        "sellingAndMarketingExpenses": 0,
        "sellingGeneralAndAdministrativeExpenses": 312795000,
        "otherExpenses": 0,
        "operatingExpenses": 0,
        "costAndExpenses": 0,
        "interestIncome": 43943000,
        "interestExpense": 156600000,
        "depreciationAndAmortization": 8792000,
        "ebitda": 0,
        "ebitdaratio": 0,
        "operatingIncome": 39037000,
        "operatingIncomeRatio": 0.1086742889,
        "totalOtherIncomeExpensesNet": 0,
        "incomeBeforeTax": 38678000,
        "incomeBeforeTaxRatio": 0.1076748763,
        "incomeTaxExpense": 15001000,
        "netIncome": 24036000,
        "netIncomeRatio": 0.0669133184,
        "eps": 0.27,
        "epsdiluted": 0.27,
        "weightedAverageShsOut": 89342000,
        "weightedAverageShsOutDil": 90075000,
        "link": null,
        "finalLink": null
    },
    {
        "date": "2013-12-31",
        "symbol": "NSM",
        "reportedCurrency": "USD",
        "cik": "0000000000",
        "fillingDate": "2013-12-31",
        "acceptedDate": "2013-12-30 19:00:00",
        "calendarYear": "2013",
        "period": "Q4",
        "revenue": 312109000,
        "costOfRevenue": 0,
        "grossProfit": 312109000,
        "grossProfitRatio": 1,
        "researchAndDevelopmentExpenses": 0,
        "generalAndAdministrativeExpenses": 386001000,
        "sellingAndMarketingExpenses": 0,
        "sellingGeneralAndAdministrativeExpenses": 386001000,
        "otherExpenses": 0,
        "operatingExpenses": 0,
        "costAndExpenses": 0,
        "interestIncome": 51272000,
        "interestExpense": 160305000,
        "depreciationAndAmortization": 9929000,
        "ebitda": 0,
        "ebitdaratio": 0,
        "operatingIncome": -85940000,
        "operatingIncomeRatio": -0.2753525211,
        "totalOtherIncomeExpensesNet": 0,
        "incomeBeforeTax": -85940000,
        "incomeBeforeTaxRatio": -0.2753525211,
        "incomeTaxExpense": -35033000,
        "netIncome": -50907000,
        "netIncomeRatio": -0.1631064788,
        "eps": -0.57,
        "epsdiluted": -0.56,
        "weightedAverageShsOut": 89475000,
        "weightedAverageShsOutDil": 90641000,
        "link": null,
        "finalLink": null
    },
    {
        "date": "2013-09-30",
        "symbol": "NSM",
        "reportedCurrency": "USD",
        "cik": "0000000000",
        "fillingDate": "2013-09-30",
        "acceptedDate": "2013-09-29 20:00:00",
        "calendarYear": "2013",
        "period": "Q3",
        "revenue": 518428000,
        "costOfRevenue": 0,
        "grossProfit": 518428000,
        "grossProfitRatio": 1,
        "researchAndDevelopmentExpenses": 0,
        "generalAndAdministrativeExpenses": 380775000,
        "sellingAndMarketingExpenses": 0,
        "sellingGeneralAndAdministrativeExpenses": 380775000,
        "otherExpenses": 0,
        "operatingExpenses": 0,
        "costAndExpenses": 0,
        "interestIncome": 63903000,
        "interestExpense": 168215000,
        "depreciationAndAmortization": 6995000,
        "ebitda": 0,
        "ebitdaratio": 0,
        "operatingIncome": 132072000,
        "operatingIncomeRatio": 0.2547547586,
        "totalOtherIncomeExpensesNet": 0,
        "incomeBeforeTax": 132072000,
        "incomeBeforeTaxRatio": 0.2547547586,
        "incomeTaxExpense": 50187000,
        "netIncome": 81885000,
        "netIncomeRatio": 0.1579486447,
        "eps": 0.92,
        "epsdiluted": 0.91,
        "weightedAverageShsOut": 89477000,
        "weightedAverageShsOutDil": 90398000,
        "link": null,
        "finalLink": null
    },
    {
        "date": "2013-06-30",
        "symbol": "NSM",
        "reportedCurrency": "USD",
        "cik": "0000000000",
        "fillingDate": "2013-06-30",
        "acceptedDate": "2013-06-29 20:00:00",
        "calendarYear": "2013",
        "period": "Q2",
        "revenue": 536873000,
        "costOfRevenue": 0,
        "grossProfit": 536873000,
        "grossProfitRatio": 1,
        "researchAndDevelopmentExpenses": 0,
        "generalAndAdministrativeExpenses": 330712000,
        "sellingAndMarketingExpenses": 0,
        "sellingGeneralAndAdministrativeExpenses": 330712000,
        "otherExpenses": 0,
        "operatingExpenses": 0,
        "costAndExpenses": 0,
        "interestIncome": 52437000,
        "interestExpense": 117911000,
        "depreciationAndAmortization": 6065000,
        "ebitda": 0,
        "ebitdaratio": 0,
        "operatingIncome": 199129000,
        "operatingIncomeRatio": 0.3709052234,
        "totalOtherIncomeExpensesNet": 0,
        "incomeBeforeTax": 199129000,
        "incomeBeforeTaxRatio": 0.3709052234,
        "incomeTaxExpense": 75669000,
        "netIncome": 123460000,
        "netIncomeRatio": 0.2299612758,
        "eps": 1.38,
        "epsdiluted": 1.37,
        "weightedAverageShsOut": 89462000,
        "weightedAverageShsOutDil": 90352000,
        "link": null,
        "finalLink": null
    },
    {
        "date": "2013-03-31",
        "symbol": "NSM",
        "reportedCurrency": "USD",
        "cik": "0000000000",
        "fillingDate": "2013-03-31",
        "acceptedDate": "2013-03-30 20:00:00",
        "calendarYear": "2013",
        "period": "Q1",
        "revenue": 368472000,
        "costOfRevenue": 0,
        "grossProfit": 368472000,
        "grossProfitRatio": 1,
        "researchAndDevelopmentExpenses": 0,
        "generalAndAdministrativeExpenses": 260629000,
        "sellingAndMarketingExpenses": 0,
        "sellingGeneralAndAdministrativeExpenses": 260629000,
        "otherExpenses": 0,
        "operatingExpenses": 0,
        "costAndExpenses": 0,
        "interestIncome": 29608000,
        "interestExpense": 92374000,
        "depreciationAndAmortization": 3626000,
        "ebitda": 0,
        "ebitdaratio": 0,
        "operatingIncome": 100993000,
        "operatingIncomeRatio": 0.274085955,
        "totalOtherIncomeExpensesNet": 0,
        "incomeBeforeTax": 100993000,
        "incomeBeforeTaxRatio": 0.274085955,
        "incomeTaxExpense": 38377000,
        "netIncome": 62616000,
        "netIncomeRatio": 0.1699342148,
        "eps": 0.7,
        "epsdiluted": 0.7,
        "weightedAverageShsOut": 89293000,
        "weightedAverageShsOutDil": 89942000,
        "link": null,
        "finalLink": null
    },
    {
        "date": "2012-12-31",
        "symbol": "NSM",
        "reportedCurrency": "USD",
        "cik": "0000000000",
        "fillingDate": "2012-12-31",
        "acceptedDate": "2012-12-30 19:00:00",
        "calendarYear": "2012",
        "period": "Q4",
        "revenue": 306391000,
        "costOfRevenue": 0,
        "grossProfit": 306391000,
        "grossProfitRatio": 1,
        "researchAndDevelopmentExpenses": 0,
        "generalAndAdministrativeExpenses": 194416000,
        "sellingAndMarketingExpenses": 0,
        "sellingGeneralAndAdministrativeExpenses": 194416000,
        "otherExpenses": -406391000,
        "operatingExpenses": -211975000,
        "costAndExpenses": -211975000,
        "interestIncome": 18953000,
        "interestExpense": 71400000,
        "depreciationAndAmortization": -1858000,
        "ebitda": 163958000,
        "ebitdaratio": 0.5351266845,
        "operatingIncome": 94416000,
        "operatingIncomeRatio": 0.3081552657,
        "totalOtherIncomeExpensesNet": 0,
        "incomeBeforeTax": 94416000,
        "incomeBeforeTaxRatio": 0.3081552657,
        "incomeTaxExpense": 30657000,
        "netIncome": 63759000,
        "netIncomeRatio": 0.2080968436,
        "eps": 0.72,
        "epsdiluted": 0.71,
        "weightedAverageShsOut": 89173000,
        "weightedAverageShsOutDil": 89884000,
        "link": "",
        "finalLink": ""
    },
    {
        "date": "2012-09-30",
        "symbol": "NSM",
        "reportedCurrency": "USD",
        "cik": "0000000000",
        "fillingDate": "2012-09-30",
        "acceptedDate": "2012-09-29 20:00:00",
        "calendarYear": "2012",
        "period": "Q3",
        "revenue": 234609000,
        "costOfRevenue": 0,
        "grossProfit": 234609000,
        "grossProfitRatio": 1,
        "researchAndDevelopmentExpenses": 0,
        "generalAndAdministrativeExpenses": 149692000,
        "sellingAndMarketingExpenses": 0,
        "sellingGeneralAndAdministrativeExpenses": 149692000,
        "otherExpenses": -304520000,
        "operatingExpenses": -154828000,
        "costAndExpenses": -154828000,
        "interestIncome": 23542000,
        "interestExpense": 65015000,
        "depreciationAndAmortization": 2973000,
        "ebitda": 147769000,
        "ebitdaratio": 0.6298522222,
        "operatingIncome": 79781000,
        "operatingIncomeRatio": 0.340059418,
        "totalOtherIncomeExpensesNet": 0,
        "incomeBeforeTax": 79781000,
        "incomeBeforeTaxRatio": 0.340059418,
        "incomeTaxExpense": 24714000,
        "netIncome": 55067000,
        "netIncomeRatio": 0.2347181907,
        "eps": 0.62,
        "epsdiluted": 0.61,
        "weightedAverageShsOut": 89168000,
        "weightedAverageShsOutDil": 89765000,
        "link": "",
        "finalLink": ""
    },
    {
        "date": "2012-06-30",
        "symbol": "NSM",
        "reportedCurrency": "USD",
        "cik": "0000000000",
        "fillingDate": "2012-06-30",
        "acceptedDate": "2012-06-29 20:00:00",
        "calendarYear": "2012",
        "period": "Q2",
        "revenue": 179784000,
        "costOfRevenue": 0,
        "grossProfit": 179784000,
        "grossProfitRatio": 1,
        "researchAndDevelopmentExpenses": 0,
        "generalAndAdministrativeExpenses": 125157000,
        "sellingAndMarketingExpenses": 0,
        "sellingGeneralAndAdministrativeExpenses": 125157000,
        "otherExpenses": -252329000,
        "operatingExpenses": -127172000,
        "costAndExpenses": -127172000,
        "interestIncome": 15650000,
        "interestExpense": 35913000,
        "depreciationAndAmortization": 2487000,
        "ebitda": 87455000,
        "ebitdaratio": 0.4864448449,
        "operatingIncome": 52612000,
        "operatingIncomeRatio": 0.292640057,
        "totalOtherIncomeExpensesNet": -3557000,
        "incomeBeforeTax": 49055000,
        "incomeBeforeTaxRatio": 0.272855204,
        "incomeTaxExpense": 12780000,
        "netIncome": 36275000,
        "netIncomeRatio": 0.2017699017,
        "eps": 0.41,
        "epsdiluted": 0.41,
        "weightedAverageShsOut": 88500000,
        "weightedAverageShsOutDil": 89528000,
        "link": "",
        "finalLink": ""
    },
    {
        "date": "2012-03-31",
        "symbol": "NSM",
        "reportedCurrency": "USD",
        "cik": "0000000000",
        "fillingDate": "2012-03-31",
        "acceptedDate": "2012-03-30 20:00:00",
        "calendarYear": "2012",
        "period": "Q1",
        "revenue": 149908000,
        "costOfRevenue": 0,
        "grossProfit": 149908000,
        "grossProfitRatio": 1,
        "researchAndDevelopmentExpenses": 0,
        "generalAndAdministrativeExpenses": 90777000,
        "sellingAndMarketingExpenses": 0,
        "sellingGeneralAndAdministrativeExpenses": 90777000,
        "otherExpenses": -187354000,
        "operatingExpenses": -96577000,
        "costAndExpenses": -96577000,
        "interestIncome": 13441000,
        "interestExpense": 24980000,
        "depreciationAndAmortization": 898000,
        "ebitda": 79209000,
        "ebitdaratio": 0.5283840756,
        "operatingIncome": 53331000,
        "operatingIncomeRatio": 0.3557581984,
        "totalOtherIncomeExpensesNet": 0,
        "incomeBeforeTax": 53331000,
        "incomeBeforeTaxRatio": 0.3557581984,
        "incomeTaxExpense": 3145000,
        "netIncome": 50186000,
        "netIncomeRatio": 0.3347786642,
        "eps": 0.67,
        "epsdiluted": 0.67,
        "weightedAverageShsOut": 74388000,
        "weightedAverageShsOutDil": 74561000,
        "link": "",
        "finalLink": ""
    },
    {
        "date": "2011-12-31",
        "symbol": "NSM",
        "reportedCurrency": "USD",
        "cik": "0000000000",
        "fillingDate": "2011-12-31",
        "acceptedDate": "2011-12-30 19:00:00",
        "calendarYear": "2011",
        "period": "Q4",
        "revenue": 94439000,
        "costOfRevenue": 0,
        "grossProfit": 94439000,
        "grossProfitRatio": 1,
        "researchAndDevelopmentExpenses": 0,
        "generalAndAdministrativeExpenses": 37663000,
        "sellingAndMarketingExpenses": 10127000,
        "sellingGeneralAndAdministrativeExpenses": 47790000,
        "otherExpenses": -134256000,
        "operatingExpenses": -86466000,
        "costAndExpenses": -86466000,
        "interestIncome": 15556000,
        "interestExpense": 28446000,
        "depreciationAndAmortization": 1512000,
        "ebitda": 44850000,
        "ebitdaratio": 0.4749097301,
        "operatingIncome": 7973000,
        "operatingIncomeRatio": 0.0844248668,
        "totalOtherIncomeExpensesNet": 0,
        "incomeBeforeTax": 0,
        "incomeBeforeTaxRatio": 0,
        "incomeTaxExpense": 28446000,
        "netIncome": 14892000,
        "netIncomeRatio": 0.1576890903,
        "eps": 0.2,
        "epsdiluted": 0.2,
        "weightedAverageShsOut": 74388000,
        "weightedAverageShsOutDil": 74561000,
        "link": "",
        "finalLink": ""
    },
    {
        "date": "2011-09-30",
        "symbol": "NSM",
        "reportedCurrency": "USD",
        "cik": "0000000000",
        "fillingDate": "2011-09-30",
        "acceptedDate": "2011-09-29 20:00:00",
        "calendarYear": "2011",
        "period": "Q3",
        "revenue": 80094000,
        "costOfRevenue": 0,
        "grossProfit": 80094000,
        "grossProfitRatio": 1,
        "researchAndDevelopmentExpenses": 0,
        "generalAndAdministrativeExpenses": 76301000,
        "sellingAndMarketingExpenses": 0,
        "sellingGeneralAndAdministrativeExpenses": 76301000,
        "otherExpenses": -159495000,
        "operatingExpenses": -83194000,
        "costAndExpenses": -83194000,
        "interestIncome": 16201000,
        "interestExpense": 26376000,
        "depreciationAndAmortization": 991000,
        "ebitda": 24267000,
        "ebitdaratio": 0.3029814967,
        "operatingIncome": -3100000,
        "operatingIncomeRatio": -0.0387045222,
        "totalOtherIncomeExpensesNet": 0,
        "incomeBeforeTax": -3100000,
        "incomeBeforeTaxRatio": -0.0387045222,
        "incomeTaxExpense": 0,
        "netIncome": -3100000,
        "netIncomeRatio": -0.0387045222,
        "eps": -0.0443,
        "epsdiluted": -0.0443,
        "weightedAverageShsOut": 70000000,
        "weightedAverageShsOutDil": 70000000,
        "link": "",
        "finalLink": ""
    },
    {
        "date": "2011-06-30",
        "symbol": "NSM",
        "reportedCurrency": "USD",
        "cik": "0000000000",
        "fillingDate": "2011-06-30",
        "acceptedDate": "2011-06-29 20:00:00",
        "calendarYear": "2011",
        "period": "Q2",
        "revenue": 73741000,
        "costOfRevenue": 0,
        "grossProfit": 73741000,
        "grossProfitRatio": 1,
        "researchAndDevelopmentExpenses": 0,
        "generalAndAdministrativeExpenses": 64118000,
        "sellingAndMarketingExpenses": 0,
        "sellingGeneralAndAdministrativeExpenses": 64118000,
        "otherExpenses": -130421000,
        "operatingExpenses": -66303000,
        "costAndExpenses": -66303000,
        "interestIncome": 16727000,
        "interestExpense": 25185000,
        "depreciationAndAmortization": 809000,
        "ebitda": 27720000,
        "ebitdaratio": 0.3759102806,
        "operatingIncome": 7438000,
        "operatingIncomeRatio": 0.1008665464,
        "totalOtherIncomeExpensesNet": -5712000,
        "incomeBeforeTax": 1726000,
        "incomeBeforeTaxRatio": 0.0234062462,
        "incomeTaxExpense": 0,
        "netIncome": 1726000,
        "netIncomeRatio": 0.0234062462,
        "eps": 0.0247,
        "epsdiluted": 0.0247,
        "weightedAverageShsOut": 70000000,
        "weightedAverageShsOutDil": 70000000,
        "link": "",
        "finalLink": ""
    },
    {
        "date": "2011-03-31",
        "symbol": "NSM",
        "reportedCurrency": "USD",
        "cik": "0000000000",
        "fillingDate": "2011-03-31",
        "acceptedDate": "2011-03-30 20:00:00",
        "calendarYear": "2011",
        "period": "Q1",
        "revenue": 78142000,
        "costOfRevenue": 0,
        "grossProfit": 78142000,
        "grossProfitRatio": 1,
        "researchAndDevelopmentExpenses": 0,
        "generalAndAdministrativeExpenses": 62487000,
        "sellingAndMarketingExpenses": 0,
        "sellingGeneralAndAdministrativeExpenses": 62487000,
        "otherExpenses": -130608000,
        "operatingExpenses": -68121000,
        "costAndExpenses": -68121000,
        "interestIncome": 18318000,
        "interestExpense": 25368000,
        "depreciationAndAmortization": 751000,
        "ebitda": 33488000,
        "ebitdaratio": 0.4285531468,
        "operatingIncome": 10021000,
        "operatingIncomeRatio": 0.1282408948,
        "totalOtherIncomeExpensesNet": 0,
        "incomeBeforeTax": 0,
        "incomeBeforeTaxRatio": 0,
        "incomeTaxExpense": 25368000,
        "netIncome": 7369000,
        "netIncomeRatio": 0.0943026797,
        "eps": 0.0825,
        "epsdiluted": 0.0819,
        "weightedAverageShsOut": 89293000,
        "weightedAverageShsOutDil": 89942000,
        "link": "",
        "finalLink": ""
    },
    {
        "date": "2010-12-31",
        "symbol": "NSM",
        "reportedCurrency": "USD",
        "cik": "0000000000",
        "fillingDate": "2010-12-31",
        "acceptedDate": "2010-12-30 19:00:00",
        "calendarYear": "2010",
        "period": "Q4",
        "revenue": 76915000,
        "costOfRevenue": 0,
        "grossProfit": 76915000,
        "grossProfitRatio": 1,
        "researchAndDevelopmentExpenses": 0,
        "generalAndAdministrativeExpenses": 68408000,
        "sellingAndMarketingExpenses": 0,
        "sellingGeneralAndAdministrativeExpenses": 68408000,
        "otherExpenses": -143762000,
        "operatingExpenses": -75354000,
        "costAndExpenses": -75354000,
        "interestIncome": 16876000,
        "interestExpense": 26865000,
        "depreciationAndAmortization": 667000,
        "ebitda": 25027000,
        "ebitdaratio": 0.3253851654,
        "operatingIncome": 1561000,
        "operatingIncomeRatio": 0.020295131,
        "totalOtherIncomeExpensesNet": 0,
        "incomeBeforeTax": 0,
        "incomeBeforeTaxRatio": 0,
        "incomeTaxExpense": 26865000,
        "netIncome": -2505000,
        "netIncomeRatio": -0.0325684197,
        "eps": -0.0281,
        "epsdiluted": -0.0279,
        "weightedAverageShsOut": 89293000,
        "weightedAverageShsOutDil": 89942000,
        "link": "",
        "finalLink": ""
    },
    {
        "date": "2010-03-31",
        "symbol": "NSM",
        "reportedCurrency": "USD",
        "cik": "0000000000",
        "fillingDate": "2010-03-31",
        "acceptedDate": "2010-03-30 20:00:00",
        "calendarYear": "2010",
        "period": "Q1",
        "revenue": 53377000,
        "costOfRevenue": 0,
        "grossProfit": 53377000,
        "grossProfitRatio": 1,
        "researchAndDevelopmentExpenses": 0,
        "generalAndAdministrativeExpenses": 38209000,
        "sellingAndMarketingExpenses": 0,
        "sellingGeneralAndAdministrativeExpenses": 38209000,
        "otherExpenses": -78298000,
        "operatingExpenses": -40089000,
        "costAndExpenses": -40089000,
        "interestIncome": 31333000,
        "interestExpense": 29135000,
        "depreciationAndAmortization": 398000,
        "ebitda": 30265000,
        "ebitdaratio": 0.5670045151,
        "operatingIncome": 13288000,
        "operatingIncomeRatio": 0.2489461753,
        "totalOtherIncomeExpensesNet": 0,
        "incomeBeforeTax": 0,
        "incomeBeforeTaxRatio": 0,
        "incomeTaxExpense": 29135000,
        "netIncome": 732000,
        "netIncomeRatio": 0.0137137718,
        "eps": 0.0082,
        "epsdiluted": 0.0081,
        "weightedAverageShsOut": 89293000,
        "weightedAverageShsOutDil": 89942000,
        "link": "",
        "finalLink": ""
    }
]