[
    {
        "date": "2025-06-30",
        "symbol": "OC",
        "reportedCurrency": "USD",
        "cik": "0001370946",
        "fillingDate": "2025-08-06",
        "acceptedDate": "2025-08-06 06:05:58",
        "calendarYear": "2025",
        "period": "Q2",
        "revenue": 2747000000,
        "costOfRevenue": 1879000000,
        "grossProfit": 868000000,
        "grossProfitRatio": 0.3159810703,
        "researchAndDevelopmentExpenses": 37000000,
        "generalAndAdministrativeExpenses": 0,
        "sellingAndMarketingExpenses": 0,
        "sellingGeneralAndAdministrativeExpenses": 262000000,
        "otherExpenses": 0,
        "operatingExpenses": 299000000,
        "costAndExpenses": 2178000000,
        "interestIncome": 0,
        "interestExpense": 63000000,
        "depreciationAndAmortization": 172000000,
        "ebitda": 677000000,
        "ebitdaratio": 0.2464506735,
        "operatingIncome": 569000000,
        "operatingIncomeRatio": 0.2071350564,
        "totalOtherIncomeExpensesNet": -126000000,
        "incomeBeforeTax": 443000000,
        "incomeBeforeTaxRatio": 0.1612668365,
        "incomeTaxExpense": 110000000,
        "netIncome": 363000000,
        "netIncomeRatio": 0.1321441573,
        "eps": 4.27,
        "epsdiluted": 4.25,
        "weightedAverageShsOut": 85000000,
        "weightedAverageShsOutDil": 85500000,
        "link": "https://www.sec.gov/Archives/edgar/data/1370946/000137094625000205/0001370946-25-000205-index.htm",
        "finalLink": "https://www.sec.gov/Archives/edgar/data/1370946/000137094625000205/oc-20250630.htm"
    },
    {
        "date": "2025-03-31",
        "symbol": "OC",
        "reportedCurrency": "USD",
        "cik": "0001370946",
        "fillingDate": "2025-05-07",
        "acceptedDate": "2025-05-07 06:53:28",
        "calendarYear": "2025",
        "period": "Q1",
        "revenue": 2530000000,
        "costOfRevenue": 1806000000,
        "grossProfit": 724000000,
        "grossProfitRatio": 0.2861660079,
        "researchAndDevelopmentExpenses": 35000000,
        "generalAndAdministrativeExpenses": 0,
        "sellingAndMarketingExpenses": 0,
        "sellingGeneralAndAdministrativeExpenses": 261000000,
        "otherExpenses": 0,
        "operatingExpenses": 296000000,
        "costAndExpenses": 2102000000,
        "interestIncome": 0,
        "interestExpense": 64000000,
        "depreciationAndAmortization": 159000000,
        "ebitda": 566000000,
        "ebitdaratio": 0.223715415,
        "operatingIncome": 428000000,
        "operatingIncomeRatio": 0.1691699605,
        "totalOtherIncomeExpensesNet": -85000000,
        "incomeBeforeTax": 343000000,
        "incomeBeforeTaxRatio": 0.1355731225,
        "incomeTaxExpense": 88000000,
        "netIncome": -93000000,
        "netIncomeRatio": -0.0367588933,
        "eps": -1.08,
        "epsdiluted": -1.08,
        "weightedAverageShsOut": 85800000,
        "weightedAverageShsOutDil": 86300000,
        "link": "https://www.sec.gov/Archives/edgar/data/1370946/000162828025022858/0001628280-25-022858-index.htm",
        "finalLink": "https://www.sec.gov/Archives/edgar/data/1370946/000162828025022858/oc-20250331.htm"
    },
    {
        "date": "2024-12-31",
        "symbol": "OC",
        "reportedCurrency": "USD",
        "cik": "0001370946",
        "fillingDate": "2025-02-24",
        "acceptedDate": "2025-02-24 06:03:31",
        "calendarYear": "2024",
        "period": "Q4",
        "revenue": 2840000000,
        "costOfRevenue": 2033000000,
        "grossProfit": 807000000,
        "grossProfitRatio": 0.2841549296,
        "researchAndDevelopmentExpenses": 43000000,
        "generalAndAdministrativeExpenses": 0,
        "sellingAndMarketingExpenses": 0,
        "sellingGeneralAndAdministrativeExpenses": 303000000,
        "otherExpenses": 0,
        "operatingExpenses": 346000000,
        "costAndExpenses": 2379000000,
        "interestIncome": 0,
        "interestExpense": 61000000,
        "depreciationAndAmortization": 139000000,
        "ebitda": -105000000,
        "ebitdaratio": -0.036971831,
        "operatingIncome": 461000000,
        "operatingIncomeRatio": 0.1623239437,
        "totalOtherIncomeExpensesNet": -762000000,
        "incomeBeforeTax": -301000000,
        "incomeBeforeTaxRatio": -0.1059859155,
        "incomeTaxExpense": -43000000,
        "netIncome": -258000000,
        "netIncomeRatio": -0.0908450704,
        "eps": -2.97,
        "epsdiluted": -2.94,
        "weightedAverageShsOut": 87000000,
        "weightedAverageShsOutDil": 87900000,
        "link": "https://www.sec.gov/Archives/edgar/data/1370946/000137094625000077/0001370946-25-000077-index.htm",
        "finalLink": "https://www.sec.gov/Archives/edgar/data/1370946/000137094625000077/oc-20241231.htm"
    },
    {
        "date": "2024-09-30",
        "symbol": "OC",
        "reportedCurrency": "USD",
        "cik": "0001370946",
        "fillingDate": "2024-11-06",
        "acceptedDate": "2024-11-06 06:03:21",
        "calendarYear": "2024",
        "period": "Q3",
        "revenue": 3046000000,
        "costOfRevenue": 2134000000,
        "grossProfit": 912000000,
        "grossProfitRatio": 0.2994090611,
        "researchAndDevelopmentExpenses": 36000000,
        "generalAndAdministrativeExpenses": 0,
        "sellingAndMarketingExpenses": 0,
        "sellingGeneralAndAdministrativeExpenses": 279000000,
        "otherExpenses": 0,
        "operatingExpenses": 315000000,
        "costAndExpenses": 2449000000,
        "interestIncome": 0,
        "interestExpense": 70000000,
        "depreciationAndAmortization": 185000000,
        "ebitda": 694000000,
        "ebitdaratio": 0.2278397899,
        "operatingIncome": 597000000,
        "operatingIncomeRatio": 0.1959947472,
        "totalOtherIncomeExpensesNet": -156000000,
        "incomeBeforeTax": 441000000,
        "incomeBeforeTaxRatio": 0.1447800394,
        "incomeTaxExpense": 120000000,
        "netIncome": 321000000,
        "netIncomeRatio": 0.1053841103,
        "eps": 3.69,
        "epsdiluted": 3.65,
        "weightedAverageShsOut": 87000000,
        "weightedAverageShsOutDil": 87900000,
        "link": "https://www.sec.gov/Archives/edgar/data/1370946/000137094624000239/0001370946-24-000239-index.htm",
        "finalLink": "https://www.sec.gov/Archives/edgar/data/1370946/000137094624000239/oc-20240930.htm"
    },
    {
        "date": "2024-06-30",
        "symbol": "OC",
        "reportedCurrency": "USD",
        "cik": "0001370946",
        "fillingDate": "2024-08-06",
        "acceptedDate": "2024-08-06 06:06:03",
        "calendarYear": "2024",
        "period": "Q2",
        "revenue": 2497000000,
        "costOfRevenue": 1676000000,
        "grossProfit": 821000000,
        "grossProfitRatio": 0.3287945535,
        "researchAndDevelopmentExpenses": 32000000,
        "generalAndAdministrativeExpenses": 0,
        "sellingAndMarketingExpenses": 0,
        "sellingGeneralAndAdministrativeExpenses": 228000000,
        "otherExpenses": 0,
        "operatingExpenses": 260000000,
        "costAndExpenses": 1936000000,
        "interestIncome": 0,
        "interestExpense": 64000000,
        "depreciationAndAmortization": 167000000,
        "ebitda": 586000000,
        "ebitdaratio": 0.2346816179,
        "operatingIncome": 561000000,
        "operatingIncomeRatio": 0.2246696035,
        "totalOtherIncomeExpensesNet": -203000000,
        "incomeBeforeTax": 358000000,
        "incomeBeforeTaxRatio": 0.1433720465,
        "incomeTaxExpense": 101000000,
        "netIncome": 285000000,
        "netIncomeRatio": 0.1141369644,
        "eps": 3.27,
        "epsdiluted": 3.24,
        "weightedAverageShsOut": 87200000,
        "weightedAverageShsOutDil": 88000000,
        "link": "https://www.sec.gov/Archives/edgar/data/1370946/000137094624000183/0001370946-24-000183-index.htm",
        "finalLink": "https://www.sec.gov/Archives/edgar/data/1370946/000137094624000183/oc-20240630.htm"
    },
    {
        "date": "2024-03-31",
        "symbol": "OC",
        "reportedCurrency": "USD",
        "cik": "0001370946",
        "fillingDate": "2024-04-24",
        "acceptedDate": "2024-04-24 06:05:55",
        "calendarYear": "2024",
        "period": "Q1",
        "revenue": 2017000000,
        "costOfRevenue": 1383000000,
        "grossProfit": 634000000,
        "grossProfitRatio": 0.3143282102,
        "researchAndDevelopmentExpenses": 27000000,
        "generalAndAdministrativeExpenses": 0,
        "sellingAndMarketingExpenses": 0,
        "sellingGeneralAndAdministrativeExpenses": 190000000,
        "otherExpenses": 0,
        "operatingExpenses": 217000000,
        "costAndExpenses": 1600000000,
        "interestIncome": 0,
        "interestExpense": 16000000,
        "depreciationAndAmortization": 131000000,
        "ebitda": 507000000,
        "ebitdaratio": 0.251363411,
        "operatingIncome": 417000000,
        "operatingIncomeRatio": 0.2067426872,
        "totalOtherIncomeExpensesNet": -57000000,
        "incomeBeforeTax": 360000000,
        "incomeBeforeTaxRatio": 0.1784828954,
        "incomeTaxExpense": 83000000,
        "netIncome": 299000000,
        "netIncomeRatio": 0.1482399603,
        "eps": 3.43,
        "epsdiluted": 3.4,
        "weightedAverageShsOut": 87300000,
        "weightedAverageShsOutDil": 87900000,
        "link": "https://www.sec.gov/Archives/edgar/data/1370946/000137094624000129/0001370946-24-000129-index.htm",
        "finalLink": "https://www.sec.gov/Archives/edgar/data/1370946/000137094624000129/oc-20240331.htm"
    },
    {
        "date": "2023-12-31",
        "symbol": "OC",
        "reportedCurrency": "USD",
        "cik": "0001370946",
        "fillingDate": "2024-02-14",
        "acceptedDate": "2024-02-14 06:06:49",
        "calendarYear": "2023",
        "period": "Q4",
        "revenue": 2304000000,
        "costOfRevenue": 1638000000,
        "grossProfit": 666000000,
        "grossProfitRatio": 0.2890625,
        "researchAndDevelopmentExpenses": 38000000,
        "generalAndAdministrativeExpenses": 0,
        "sellingAndMarketingExpenses": 0,
        "sellingGeneralAndAdministrativeExpenses": 218000000,
        "otherExpenses": 0,
        "operatingExpenses": 256000000,
        "costAndExpenses": 1894000000,
        "interestIncome": 0,
        "interestExpense": 14000000,
        "depreciationAndAmortization": 133000000,
        "ebitda": 316000000,
        "ebitdaratio": 0.1371527778,
        "operatingIncome": 410000000,
        "operatingIncomeRatio": 0.1779513889,
        "totalOtherIncomeExpensesNet": -240000000,
        "incomeBeforeTax": 170000000,
        "incomeBeforeTaxRatio": 0.0737847222,
        "incomeTaxExpense": 40000000,
        "netIncome": 131000000,
        "netIncomeRatio": 0.0568576389,
        "eps": 1.48,
        "epsdiluted": 1.46,
        "weightedAverageShsOut": 88500000,
        "weightedAverageShsOutDil": 89500000,
        "link": "https://www.sec.gov/Archives/edgar/data/1370946/000137094624000046/0001370946-24-000046-index.htm",
        "finalLink": "https://www.sec.gov/Archives/edgar/data/1370946/000137094624000046/oc-20231231.htm"
    },
    {
        "date": "2023-09-30",
        "symbol": "OC",
        "reportedCurrency": "USD",
        "cik": "0001370946",
        "fillingDate": "2023-10-25",
        "acceptedDate": "2023-10-25 06:06:09",
        "calendarYear": "2023",
        "period": "Q3",
        "revenue": 2479000000,
        "costOfRevenue": 1712000000,
        "grossProfit": 767000000,
        "grossProfitRatio": 0.3093989512,
        "researchAndDevelopmentExpenses": 29000000,
        "generalAndAdministrativeExpenses": 0,
        "sellingAndMarketingExpenses": 0,
        "sellingGeneralAndAdministrativeExpenses": 201000000,
        "otherExpenses": 0,
        "operatingExpenses": 230000000,
        "costAndExpenses": 1942000000,
        "interestIncome": 0,
        "interestExpense": 17000000,
        "depreciationAndAmortization": 160000000,
        "ebitda": 623000000,
        "ebitdaratio": 0.2513110125,
        "operatingIncome": 537000000,
        "operatingIncomeRatio": 0.2166196047,
        "totalOtherIncomeExpensesNet": -90000000,
        "incomeBeforeTax": 447000000,
        "incomeBeforeTaxRatio": 0.180314643,
        "incomeTaxExpense": 110000000,
        "netIncome": 337000000,
        "netIncomeRatio": 0.1359419121,
        "eps": 3.74,
        "epsdiluted": 3.71,
        "weightedAverageShsOut": 90000000,
        "weightedAverageShsOutDil": 90900000,
        "link": "https://www.sec.gov/Archives/edgar/data/1370946/000137094623000049/0001370946-23-000049-index.htm",
        "finalLink": "https://www.sec.gov/Archives/edgar/data/1370946/000137094623000049/oc-20230930.htm"
    },
    {
        "date": "2023-06-30",
        "symbol": "OC",
        "reportedCurrency": "USD",
        "cik": "0001370946",
        "fillingDate": "2023-07-26",
        "acceptedDate": "2023-07-26 06:07:18",
        "calendarYear": "2023",
        "period": "Q2",
        "revenue": 2563000000,
        "costOfRevenue": 1774000000,
        "grossProfit": 789000000,
        "grossProfitRatio": 0.3078423722,
        "researchAndDevelopmentExpenses": 28000000,
        "generalAndAdministrativeExpenses": 0,
        "sellingAndMarketingExpenses": 0,
        "sellingGeneralAndAdministrativeExpenses": 206000000,
        "otherExpenses": 0,
        "operatingExpenses": 234000000,
        "costAndExpenses": 2008000000,
        "interestIncome": 0,
        "interestExpense": 23000000,
        "depreciationAndAmortization": 159000000,
        "ebitda": 646000000,
        "ebitdaratio": 0.2520483808,
        "operatingIncome": 555000000,
        "operatingIncomeRatio": 0.2165431135,
        "totalOtherIncomeExpensesNet": -90000000,
        "incomeBeforeTax": 465000000,
        "incomeBeforeTaxRatio": 0.181428014,
        "incomeTaxExpense": 121000000,
        "netIncome": 345000000,
        "netIncomeRatio": 0.1346078814,
        "eps": 3.81,
        "epsdiluted": 3.78,
        "weightedAverageShsOut": 90500000,
        "weightedAverageShsOutDil": 91300000,
        "link": "https://www.sec.gov/Archives/edgar/data/1370946/000137094623000033/0001370946-23-000033-index.htm",
        "finalLink": "https://www.sec.gov/Archives/edgar/data/1370946/000137094623000033/oc-20230630.htm"
    },
    {
        "date": "2023-03-31",
        "symbol": "OC",
        "reportedCurrency": "USD",
        "cik": "0001370946",
        "fillingDate": "2023-04-26",
        "acceptedDate": "2023-04-26 06:07:35",
        "calendarYear": "2023",
        "period": "Q1",
        "revenue": 2331000000,
        "costOfRevenue": 1716000000,
        "grossProfit": 615000000,
        "grossProfitRatio": 0.2638352638,
        "researchAndDevelopmentExpenses": 28000000,
        "generalAndAdministrativeExpenses": 0,
        "sellingAndMarketingExpenses": 0,
        "sellingGeneralAndAdministrativeExpenses": 204000000,
        "otherExpenses": 0,
        "operatingExpenses": 232000000,
        "costAndExpenses": 1948000000,
        "interestIncome": 0,
        "interestExpense": 22000000,
        "depreciationAndAmortization": 127000000,
        "ebitda": 661000000,
        "ebitdaratio": 0.2835692836,
        "operatingIncome": 383000000,
        "operatingIncomeRatio": 0.1643071643,
        "totalOtherIncomeExpensesNet": 129000000,
        "incomeBeforeTax": 512000000,
        "incomeBeforeTaxRatio": 0.2196482196,
        "incomeTaxExpense": 130000000,
        "netIncome": 383000000,
        "netIncomeRatio": 0.1643071643,
        "eps": 4.2,
        "epsdiluted": 4.17,
        "weightedAverageShsOut": 91300000,
        "weightedAverageShsOutDil": 91900000,
        "link": "https://www.sec.gov/Archives/edgar/data/1370946/000137094623000023/0001370946-23-000023-index.htm",
        "finalLink": "https://www.sec.gov/Archives/edgar/data/1370946/000137094623000023/oc-20230331.htm"
    },
    {
        "date": "2022-12-31",
        "symbol": "OC",
        "reportedCurrency": "USD",
        "cik": "0001370946",
        "fillingDate": "2023-02-15",
        "acceptedDate": "2023-02-15 06:08:42",
        "calendarYear": "2022",
        "period": "Q4",
        "revenue": 2285000000,
        "costOfRevenue": 1704000000,
        "grossProfit": 581000000,
        "grossProfitRatio": 0.2542669584,
        "researchAndDevelopmentExpenses": 33000000,
        "generalAndAdministrativeExpenses": 0,
        "sellingAndMarketingExpenses": 0,
        "sellingGeneralAndAdministrativeExpenses": 215000000,
        "otherExpenses": 0,
        "operatingExpenses": 248000000,
        "costAndExpenses": 1952000000,
        "interestIncome": 0,
        "interestExpense": 27000000,
        "depreciationAndAmortization": 131000000,
        "ebitda": 313000000,
        "ebitdaratio": 0.1369803063,
        "operatingIncome": 333000000,
        "operatingIncomeRatio": 0.1457330416,
        "totalOtherIncomeExpensesNet": -178000000,
        "incomeBeforeTax": 155000000,
        "incomeBeforeTaxRatio": 0.067833698,
        "incomeTaxExpense": 33000000,
        "netIncome": 124000000,
        "netIncomeRatio": 0.0542669584,
        "eps": 1.33,
        "epsdiluted": 1.32,
        "weightedAverageShsOut": 93100000,
        "weightedAverageShsOutDil": 94200000,
        "link": "https://www.sec.gov/Archives/edgar/data/1370946/000137094623000010/0001370946-23-000010-index.htm",
        "finalLink": "https://www.sec.gov/Archives/edgar/data/1370946/000137094623000010/oc-20221231.htm"
    },
    {
        "date": "2022-09-30",
        "symbol": "OC",
        "reportedCurrency": "USD",
        "cik": "0001370946",
        "fillingDate": "2022-10-26",
        "acceptedDate": "2022-10-26 06:06:18",
        "calendarYear": "2022",
        "period": "Q3",
        "revenue": 2529000000,
        "costOfRevenue": 1847000000,
        "grossProfit": 682000000,
        "grossProfitRatio": 0.269671807,
        "researchAndDevelopmentExpenses": 26000000,
        "generalAndAdministrativeExpenses": 0,
        "sellingAndMarketingExpenses": 0,
        "sellingGeneralAndAdministrativeExpenses": 199000000,
        "otherExpenses": 0,
        "operatingExpenses": 225000000,
        "costAndExpenses": 2072000000,
        "interestIncome": 0,
        "interestExpense": 28000000,
        "depreciationAndAmortization": 130000000,
        "ebitda": 740000000,
        "ebitdaratio": 0.292605773,
        "operatingIncome": 457000000,
        "operatingIncomeRatio": 0.1807038355,
        "totalOtherIncomeExpensesNet": 126000000,
        "incomeBeforeTax": 583000000,
        "incomeBeforeTaxRatio": 0.2305258996,
        "incomeTaxExpense": 114000000,
        "netIncome": 470000000,
        "netIncomeRatio": 0.1858442072,
        "eps": 4.88,
        "epsdiluted": 4.84,
        "weightedAverageShsOut": 96300000,
        "weightedAverageShsOutDil": 97100000,
        "link": "https://www.sec.gov/Archives/edgar/data/1370946/000137094622000046/0001370946-22-000046-index.htm",
        "finalLink": "https://www.sec.gov/Archives/edgar/data/1370946/000137094622000046/oc-20220930.htm"
    },
    {
        "date": "2022-06-30",
        "symbol": "OC",
        "reportedCurrency": "USD",
        "cik": "0001370946",
        "fillingDate": "2022-07-27",
        "acceptedDate": "2022-07-27 06:09:45",
        "calendarYear": "2022",
        "period": "Q2",
        "revenue": 2601000000,
        "costOfRevenue": 1876000000,
        "grossProfit": 725000000,
        "grossProfitRatio": 0.2787389466,
        "researchAndDevelopmentExpenses": 24000000,
        "generalAndAdministrativeExpenses": 0,
        "sellingAndMarketingExpenses": 0,
        "sellingGeneralAndAdministrativeExpenses": 195000000,
        "otherExpenses": 0,
        "operatingExpenses": 219000000,
        "costAndExpenses": 2095000000,
        "interestIncome": 0,
        "interestExpense": 26000000,
        "depreciationAndAmortization": 138000000,
        "ebitda": 627000000,
        "ebitdaratio": 0.2410611303,
        "operatingIncome": 506000000,
        "operatingIncomeRatio": 0.1945405613,
        "totalOtherIncomeExpensesNet": -44000000,
        "incomeBeforeTax": 462000000,
        "incomeBeforeTaxRatio": 0.1776239908,
        "incomeTaxExpense": 119000000,
        "netIncome": 343000000,
        "netIncomeRatio": 0.1318723568,
        "eps": 3.51,
        "epsdiluted": 3.49,
        "weightedAverageShsOut": 97600000,
        "weightedAverageShsOutDil": 98400000,
        "link": "https://www.sec.gov/Archives/edgar/data/1370946/000137094622000037/0001370946-22-000037-index.htm",
        "finalLink": "https://www.sec.gov/Archives/edgar/data/1370946/000137094622000037/oc-20220630.htm"
    },
    {
        "date": "2022-03-31",
        "symbol": "OC",
        "reportedCurrency": "USD",
        "cik": "0001370946",
        "fillingDate": "2022-04-27",
        "acceptedDate": "2022-04-27 06:08:12",
        "calendarYear": "2022",
        "period": "Q1",
        "revenue": 2346000000,
        "costOfRevenue": 1731000000,
        "grossProfit": 615000000,
        "grossProfitRatio": 0.2621483376,
        "researchAndDevelopmentExpenses": 23000000,
        "generalAndAdministrativeExpenses": 0,
        "sellingAndMarketingExpenses": 0,
        "sellingGeneralAndAdministrativeExpenses": 184000000,
        "otherExpenses": 0,
        "operatingExpenses": 207000000,
        "costAndExpenses": 1938000000,
        "interestIncome": 0,
        "interestExpense": 28000000,
        "depreciationAndAmortization": 132000000,
        "ebitda": 575000000,
        "ebitdaratio": 0.2450980392,
        "operatingIncome": 408000000,
        "operatingIncomeRatio": 0.1739130435,
        "totalOtherIncomeExpensesNet": 6000000,
        "incomeBeforeTax": 414000000,
        "incomeBeforeTaxRatio": 0.1764705882,
        "incomeTaxExpense": 107000000,
        "netIncome": 304000000,
        "netIncomeRatio": 0.1295822677,
        "eps": 3.06,
        "epsdiluted": 3.03,
        "weightedAverageShsOut": 99500000,
        "weightedAverageShsOutDil": 100200000,
        "link": "https://www.sec.gov/Archives/edgar/data/1370946/000137094622000022/0001370946-22-000022-index.htm",
        "finalLink": "https://www.sec.gov/Archives/edgar/data/1370946/000137094622000022/oc-20220331.htm"
    },
    {
        "date": "2021-12-31",
        "symbol": "OC",
        "reportedCurrency": "USD",
        "cik": "0001370946",
        "fillingDate": "2022-02-16",
        "acceptedDate": "2022-02-16 06:16:53",
        "calendarYear": "2021",
        "period": "Q4",
        "revenue": 2131000000,
        "costOfRevenue": 1575000000,
        "grossProfit": 556000000,
        "grossProfitRatio": 0.2609103707,
        "researchAndDevelopmentExpenses": 28000000,
        "generalAndAdministrativeExpenses": 0,
        "sellingAndMarketingExpenses": 0,
        "sellingGeneralAndAdministrativeExpenses": 207000000,
        "otherExpenses": 0,
        "operatingExpenses": 235000000,
        "costAndExpenses": 1810000000,
        "interestIncome": 0,
        "interestExpense": 29000000,
        "depreciationAndAmortization": 127000000,
        "ebitda": 453000000,
        "ebitdaratio": 0.2125762553,
        "operatingIncome": 321000000,
        "operatingIncomeRatio": 0.1506335054,
        "totalOtherIncomeExpensesNet": -24000000,
        "incomeBeforeTax": 297000000,
        "incomeBeforeTaxRatio": 0.1393711872,
        "incomeTaxExpense": 69000000,
        "netIncome": 227000000,
        "netIncomeRatio": 0.1065227593,
        "eps": 2.25,
        "epsdiluted": 2.23,
        "weightedAverageShsOut": 100900000,
        "weightedAverageShsOutDil": 101700000,
        "link": "https://www.sec.gov/Archives/edgar/data/1370946/000137094622000010/0001370946-22-000010-index.htm",
        "finalLink": "https://www.sec.gov/Archives/edgar/data/1370946/000137094622000010/oc-20211231.htm"
    },
    {
        "date": "2021-09-30",
        "symbol": "OC",
        "reportedCurrency": "USD",
        "cik": "0001370946",
        "fillingDate": "2021-10-27",
        "acceptedDate": "2021-10-27 06:09:27",
        "calendarYear": "2021",
        "period": "Q3",
        "revenue": 2213000000,
        "costOfRevenue": 1615000000,
        "grossProfit": 598000000,
        "grossProfitRatio": 0.2702214189,
        "researchAndDevelopmentExpenses": 21000000,
        "generalAndAdministrativeExpenses": 0,
        "sellingAndMarketingExpenses": 0,
        "sellingGeneralAndAdministrativeExpenses": 186000000,
        "otherExpenses": 0,
        "operatingExpenses": 207000000,
        "costAndExpenses": 1822000000,
        "interestIncome": 0,
        "interestExpense": 31000000,
        "depreciationAndAmortization": 129000000,
        "ebitda": 515000000,
        "ebitdaratio": 0.2327157704,
        "operatingIncome": 391000000,
        "operatingIncomeRatio": 0.1766832354,
        "totalOtherIncomeExpensesNet": -38000000,
        "incomeBeforeTax": 353000000,
        "incomeBeforeTaxRatio": 0.1595119747,
        "incomeTaxExpense": 94000000,
        "netIncome": 260000000,
        "netIncomeRatio": 0.1174875734,
        "eps": 2.52,
        "epsdiluted": 2.5,
        "weightedAverageShsOut": 103100000,
        "weightedAverageShsOutDil": 103900000,
        "link": "https://www.sec.gov/Archives/edgar/data/1370946/000137094621000034/0001370946-21-000034-index.htm",
        "finalLink": "https://www.sec.gov/Archives/edgar/data/1370946/000137094621000034/oc-20210930.htm"
    },
    {
        "date": "2021-06-30",
        "symbol": "OC",
        "reportedCurrency": "USD",
        "cik": "0001370946",
        "fillingDate": "2021-07-28",
        "acceptedDate": "2021-07-28 06:10:25",
        "calendarYear": "2021",
        "period": "Q2",
        "revenue": 2239000000,
        "costOfRevenue": 1621000000,
        "grossProfit": 618000000,
        "grossProfitRatio": 0.2760160786,
        "researchAndDevelopmentExpenses": 22000000,
        "generalAndAdministrativeExpenses": 0,
        "sellingAndMarketingExpenses": 0,
        "sellingGeneralAndAdministrativeExpenses": 188000000,
        "otherExpenses": 0,
        "operatingExpenses": 210000000,
        "costAndExpenses": 1831000000,
        "interestIncome": 0,
        "interestExpense": 33000000,
        "depreciationAndAmortization": 122000000,
        "ebitda": 552000000,
        "ebitdaratio": 0.2465386333,
        "operatingIncome": 408000000,
        "operatingIncomeRatio": 0.1822242072,
        "totalOtherIncomeExpensesNet": -13000000,
        "incomeBeforeTax": 395000000,
        "incomeBeforeTaxRatio": 0.1764180438,
        "incomeTaxExpense": 97000000,
        "netIncome": 298000000,
        "netIncomeRatio": 0.1330951318,
        "eps": 2.85,
        "epsdiluted": 2.82,
        "weightedAverageShsOut": 104600000,
        "weightedAverageShsOutDil": 105500000,
        "link": "https://www.sec.gov/Archives/edgar/data/1370946/000137094621000026/0001370946-21-000026-index.htm",
        "finalLink": "https://www.sec.gov/Archives/edgar/data/1370946/000137094621000026/oc-20210630.htm"
    },
    {
        "date": "2021-03-31",
        "symbol": "OC",
        "reportedCurrency": "USD",
        "cik": "0001370946",
        "fillingDate": "2021-04-28",
        "acceptedDate": "2021-04-28 06:10:57",
        "calendarYear": "2021",
        "period": "Q1",
        "revenue": 1915000000,
        "costOfRevenue": 1471000000,
        "grossProfit": 444000000,
        "grossProfitRatio": 0.2318537859,
        "researchAndDevelopmentExpenses": 20000000,
        "generalAndAdministrativeExpenses": 0,
        "sellingAndMarketingExpenses": 0,
        "sellingGeneralAndAdministrativeExpenses": 174000000,
        "otherExpenses": 0,
        "operatingExpenses": 194000000,
        "costAndExpenses": 1665000000,
        "interestIncome": 0,
        "interestExpense": 33000000,
        "depreciationAndAmortization": 119000000,
        "ebitda": 421000000,
        "ebitdaratio": 0.219843342,
        "operatingIncome": 250000000,
        "operatingIncomeRatio": 0.1305483029,
        "totalOtherIncomeExpensesNet": 19000000,
        "incomeBeforeTax": 269000000,
        "incomeBeforeTaxRatio": 0.1404699739,
        "incomeTaxExpense": 59000000,
        "netIncome": 210000000,
        "netIncomeRatio": 0.1096605744,
        "eps": 1.99,
        "epsdiluted": 1.98,
        "weightedAverageShsOut": 105400000,
        "weightedAverageShsOutDil": 106000000,
        "link": "https://www.sec.gov/Archives/edgar/data/1370946/000137094621000018/0001370946-21-000018-index.htm",
        "finalLink": "https://www.sec.gov/Archives/edgar/data/1370946/000137094621000018/oc-20210331.htm"
    },
    {
        "date": "2020-12-31",
        "symbol": "OC",
        "reportedCurrency": "USD",
        "cik": "0001370946",
        "fillingDate": "2021-02-17",
        "acceptedDate": "2021-02-17 06:10:33",
        "calendarYear": "2020",
        "period": "Q4",
        "revenue": 1925000000,
        "costOfRevenue": 1419000000,
        "grossProfit": 506000000,
        "grossProfitRatio": 0.2628571429,
        "researchAndDevelopmentExpenses": 23000000,
        "generalAndAdministrativeExpenses": 0,
        "sellingAndMarketingExpenses": 0,
        "sellingGeneralAndAdministrativeExpenses": 171000000,
        "otherExpenses": 0,
        "operatingExpenses": 194000000,
        "costAndExpenses": 1613000000,
        "interestIncome": 0,
        "interestExpense": 34000000,
        "depreciationAndAmortization": 141000000,
        "ebitda": 418000000,
        "ebitdaratio": 0.2171428571,
        "operatingIncome": 312000000,
        "operatingIncomeRatio": 0.1620779221,
        "totalOtherIncomeExpensesNet": -72000000,
        "incomeBeforeTax": 240000000,
        "incomeBeforeTaxRatio": 0.1246753247,
        "incomeTaxExpense": 10000000,
        "netIncome": 232000000,
        "netIncomeRatio": 0.1205194805,
        "eps": 2.15,
        "epsdiluted": 2.13,
        "weightedAverageShsOut": 108100000,
        "weightedAverageShsOutDil": 109100000,
        "link": "https://www.sec.gov/Archives/edgar/data/1370946/000137094621000011/0001370946-21-000011-index.htm",
        "finalLink": "https://www.sec.gov/Archives/edgar/data/1370946/000137094621000011/oc-20201231.htm"
    },
    {
        "date": "2020-09-30",
        "symbol": "OC",
        "reportedCurrency": "USD",
        "cik": "0001370946",
        "fillingDate": "2020-10-28",
        "acceptedDate": "2020-10-28 06:13:18",
        "calendarYear": "2020",
        "period": "Q3",
        "revenue": 1904000000,
        "costOfRevenue": 1426000000,
        "grossProfit": 478000000,
        "grossProfitRatio": 0.2510504202,
        "researchAndDevelopmentExpenses": 20000000,
        "generalAndAdministrativeExpenses": 0,
        "sellingAndMarketingExpenses": 0,
        "sellingGeneralAndAdministrativeExpenses": 163000000,
        "otherExpenses": 0,
        "operatingExpenses": 183000000,
        "costAndExpenses": 1609000000,
        "interestIncome": 0,
        "interestExpense": 35000000,
        "depreciationAndAmortization": 120000000,
        "ebitda": 417000000,
        "ebitdaratio": 0.219012605,
        "operatingIncome": 295000000,
        "operatingIncomeRatio": 0.1549369748,
        "totalOtherIncomeExpensesNet": -33000000,
        "incomeBeforeTax": 262000000,
        "incomeBeforeTaxRatio": 0.137605042,
        "incomeTaxExpense": 56000000,
        "netIncome": 206000000,
        "netIncomeRatio": 0.1081932773,
        "eps": 1.89,
        "epsdiluted": 1.88,
        "weightedAverageShsOut": 108800000,
        "weightedAverageShsOutDil": 109500000,
        "link": "https://www.sec.gov/Archives/edgar/data/1370946/000137094620000054/0001370946-20-000054-index.htm",
        "finalLink": "https://www.sec.gov/Archives/edgar/data/1370946/000137094620000054/oc-20200930.htm"
    },
    {
        "date": "2020-06-30",
        "symbol": "OC",
        "reportedCurrency": "USD",
        "cik": "0001370946",
        "fillingDate": "2020-07-29",
        "acceptedDate": "2020-07-29 06:13:21",
        "calendarYear": "2020",
        "period": "Q2",
        "revenue": 1625000000,
        "costOfRevenue": 1279000000,
        "grossProfit": 346000000,
        "grossProfitRatio": 0.2129230769,
        "researchAndDevelopmentExpenses": 18000000,
        "generalAndAdministrativeExpenses": 0,
        "sellingAndMarketingExpenses": 0,
        "sellingGeneralAndAdministrativeExpenses": 151000000,
        "otherExpenses": 0,
        "operatingExpenses": 169000000,
        "costAndExpenses": 1448000000,
        "interestIncome": 0,
        "interestExpense": 36000000,
        "depreciationAndAmortization": 116000000,
        "ebitda": 289000000,
        "ebitdaratio": 0.1778461538,
        "operatingIncome": 177000000,
        "operatingIncomeRatio": 0.1089230769,
        "totalOtherIncomeExpensesNet": -43000000,
        "incomeBeforeTax": 134000000,
        "incomeBeforeTaxRatio": 0.0824615385,
        "incomeTaxExpense": 39000000,
        "netIncome": 96000000,
        "netIncomeRatio": 0.0590769231,
        "eps": 0.88,
        "epsdiluted": 0.88,
        "weightedAverageShsOut": 108600000,
        "weightedAverageShsOutDil": 108900000,
        "link": "https://www.sec.gov/Archives/edgar/data/1370946/000137094620000042/0001370946-20-000042-index.htm",
        "finalLink": "https://www.sec.gov/Archives/edgar/data/1370946/000137094620000042/oc-20200630.htm"
    },
    {
        "date": "2020-03-31",
        "symbol": "OC",
        "reportedCurrency": "USD",
        "cik": "0001370946",
        "fillingDate": "2020-04-29",
        "acceptedDate": "2020-04-29 06:14:24",
        "calendarYear": "2020",
        "period": "Q1",
        "revenue": 1601000000,
        "costOfRevenue": 1290000000,
        "grossProfit": 311000000,
        "grossProfitRatio": 0.1942535915,
        "researchAndDevelopmentExpenses": 21000000,
        "generalAndAdministrativeExpenses": 0,
        "sellingAndMarketingExpenses": 0,
        "sellingGeneralAndAdministrativeExpenses": 179000000,
        "otherExpenses": 0,
        "operatingExpenses": 200000000,
        "costAndExpenses": 1490000000,
        "interestIncome": 0,
        "interestExpense": 27000000,
        "depreciationAndAmortization": 116000000,
        "ebitda": -747000000,
        "ebitdaratio": -0.4665833854,
        "operatingIncome": 111000000,
        "operatingIncomeRatio": 0.0693316677,
        "totalOtherIncomeExpensesNet": -1003000000,
        "incomeBeforeTax": -892000000,
        "incomeBeforeTaxRatio": -0.5571517801,
        "incomeTaxExpense": 24000000,
        "netIncome": -917000000,
        "netIncomeRatio": -0.5727670206,
        "eps": -8.43,
        "epsdiluted": -8.43,
        "weightedAverageShsOut": 108778173,
        "weightedAverageShsOutDil": 108800000,
        "link": "https://www.sec.gov/Archives/edgar/data/1370946/000137094620000032/0001370946-20-000032-index.htm",
        "finalLink": "https://www.sec.gov/Archives/edgar/data/1370946/000137094620000032/oc-20200331.htm"
    },
    {
        "date": "2019-12-31",
        "symbol": "OC",
        "reportedCurrency": "USD",
        "cik": "0001370946",
        "fillingDate": "2020-02-19",
        "acceptedDate": "2020-02-19 06:19:04",
        "calendarYear": "2019",
        "period": "Q4",
        "revenue": 1692000000,
        "costOfRevenue": 1295000000,
        "grossProfit": 397000000,
        "grossProfitRatio": 0.2346335697,
        "researchAndDevelopmentExpenses": 22000000,
        "generalAndAdministrativeExpenses": 0,
        "sellingAndMarketingExpenses": 0,
        "sellingGeneralAndAdministrativeExpenses": 171000000,
        "otherExpenses": 0,
        "operatingExpenses": 193000000,
        "costAndExpenses": 1488000000,
        "interestIncome": 0,
        "interestExpense": 30000000,
        "depreciationAndAmortization": 111000000,
        "ebitda": 243000000,
        "ebitdaratio": 0.1436170213,
        "operatingIncome": 204000000,
        "operatingIncomeRatio": 0.1205673759,
        "totalOtherIncomeExpensesNet": -105000000,
        "incomeBeforeTax": 99000000,
        "incomeBeforeTaxRatio": 0.0585106383,
        "incomeTaxExpense": 27000000,
        "netIncome": 73000000,
        "netIncomeRatio": 0.043144208,
        "eps": 0.67,
        "epsdiluted": 0.66,
        "weightedAverageShsOut": 109300000,
        "weightedAverageShsOutDil": 110200000,
        "link": "https://www.sec.gov/Archives/edgar/data/1370946/000137094620000015/0001370946-20-000015-index.htm",
        "finalLink": "https://www.sec.gov/Archives/edgar/data/1370946/000137094620000015/oc-20191231.htm"
    },
    {
        "date": "2019-09-30",
        "symbol": "OC",
        "reportedCurrency": "USD",
        "cik": "0001370946",
        "fillingDate": "2019-10-23",
        "acceptedDate": "2019-10-23 06:14:15",
        "calendarYear": "2019",
        "period": "Q3",
        "revenue": 1883000000,
        "costOfRevenue": 1420000000,
        "grossProfit": 463000000,
        "grossProfitRatio": 0.2458842273,
        "researchAndDevelopmentExpenses": 21000000,
        "generalAndAdministrativeExpenses": 0,
        "sellingAndMarketingExpenses": 0,
        "sellingGeneralAndAdministrativeExpenses": 164000000,
        "otherExpenses": 0,
        "operatingExpenses": 185000000,
        "costAndExpenses": 1605000000,
        "interestIncome": 0,
        "interestExpense": 33000000,
        "depreciationAndAmortization": 112000000,
        "ebitda": 360000000,
        "ebitdaratio": 0.1911842804,
        "operatingIncome": 278000000,
        "operatingIncomeRatio": 0.1476367499,
        "totalOtherIncomeExpensesNet": -66000000,
        "incomeBeforeTax": 212000000,
        "incomeBeforeTaxRatio": 0.1125862985,
        "incomeTaxExpense": 61000000,
        "netIncome": 150000000,
        "netIncomeRatio": 0.0796601168,
        "eps": 1.37,
        "epsdiluted": 1.36,
        "weightedAverageShsOut": 109200000,
        "weightedAverageShsOutDil": 110000000,
        "link": "https://www.sec.gov/Archives/edgar/data/1370946/000137094619000043/0001370946-19-000043-index.htm",
        "finalLink": "https://www.sec.gov/Archives/edgar/data/1370946/000137094619000043/oc-20190930.htm"
    },
    {
        "date": "2019-06-30",
        "symbol": "OC",
        "reportedCurrency": "USD",
        "cik": "0001370946",
        "fillingDate": "2019-07-24",
        "acceptedDate": "2019-07-24 06:29:13",
        "calendarYear": "2019",
        "period": "Q2",
        "revenue": 1918000000,
        "costOfRevenue": 1477000000,
        "grossProfit": 441000000,
        "grossProfitRatio": 0.2299270073,
        "researchAndDevelopmentExpenses": 22000000,
        "generalAndAdministrativeExpenses": 0,
        "sellingAndMarketingExpenses": 0,
        "sellingGeneralAndAdministrativeExpenses": 181000000,
        "otherExpenses": 0,
        "operatingExpenses": 203000000,
        "costAndExpenses": 1680000000,
        "interestIncome": 0,
        "interestExpense": 32000000,
        "depreciationAndAmortization": 112000000,
        "ebitda": 345000000,
        "ebitdaratio": 0.1798748697,
        "operatingIncome": 238000000,
        "operatingIncomeRatio": 0.1240875912,
        "totalOtherIncomeExpensesNet": -41000000,
        "incomeBeforeTax": 197000000,
        "incomeBeforeTaxRatio": 0.1027111575,
        "incomeTaxExpense": 59000000,
        "netIncome": 138000000,
        "netIncomeRatio": 0.0719499479,
        "eps": 1.27,
        "epsdiluted": 1.26,
        "weightedAverageShsOut": 109000000,
        "weightedAverageShsOutDil": 109500000,
        "link": "https://www.sec.gov/Archives/edgar/data/1370946/000137094619000033/0001370946-19-000033-index.htm",
        "finalLink": "https://www.sec.gov/Archives/edgar/data/1370946/000137094619000033/oc-2019x06x30x10q.htm"
    },
    {
        "date": "2019-03-31",
        "symbol": "OC",
        "reportedCurrency": "USD",
        "cik": "0001370946",
        "fillingDate": "2019-04-24",
        "acceptedDate": "2019-04-24 06:16:10",
        "calendarYear": "2019",
        "period": "Q1",
        "revenue": 1667000000,
        "costOfRevenue": 1341000000,
        "grossProfit": 326000000,
        "grossProfitRatio": 0.1955608878,
        "researchAndDevelopmentExpenses": 22000000,
        "generalAndAdministrativeExpenses": 0,
        "sellingAndMarketingExpenses": 0,
        "sellingGeneralAndAdministrativeExpenses": 182000000,
        "otherExpenses": 0,
        "operatingExpenses": 204000000,
        "costAndExpenses": 1545000000,
        "interestIncome": 0,
        "interestExpense": 36000000,
        "depreciationAndAmortization": 113000000,
        "ebitda": 234000000,
        "ebitdaratio": 0.1403719256,
        "operatingIncome": 122000000,
        "operatingIncomeRatio": 0.0731853629,
        "totalOtherIncomeExpensesNet": -39000000,
        "incomeBeforeTax": 83000000,
        "incomeBeforeTaxRatio": 0.049790042,
        "incomeTaxExpense": 39000000,
        "netIncome": 44000000,
        "netIncomeRatio": 0.0263947211,
        "eps": 0.4,
        "epsdiluted": 0.4,
        "weightedAverageShsOut": 109500000,
        "weightedAverageShsOutDil": 110100000,
        "link": "https://www.sec.gov/Archives/edgar/data/1370946/000137094619000020/0001370946-19-000020-index.htm",
        "finalLink": "https://www.sec.gov/Archives/edgar/data/1370946/000137094619000020/oc-2019x03x31x10q.htm"
    },
    {
        "date": "2018-12-31",
        "symbol": "OC",
        "reportedCurrency": "USD",
        "cik": "0001370946",
        "fillingDate": "2019-02-20",
        "acceptedDate": "2019-02-20 06:51:00",
        "calendarYear": "2018",
        "period": "Q4",
        "revenue": 1724000000,
        "costOfRevenue": 1312000000,
        "grossProfit": 412000000,
        "grossProfitRatio": 0.2389791183,
        "researchAndDevelopmentExpenses": 23000000,
        "generalAndAdministrativeExpenses": 0,
        "sellingAndMarketingExpenses": 0,
        "sellingGeneralAndAdministrativeExpenses": 169000000,
        "otherExpenses": 0,
        "operatingExpenses": 192000000,
        "costAndExpenses": 1504000000,
        "interestIncome": 0,
        "interestExpense": 25000000,
        "depreciationAndAmortization": 110000000,
        "ebitda": 338000000,
        "ebitdaratio": 0.1960556845,
        "operatingIncome": 220000000,
        "operatingIncomeRatio": 0.1276102088,
        "totalOtherIncomeExpensesNet": -20000000,
        "incomeBeforeTax": 200000000,
        "incomeBeforeTaxRatio": 0.1160092807,
        "incomeTaxExpense": 29000000,
        "netIncome": 171000000,
        "netIncomeRatio": 0.099187935,
        "eps": 1.56,
        "epsdiluted": 1.55,
        "weightedAverageShsOut": 109400000,
        "weightedAverageShsOutDil": 110300000,
        "link": "https://www.sec.gov/Archives/edgar/data/1370946/000137094619000012/0001370946-19-000012-index.htm",
        "finalLink": "https://www.sec.gov/Archives/edgar/data/1370946/000137094619000012/oc-20181231x10k.htm"
    },
    {
        "date": "2018-09-30",
        "symbol": "OC",
        "reportedCurrency": "USD",
        "cik": "0001370946",
        "fillingDate": "2018-10-24",
        "acceptedDate": "2018-10-24 06:47:23",
        "calendarYear": "2018",
        "period": "Q3",
        "revenue": 1818000000,
        "costOfRevenue": 1368000000,
        "grossProfit": 450000000,
        "grossProfitRatio": 0.2475247525,
        "researchAndDevelopmentExpenses": 21000000,
        "generalAndAdministrativeExpenses": 0,
        "sellingAndMarketingExpenses": 0,
        "sellingGeneralAndAdministrativeExpenses": 158000000,
        "otherExpenses": 0,
        "operatingExpenses": 179000000,
        "costAndExpenses": 1547000000,
        "interestIncome": 0,
        "interestExpense": 31000000,
        "depreciationAndAmortization": 107000000,
        "ebitda": 369000000,
        "ebitdaratio": 0.202970297,
        "operatingIncome": 271000000,
        "operatingIncomeRatio": 0.1490649065,
        "totalOtherIncomeExpensesNet": -42000000,
        "incomeBeforeTax": 229000000,
        "incomeBeforeTaxRatio": 0.1259625963,
        "incomeTaxExpense": 67000000,
        "netIncome": 161000000,
        "netIncomeRatio": 0.0885588559,
        "eps": 1.46,
        "epsdiluted": 1.45,
        "weightedAverageShsOut": 110000000,
        "weightedAverageShsOutDil": 110900000,
        "link": "https://www.sec.gov/Archives/edgar/data/1370946/000137094618000033/0001370946-18-000033-index.htm",
        "finalLink": "https://www.sec.gov/Archives/edgar/data/1370946/000137094618000033/oc-2018x09x30x10q.htm"
    },
    {
        "date": "2018-06-30",
        "symbol": "OC",
        "reportedCurrency": "USD",
        "cik": "0001370946",
        "fillingDate": "2018-07-25",
        "acceptedDate": "2018-07-25 06:38:26",
        "calendarYear": "2018",
        "period": "Q2",
        "revenue": 1824000000,
        "costOfRevenue": 1401000000,
        "grossProfit": 423000000,
        "grossProfitRatio": 0.2319078947,
        "researchAndDevelopmentExpenses": 22000000,
        "generalAndAdministrativeExpenses": 0,
        "sellingAndMarketingExpenses": 0,
        "sellingGeneralAndAdministrativeExpenses": 186000000,
        "otherExpenses": 0,
        "operatingExpenses": 208000000,
        "costAndExpenses": 1609000000,
        "interestIncome": 0,
        "interestExpense": 33000000,
        "depreciationAndAmortization": 107000000,
        "ebitda": 315000000,
        "ebitdaratio": 0.1726973684,
        "operatingIncome": 215000000,
        "operatingIncomeRatio": 0.117872807,
        "totalOtherIncomeExpensesNet": -44000000,
        "incomeBeforeTax": 171000000,
        "incomeBeforeTaxRatio": 0.09375,
        "incomeTaxExpense": 49000000,
        "netIncome": 121000000,
        "netIncomeRatio": 0.0663377193,
        "eps": 1.09,
        "epsdiluted": 1.08,
        "weightedAverageShsOut": 110900000,
        "weightedAverageShsOutDil": 111900000,
        "link": "https://www.sec.gov/Archives/edgar/data/1370946/000137094618000026/0001370946-18-000026-index.htm",
        "finalLink": "https://www.sec.gov/Archives/edgar/data/1370946/000137094618000026/oc-2018x06x30x10q.htm"
    },
    {
        "date": "2018-03-31",
        "symbol": "OC",
        "reportedCurrency": "USD",
        "cik": "0001370946",
        "fillingDate": "2018-04-25",
        "acceptedDate": "2018-04-25 06:54:56",
        "calendarYear": "2018",
        "period": "Q1",
        "revenue": 1691000000,
        "costOfRevenue": 1327000000,
        "grossProfit": 364000000,
        "grossProfitRatio": 0.2152572442,
        "researchAndDevelopmentExpenses": 23000000,
        "generalAndAdministrativeExpenses": 0,
        "sellingAndMarketingExpenses": 0,
        "sellingGeneralAndAdministrativeExpenses": 180000000,
        "otherExpenses": 0,
        "operatingExpenses": 203000000,
        "costAndExpenses": 1530000000,
        "interestIncome": 0,
        "interestExpense": 28000000,
        "depreciationAndAmortization": 109000000,
        "ebitda": 243000000,
        "ebitdaratio": 0.1437019515,
        "operatingIncome": 161000000,
        "operatingIncomeRatio": 0.0952099349,
        "totalOtherIncomeExpensesNet": -58000000,
        "incomeBeforeTax": 103000000,
        "incomeBeforeTaxRatio": 0.0609107037,
        "incomeTaxExpense": 11000000,
        "netIncome": 92000000,
        "netIncomeRatio": 0.0544056771,
        "eps": 0.83,
        "epsdiluted": 0.82,
        "weightedAverageShsOut": 111500000,
        "weightedAverageShsOutDil": 112800000,
        "link": "https://www.sec.gov/Archives/edgar/data/1370946/000137094618000018/0001370946-18-000018-index.htm",
        "finalLink": "https://www.sec.gov/Archives/edgar/data/1370946/000137094618000018/oc-2018x03x31x10q.htm"
    },
    {
        "date": "2017-12-31",
        "symbol": "OC",
        "reportedCurrency": "USD",
        "cik": "0001370946",
        "fillingDate": "2018-02-21",
        "acceptedDate": "2018-02-21 07:52:21",
        "calendarYear": "2017",
        "period": "Q4",
        "revenue": 1606000000,
        "costOfRevenue": 1201000000,
        "grossProfit": 405000000,
        "grossProfitRatio": 0.2521793275,
        "researchAndDevelopmentExpenses": 21000000,
        "generalAndAdministrativeExpenses": 0,
        "sellingAndMarketingExpenses": 0,
        "sellingGeneralAndAdministrativeExpenses": 161000000,
        "otherExpenses": 0,
        "operatingExpenses": 182000000,
        "costAndExpenses": 1383000000,
        "interestIncome": 0,
        "interestExpense": 26000000,
        "depreciationAndAmortization": 102000000,
        "ebitda": 253000000,
        "ebitdaratio": 0.1575342466,
        "operatingIncome": 223000000,
        "operatingIncomeRatio": 0.1388542964,
        "totalOtherIncomeExpensesNet": -99000000,
        "incomeBeforeTax": 124000000,
        "incomeBeforeTaxRatio": 0.0772104608,
        "incomeTaxExpense": 127000000,
        "netIncome": -4000000,
        "netIncomeRatio": -0.00249066,
        "eps": -0.036,
        "epsdiluted": -0.0359,
        "weightedAverageShsOut": 111200000,
        "weightedAverageShsOutDil": 111500000,
        "link": "https://www.sec.gov/Archives/edgar/data/1370946/000137094618000010/0001370946-18-000010-index.htm",
        "finalLink": "https://www.sec.gov/Archives/edgar/data/1370946/000137094618000010/oc-20171231x10k.htm"
    },
    {
        "date": "2017-09-30",
        "symbol": "OC",
        "reportedCurrency": "USD",
        "cik": "0001370946",
        "fillingDate": "2017-10-25",
        "acceptedDate": "2017-10-25 07:38:30",
        "calendarYear": "2017",
        "period": "Q3",
        "revenue": 1703000000,
        "costOfRevenue": 1268000000,
        "grossProfit": 435000000,
        "grossProfitRatio": 0.2554315913,
        "researchAndDevelopmentExpenses": 22000000,
        "generalAndAdministrativeExpenses": 0,
        "sellingAndMarketingExpenses": 0,
        "sellingGeneralAndAdministrativeExpenses": 158000000,
        "otherExpenses": 0,
        "operatingExpenses": 180000000,
        "costAndExpenses": 1448000000,
        "interestIncome": 0,
        "interestExpense": 28000000,
        "depreciationAndAmortization": 101000000,
        "ebitda": 257000000,
        "ebitdaratio": 0.1509101585,
        "operatingIncome": 255000000,
        "operatingIncomeRatio": 0.1497357604,
        "totalOtherIncomeExpensesNet": -127000000,
        "incomeBeforeTax": 128000000,
        "incomeBeforeTaxRatio": 0.0751614797,
        "incomeTaxExpense": 32000000,
        "netIncome": 96000000,
        "netIncomeRatio": 0.0563711098,
        "eps": 0.86,
        "epsdiluted": 0.85,
        "weightedAverageShsOut": 111000000,
        "weightedAverageShsOutDil": 112700000,
        "link": "https://www.sec.gov/Archives/edgar/data/1370946/000137094617000030/0001370946-17-000030-index.htm",
        "finalLink": "https://www.sec.gov/Archives/edgar/data/1370946/000137094617000030/oc-2017x09x30x10q.htm"
    },
    {
        "date": "2017-06-30",
        "symbol": "OC",
        "reportedCurrency": "USD",
        "cik": "0001370946",
        "fillingDate": "2017-07-26",
        "acceptedDate": "2017-07-26 07:37:22",
        "calendarYear": "2017",
        "period": "Q2",
        "revenue": 1597000000,
        "costOfRevenue": 1185000000,
        "grossProfit": 412000000,
        "grossProfitRatio": 0.2579837195,
        "researchAndDevelopmentExpenses": 21000000,
        "generalAndAdministrativeExpenses": 0,
        "sellingAndMarketingExpenses": 0,
        "sellingGeneralAndAdministrativeExpenses": 154000000,
        "otherExpenses": 0,
        "operatingExpenses": 175000000,
        "costAndExpenses": 1360000000,
        "interestIncome": 0,
        "interestExpense": 27000000,
        "depreciationAndAmortization": 84000000,
        "ebitda": 273000000,
        "ebitdaratio": 0.1709455229,
        "operatingIncome": 237000000,
        "operatingIncomeRatio": 0.1484032561,
        "totalOtherIncomeExpensesNet": -74000000,
        "incomeBeforeTax": 163000000,
        "incomeBeforeTaxRatio": 0.1020663745,
        "incomeTaxExpense": 67000000,
        "netIncome": 96000000,
        "netIncomeRatio": 0.0601127113,
        "eps": 0.86,
        "epsdiluted": 0.85,
        "weightedAverageShsOut": 111600000,
        "weightedAverageShsOutDil": 113100000,
        "link": "https://www.sec.gov/Archives/edgar/data/1370946/000137094617000020/0001370946-17-000020-index.htm",
        "finalLink": "https://www.sec.gov/Archives/edgar/data/1370946/000137094617000020/oc-2017x06x30x10q.htm"
    },
    {
        "date": "2017-03-31",
        "symbol": "OC",
        "reportedCurrency": "USD",
        "cik": "0001370946",
        "fillingDate": "2017-04-26",
        "acceptedDate": "2017-04-26 07:37:36",
        "calendarYear": "2017",
        "period": "Q1",
        "revenue": 1478000000,
        "costOfRevenue": 1136000000,
        "grossProfit": 342000000,
        "grossProfitRatio": 0.2313937754,
        "researchAndDevelopmentExpenses": 21000000,
        "generalAndAdministrativeExpenses": 0,
        "sellingAndMarketingExpenses": 0,
        "sellingGeneralAndAdministrativeExpenses": 141000000,
        "otherExpenses": 0,
        "operatingExpenses": 162000000,
        "costAndExpenses": 1298000000,
        "interestIncome": 0,
        "interestExpense": 26000000,
        "depreciationAndAmortization": 84000000,
        "ebitda": 254000000,
        "ebitdaratio": 0.1718538566,
        "operatingIncome": 180000000,
        "operatingIncomeRatio": 0.1217861976,
        "totalOtherIncomeExpensesNet": -36000000,
        "incomeBeforeTax": 144000000,
        "incomeBeforeTaxRatio": 0.0974289581,
        "incomeTaxExpense": 43000000,
        "netIncome": 101000000,
        "netIncomeRatio": 0.0683355886,
        "eps": 0.9,
        "epsdiluted": 0.89,
        "weightedAverageShsOut": 112300000,
        "weightedAverageShsOutDil": 113500000,
        "link": "https://www.sec.gov/Archives/edgar/data/1370946/000137094617000014/0001370946-17-000014-index.htm",
        "finalLink": "https://www.sec.gov/Archives/edgar/data/1370946/000137094617000014/oc-2017x03x31x10q.htm"
    },
    {
        "date": "2016-12-31",
        "symbol": "OC",
        "reportedCurrency": "USD",
        "cik": "0001370946",
        "fillingDate": "2017-02-08",
        "acceptedDate": "2017-02-08 07:39:43",
        "calendarYear": "2016",
        "period": "Q4",
        "revenue": 1383000000,
        "costOfRevenue": 1046000000,
        "grossProfit": 337000000,
        "grossProfitRatio": 0.2436731743,
        "researchAndDevelopmentExpenses": 22000000,
        "generalAndAdministrativeExpenses": 0,
        "sellingAndMarketingExpenses": 0,
        "sellingGeneralAndAdministrativeExpenses": 158000000,
        "otherExpenses": 0,
        "operatingExpenses": 180000000,
        "costAndExpenses": 1226000000,
        "interestIncome": 0,
        "interestExpense": 28000000,
        "depreciationAndAmortization": 101000000,
        "ebitda": 237000000,
        "ebitdaratio": 0.1713665944,
        "operatingIncome": 157000000,
        "operatingIncomeRatio": 0.1135213304,
        "totalOtherIncomeExpensesNet": -49000000,
        "incomeBeforeTax": 108000000,
        "incomeBeforeTaxRatio": 0.0780911063,
        "incomeTaxExpense": 16000000,
        "netIncome": 86000000,
        "netIncomeRatio": 0.0621836587,
        "eps": 0.77,
        "epsdiluted": 0.76,
        "weightedAverageShsOut": 112800000,
        "weightedAverageShsOutDil": 114100000,
        "link": "https://www.sec.gov/Archives/edgar/data/1370946/000137094617000006/0001370946-17-000006-index.htm",
        "finalLink": "https://www.sec.gov/Archives/edgar/data/1370946/000137094617000006/oc-20161231x10k.htm"
    },
    {
        "date": "2016-09-30",
        "symbol": "OC",
        "reportedCurrency": "USD",
        "cik": "0001370946",
        "fillingDate": "2016-10-26",
        "acceptedDate": "2016-10-26 07:37:15",
        "calendarYear": "2016",
        "period": "Q3",
        "revenue": 1518000000,
        "costOfRevenue": 1138000000,
        "grossProfit": 380000000,
        "grossProfitRatio": 0.2503293808,
        "researchAndDevelopmentExpenses": 20000000,
        "generalAndAdministrativeExpenses": 0,
        "sellingAndMarketingExpenses": 0,
        "sellingGeneralAndAdministrativeExpenses": 140000000,
        "otherExpenses": 0,
        "operatingExpenses": 160000000,
        "costAndExpenses": 1298000000,
        "interestIncome": 0,
        "interestExpense": 28000000,
        "depreciationAndAmortization": 84000000,
        "ebitda": 290000000,
        "ebitdaratio": 0.1910408432,
        "operatingIncome": 220000000,
        "operatingIncomeRatio": 0.1449275362,
        "totalOtherIncomeExpensesNet": -42000000,
        "incomeBeforeTax": 178000000,
        "incomeBeforeTaxRatio": 0.117259552,
        "incomeTaxExpense": 65000000,
        "netIncome": 112000000,
        "netIncomeRatio": 0.0737812912,
        "eps": 0.98,
        "epsdiluted": 0.97,
        "weightedAverageShsOut": 114100000,
        "weightedAverageShsOutDil": 115400000,
        "link": "https://www.sec.gov/Archives/edgar/data/1370946/000137094616000317/0001370946-16-000317-index.htm",
        "finalLink": "https://www.sec.gov/Archives/edgar/data/1370946/000137094616000317/oc-2016x09x30x10q.htm"
    },
    {
        "date": "2016-06-30",
        "symbol": "OC",
        "reportedCurrency": "USD",
        "cik": "0001370946",
        "fillingDate": "2016-07-27",
        "acceptedDate": "2016-07-27 07:34:48",
        "calendarYear": "2016",
        "period": "Q2",
        "revenue": 1545000000,
        "costOfRevenue": 1129000000,
        "grossProfit": 416000000,
        "grossProfitRatio": 0.2692556634,
        "researchAndDevelopmentExpenses": 21000000,
        "generalAndAdministrativeExpenses": 0,
        "sellingAndMarketingExpenses": 0,
        "sellingGeneralAndAdministrativeExpenses": 151000000,
        "otherExpenses": 4000000,
        "operatingExpenses": 176000000,
        "costAndExpenses": 1305000000,
        "interestIncome": 0,
        "interestExpense": 29000000,
        "depreciationAndAmortization": 82000000,
        "ebitda": 322000000,
        "ebitdaratio": 0.2084142395,
        "operatingIncome": 240000000,
        "operatingIncomeRatio": 0.1553398058,
        "totalOtherIncomeExpensesNet": -29000000,
        "incomeBeforeTax": 211000000,
        "incomeBeforeTaxRatio": 0.1365695793,
        "incomeTaxExpense": 73000000,
        "netIncome": 138000000,
        "netIncomeRatio": 0.0893203883,
        "eps": 1.2,
        "epsdiluted": 1.19,
        "weightedAverageShsOut": 115100000,
        "weightedAverageShsOutDil": 116400000,
        "link": "https://www.sec.gov/Archives/edgar/data/1370946/000137094616000311/0001370946-16-000311-index.htm",
        "finalLink": "https://www.sec.gov/Archives/edgar/data/1370946/000137094616000311/oc-2016x06x30x10q.htm"
    },
    {
        "date": "2016-03-31",
        "symbol": "OC",
        "reportedCurrency": "USD",
        "cik": "0001370946",
        "fillingDate": "2016-04-27",
        "acceptedDate": "2016-04-27 07:39:06",
        "calendarYear": "2016",
        "period": "Q1",
        "revenue": 1231000000,
        "costOfRevenue": 959000000,
        "grossProfit": 272000000,
        "grossProfitRatio": 0.2209585703,
        "researchAndDevelopmentExpenses": 19000000,
        "generalAndAdministrativeExpenses": 0,
        "sellingAndMarketingExpenses": 0,
        "sellingGeneralAndAdministrativeExpenses": 134000000,
        "otherExpenses": 3000000,
        "operatingExpenses": 156000000,
        "costAndExpenses": 1115000000,
        "interestIncome": 0,
        "interestExpense": 23000000,
        "depreciationAndAmortization": 76000000,
        "ebitda": 192000000,
        "ebitdaratio": 0.1559707555,
        "operatingIncome": 116000000,
        "operatingIncomeRatio": 0.0942323314,
        "totalOtherIncomeExpensesNet": -23000000,
        "incomeBeforeTax": 93000000,
        "incomeBeforeTaxRatio": 0.0755483347,
        "incomeTaxExpense": 34000000,
        "netIncome": 57000000,
        "netIncomeRatio": 0.046303818,
        "eps": 0.49,
        "epsdiluted": 0.49,
        "weightedAverageShsOut": 115500000,
        "weightedAverageShsOutDil": 116500000,
        "link": "https://www.sec.gov/Archives/edgar/data/1370946/000137094616000305/0001370946-16-000305-index.htm",
        "finalLink": "https://www.sec.gov/Archives/edgar/data/1370946/000137094616000305/oc-2016x03x31x10q.htm"
    },
    {
        "date": "2015-12-31",
        "symbol": "OC",
        "reportedCurrency": "USD",
        "cik": "0001370946",
        "fillingDate": "2016-02-10",
        "acceptedDate": "2016-02-10 07:41:39",
        "calendarYear": "2015",
        "period": "Q4",
        "revenue": 1268000000,
        "costOfRevenue": 972000000,
        "grossProfit": 296000000,
        "grossProfitRatio": 0.2334384858,
        "researchAndDevelopmentExpenses": 20000000,
        "generalAndAdministrativeExpenses": 0,
        "sellingAndMarketingExpenses": 0,
        "sellingGeneralAndAdministrativeExpenses": 136000000,
        "otherExpenses": 2000000,
        "operatingExpenses": 158000000,
        "costAndExpenses": 1130000000,
        "interestIncome": 0,
        "interestExpense": 20000000,
        "depreciationAndAmortization": 76000000,
        "ebitda": 214000000,
        "ebitdaratio": 0.1687697161,
        "operatingIncome": 138000000,
        "operatingIncomeRatio": 0.1088328076,
        "totalOtherIncomeExpensesNet": -20000000,
        "incomeBeforeTax": 118000000,
        "incomeBeforeTaxRatio": 0.0930599369,
        "incomeTaxExpense": 8000000,
        "netIncome": 109000000,
        "netIncomeRatio": 0.0859621451,
        "eps": 0.94,
        "epsdiluted": 0.94,
        "weightedAverageShsOut": 115500000,
        "weightedAverageShsOutDil": 115500000,
        "link": "https://www.sec.gov/Archives/edgar/data/1370946/000137094616000272/0001370946-16-000272-index.htm",
        "finalLink": "https://www.sec.gov/Archives/edgar/data/1370946/000137094616000272/oc-20151231x10k.htm"
    },
    {
        "date": "2015-09-30",
        "symbol": "OC",
        "reportedCurrency": "USD",
        "cik": "0001370946",
        "fillingDate": "2015-10-21",
        "acceptedDate": "2015-10-21 07:40:27",
        "calendarYear": "2015",
        "period": "Q3",
        "revenue": 1447000000,
        "costOfRevenue": 1107000000,
        "grossProfit": 340000000,
        "grossProfitRatio": 0.2349689012,
        "researchAndDevelopmentExpenses": 18000000,
        "generalAndAdministrativeExpenses": 0,
        "sellingAndMarketingExpenses": 0,
        "sellingGeneralAndAdministrativeExpenses": 130000000,
        "otherExpenses": -4000000,
        "operatingExpenses": 144000000,
        "costAndExpenses": 1251000000,
        "interestIncome": 0,
        "interestExpense": 28000000,
        "depreciationAndAmortization": 73000000,
        "ebitda": 269000000,
        "ebitdaratio": 0.1859018659,
        "operatingIncome": 196000000,
        "operatingIncomeRatio": 0.1354526607,
        "totalOtherIncomeExpensesNet": -28000000,
        "incomeBeforeTax": 168000000,
        "incomeBeforeTaxRatio": 0.1161022806,
        "incomeTaxExpense": 55000000,
        "netIncome": 112000000,
        "netIncomeRatio": 0.0774015204,
        "eps": 0.96,
        "epsdiluted": 0.95,
        "weightedAverageShsOut": 117200000,
        "weightedAverageShsOutDil": 118300000,
        "link": "https://www.sec.gov/Archives/edgar/data/1370946/000137094615000196/0001370946-15-000196-index.htm",
        "finalLink": "https://www.sec.gov/Archives/edgar/data/1370946/000137094615000196/oc-2015x09x30x10q.htm"
    },
    {
        "date": "2015-06-30",
        "symbol": "OC",
        "reportedCurrency": "USD",
        "cik": "0001370946",
        "fillingDate": "2015-07-22",
        "acceptedDate": "2015-07-22 07:36:01",
        "calendarYear": "2015",
        "period": "Q2",
        "revenue": 1403000000,
        "costOfRevenue": 1095000000,
        "grossProfit": 308000000,
        "grossProfitRatio": 0.2195295795,
        "researchAndDevelopmentExpenses": 18000000,
        "generalAndAdministrativeExpenses": 0,
        "sellingAndMarketingExpenses": 0,
        "sellingGeneralAndAdministrativeExpenses": 130000000,
        "otherExpenses": 4000000,
        "operatingExpenses": 152000000,
        "costAndExpenses": 1247000000,
        "interestIncome": 0,
        "interestExpense": 26000000,
        "depreciationAndAmortization": 76000000,
        "ebitda": 237000000,
        "ebitdaratio": 0.1689237349,
        "operatingIncome": 156000000,
        "operatingIncomeRatio": 0.1111903065,
        "totalOtherIncomeExpensesNet": -21000000,
        "incomeBeforeTax": 135000000,
        "incomeBeforeTaxRatio": 0.0962223806,
        "incomeTaxExpense": 44000000,
        "netIncome": 91000000,
        "netIncomeRatio": 0.0648610121,
        "eps": 0.77,
        "epsdiluted": 0.77,
        "weightedAverageShsOut": 117500000,
        "weightedAverageShsOutDil": 118300000,
        "link": "https://www.sec.gov/Archives/edgar/data/1370946/000137094615000157/0001370946-15-000157-index.htm",
        "finalLink": "https://www.sec.gov/Archives/edgar/data/1370946/000137094615000157/oc-2015x06x30x10q.htm"
    },
    {
        "date": "2015-03-31",
        "symbol": "OC",
        "reportedCurrency": "USD",
        "cik": "0001370946",
        "fillingDate": "2015-04-22",
        "acceptedDate": "2015-04-22 07:34:34",
        "calendarYear": "2015",
        "period": "Q1",
        "revenue": 1203000000,
        "costOfRevenue": 994000000,
        "grossProfit": 209000000,
        "grossProfitRatio": 0.1737323358,
        "researchAndDevelopmentExpenses": 17000000,
        "generalAndAdministrativeExpenses": 0,
        "sellingAndMarketingExpenses": 0,
        "sellingGeneralAndAdministrativeExpenses": 129000000,
        "otherExpenses": 5000000,
        "operatingExpenses": 151000000,
        "costAndExpenses": 1145000000,
        "interestIncome": 0,
        "interestExpense": 26000000,
        "depreciationAndAmortization": 75000000,
        "ebitda": 133000000,
        "ebitdaratio": 0.110556941,
        "operatingIncome": 58000000,
        "operatingIncomeRatio": 0.0482128013,
        "totalOtherIncomeExpensesNet": -26000000,
        "incomeBeforeTax": 32000000,
        "incomeBeforeTaxRatio": 0.0266001663,
        "incomeTaxExpense": 13000000,
        "netIncome": 18000000,
        "netIncomeRatio": 0.0149625935,
        "eps": 0.15,
        "epsdiluted": 0.15,
        "weightedAverageShsOut": 117800000,
        "weightedAverageShsOutDil": 118500000,
        "link": "https://www.sec.gov/Archives/edgar/data/1370946/000137094615000122/0001370946-15-000122-index.htm",
        "finalLink": "https://www.sec.gov/Archives/edgar/data/1370946/000137094615000122/oc-2015x03x31x10q.htm"
    },
    {
        "date": "2014-12-31",
        "symbol": "OC",
        "reportedCurrency": "USD",
        "cik": "0001370946",
        "fillingDate": "2015-02-11",
        "acceptedDate": "2015-02-11 07:02:11",
        "calendarYear": "2014",
        "period": "Q4",
        "revenue": 1261000000,
        "costOfRevenue": 1018000000,
        "grossProfit": 243000000,
        "grossProfitRatio": 0.192704203,
        "researchAndDevelopmentExpenses": 19000000,
        "generalAndAdministrativeExpenses": 0,
        "sellingAndMarketingExpenses": 0,
        "sellingGeneralAndAdministrativeExpenses": 115000000,
        "otherExpenses": 5000000,
        "operatingExpenses": 139000000,
        "costAndExpenses": 1157000000,
        "interestIncome": 0,
        "interestExpense": 28000000,
        "depreciationAndAmortization": 75000000,
        "ebitda": 133000000,
        "ebitdaratio": 0.1054718477,
        "operatingIncome": 104000000,
        "operatingIncomeRatio": 0.0824742268,
        "totalOtherIncomeExpensesNet": -74000000,
        "incomeBeforeTax": 30000000,
        "incomeBeforeTaxRatio": 0.0237906423,
        "incomeTaxExpense": -4000000,
        "netIncome": 33000000,
        "netIncomeRatio": 0.0261697066,
        "eps": 0.28,
        "epsdiluted": 0.28,
        "weightedAverageShsOut": 117500000,
        "weightedAverageShsOutDil": 117800000,
        "link": "https://www.sec.gov/Archives/edgar/data/1370946/000137094615000061/0001370946-15-000061-index.htm",
        "finalLink": "https://www.sec.gov/Archives/edgar/data/1370946/000137094615000061/oc-20141231x10k.htm"
    },
    {
        "date": "2014-09-30",
        "symbol": "OC",
        "reportedCurrency": "USD",
        "cik": "0001370946",
        "fillingDate": "2014-10-22",
        "acceptedDate": "2014-10-22 07:32:14",
        "calendarYear": "2014",
        "period": "Q3",
        "revenue": 1382000000,
        "costOfRevenue": 1131000000,
        "grossProfit": 251000000,
        "grossProfitRatio": 0.1816208394,
        "researchAndDevelopmentExpenses": 18000000,
        "generalAndAdministrativeExpenses": 0,
        "sellingAndMarketingExpenses": 0,
        "sellingGeneralAndAdministrativeExpenses": 110000000,
        "otherExpenses": 16000000,
        "operatingExpenses": 144000000,
        "costAndExpenses": 1275000000,
        "interestIncome": 0,
        "interestExpense": 28000000,
        "depreciationAndAmortization": 75000000,
        "ebitda": 182000000,
        "ebitdaratio": 0.1316931983,
        "operatingIncome": 107000000,
        "operatingIncomeRatio": 0.0774240232,
        "totalOtherIncomeExpensesNet": -28000000,
        "incomeBeforeTax": 79000000,
        "incomeBeforeTaxRatio": 0.0571635311,
        "incomeTaxExpense": 27000000,
        "netIncome": 52000000,
        "netIncomeRatio": 0.0376266281,
        "eps": 0.44,
        "epsdiluted": 0.44,
        "weightedAverageShsOut": 117400000,
        "weightedAverageShsOutDil": 118100000,
        "link": "https://www.sec.gov/Archives/edgar/data/1370946/000137094614000124/0001370946-14-000124-index.htm",
        "finalLink": "https://www.sec.gov/Archives/edgar/data/1370946/000137094614000124/oc-20140930x10q.htm"
    },
    {
        "date": "2014-06-30",
        "symbol": "OC",
        "reportedCurrency": "USD",
        "cik": "0001370946",
        "fillingDate": "2014-07-23",
        "acceptedDate": "2014-07-23 07:43:35",
        "calendarYear": "2014",
        "period": "Q2",
        "revenue": 1355000000,
        "costOfRevenue": 1107000000,
        "grossProfit": 248000000,
        "grossProfitRatio": 0.1830258303,
        "researchAndDevelopmentExpenses": 20000000,
        "generalAndAdministrativeExpenses": 0,
        "sellingAndMarketingExpenses": 0,
        "sellingGeneralAndAdministrativeExpenses": 130000000,
        "otherExpenses": 25000000,
        "operatingExpenses": 175000000,
        "costAndExpenses": 1282000000,
        "interestIncome": 0,
        "interestExpense": 31000000,
        "depreciationAndAmortization": 78000000,
        "ebitda": 151000000,
        "ebitdaratio": 0.1114391144,
        "operatingIncome": 73000000,
        "operatingIncomeRatio": 0.0538745387,
        "totalOtherIncomeExpensesNet": -31000000,
        "incomeBeforeTax": 42000000,
        "incomeBeforeTaxRatio": 0.03099631,
        "incomeTaxExpense": 21000000,
        "netIncome": 21000000,
        "netIncomeRatio": 0.015498155,
        "eps": 0.18,
        "epsdiluted": 0.18,
        "weightedAverageShsOut": 117400000,
        "weightedAverageShsOutDil": 118300000,
        "link": "https://www.sec.gov/Archives/edgar/data/1370946/000119312514276282/0001193125-14-276282-index.htm",
        "finalLink": "https://www.sec.gov/Archives/edgar/data/1370946/000119312514276282/d759381d10q.htm"
    },
    {
        "date": "2014-03-31",
        "symbol": "OC",
        "reportedCurrency": "USD",
        "cik": "0001370946",
        "fillingDate": "2014-04-23",
        "acceptedDate": "2014-04-23 07:46:09",
        "calendarYear": "2014",
        "period": "Q1",
        "revenue": 1278000000,
        "costOfRevenue": 1044000000,
        "grossProfit": 234000000,
        "grossProfitRatio": 0.1830985915,
        "researchAndDevelopmentExpenses": 19000000,
        "generalAndAdministrativeExpenses": 0,
        "sellingAndMarketingExpenses": 0,
        "sellingGeneralAndAdministrativeExpenses": 132000000,
        "otherExpenses": -25000000,
        "operatingExpenses": 126000000,
        "costAndExpenses": 1170000000,
        "interestIncome": 0,
        "interestExpense": 27000000,
        "depreciationAndAmortization": 76000000,
        "ebitda": 184000000,
        "ebitdaratio": 0.1439749609,
        "operatingIncome": 108000000,
        "operatingIncomeRatio": 0.0845070423,
        "totalOtherIncomeExpensesNet": -27000000,
        "incomeBeforeTax": 81000000,
        "incomeBeforeTaxRatio": 0.0633802817,
        "incomeTaxExpense": -39000000,
        "netIncome": 120000000,
        "netIncomeRatio": 0.0938967136,
        "eps": 1.02,
        "epsdiluted": 1.01,
        "weightedAverageShsOut": 117800000,
        "weightedAverageShsOutDil": 118700000,
        "link": "https://www.sec.gov/Archives/edgar/data/1370946/000119312514153651/0001193125-14-153651-index.htm",
        "finalLink": "https://www.sec.gov/Archives/edgar/data/1370946/000119312514153651/d715165d10q.htm"
    },
    {
        "date": "2013-12-31",
        "symbol": "OC",
        "reportedCurrency": "USD",
        "cik": "0001370946",
        "fillingDate": "2014-02-12",
        "acceptedDate": "2014-02-12 07:38:52",
        "calendarYear": "2013",
        "period": "Q4",
        "revenue": 1278000000,
        "costOfRevenue": 1045000000,
        "grossProfit": 233000000,
        "grossProfitRatio": 0.1823161189,
        "researchAndDevelopmentExpenses": 20000000,
        "generalAndAdministrativeExpenses": 0,
        "sellingAndMarketingExpenses": 0,
        "sellingGeneralAndAdministrativeExpenses": 135000000,
        "otherExpenses": -26000000,
        "operatingExpenses": 129000000,
        "costAndExpenses": 1174000000,
        "interestIncome": 0,
        "interestExpense": 25000000,
        "depreciationAndAmortization": 97000000,
        "ebitda": 201000000,
        "ebitdaratio": 0.1572769953,
        "operatingIncome": 104000000,
        "operatingIncomeRatio": 0.0813771518,
        "totalOtherIncomeExpensesNet": -25000000,
        "incomeBeforeTax": 79000000,
        "incomeBeforeTaxRatio": 0.0618153365,
        "incomeTaxExpense": -3000000,
        "netIncome": 82000000,
        "netIncomeRatio": 0.0641627543,
        "eps": 0.7,
        "epsdiluted": 0.69,
        "weightedAverageShsOut": 117600000,
        "weightedAverageShsOutDil": 118500000,
        "link": "https://www.sec.gov/Archives/edgar/data/1370946/000119312514046910/0001193125-14-046910-index.htm",
        "finalLink": "https://www.sec.gov/Archives/edgar/data/1370946/000119312514046910/d647256d10k.htm"
    },
    {
        "date": "2013-09-30",
        "symbol": "OC",
        "reportedCurrency": "USD",
        "cik": "0001370946",
        "fillingDate": "2013-10-23",
        "acceptedDate": "2013-10-23 07:38:13",
        "calendarYear": "2013",
        "period": "Q3",
        "revenue": 1320000000,
        "costOfRevenue": 1067000000,
        "grossProfit": 253000000,
        "grossProfitRatio": 0.1916666667,
        "researchAndDevelopmentExpenses": 19000000,
        "generalAndAdministrativeExpenses": 0,
        "sellingAndMarketingExpenses": 0,
        "sellingGeneralAndAdministrativeExpenses": 128000000,
        "otherExpenses": 0,
        "operatingExpenses": 147000000,
        "costAndExpenses": 1214000000,
        "interestIncome": 0,
        "interestExpense": 29000000,
        "depreciationAndAmortization": 78000000,
        "ebitda": 184000000,
        "ebitdaratio": 0.1393939394,
        "operatingIncome": 106000000,
        "operatingIncomeRatio": 0.0803030303,
        "totalOtherIncomeExpensesNet": -29000000,
        "incomeBeforeTax": 77000000,
        "incomeBeforeTaxRatio": 0.0583333333,
        "incomeTaxExpense": 26000000,
        "netIncome": 51000000,
        "netIncomeRatio": 0.0386363636,
        "eps": 0.43,
        "epsdiluted": 0.43,
        "weightedAverageShsOut": 118000000,
        "weightedAverageShsOutDil": 118800000,
        "link": "https://www.sec.gov/Archives/edgar/data/1370946/000119312513407379/0001193125-13-407379-index.htm",
        "finalLink": "https://www.sec.gov/Archives/edgar/data/1370946/000119312513407379/d615263d10q.htm"
    },
    {
        "date": "2013-06-30",
        "symbol": "OC",
        "reportedCurrency": "USD",
        "cik": "0001370946",
        "fillingDate": "2013-07-24",
        "acceptedDate": "2013-07-24 07:46:39",
        "calendarYear": "2013",
        "period": "Q2",
        "revenue": 1347000000,
        "costOfRevenue": 1080000000,
        "grossProfit": 267000000,
        "grossProfitRatio": 0.1982182628,
        "researchAndDevelopmentExpenses": 20000000,
        "generalAndAdministrativeExpenses": 0,
        "sellingAndMarketingExpenses": 0,
        "sellingGeneralAndAdministrativeExpenses": 134000000,
        "otherExpenses": -5000000,
        "operatingExpenses": 149000000,
        "costAndExpenses": 1229000000,
        "interestIncome": 0,
        "interestExpense": 29000000,
        "depreciationAndAmortization": 79000000,
        "ebitda": 197000000,
        "ebitdaratio": 0.146250928,
        "operatingIncome": 118000000,
        "operatingIncomeRatio": 0.0876020787,
        "totalOtherIncomeExpensesNet": -29000000,
        "incomeBeforeTax": 89000000,
        "incomeBeforeTaxRatio": 0.0660727543,
        "incomeTaxExpense": 39000000,
        "netIncome": 49000000,
        "netIncomeRatio": 0.0363771344,
        "eps": 0.41,
        "epsdiluted": 0.41,
        "weightedAverageShsOut": 119100000,
        "weightedAverageShsOutDil": 120400000,
        "link": "https://www.sec.gov/Archives/edgar/data/1370946/000119312513299706/0001193125-13-299706-index.htm",
        "finalLink": "https://www.sec.gov/Archives/edgar/data/1370946/000119312513299706/d571954d10q.htm"
    },
    {
        "date": "2013-03-31",
        "symbol": "OC",
        "reportedCurrency": "USD",
        "cik": "0001370946",
        "fillingDate": "2013-04-24",
        "acceptedDate": "2013-04-24 07:41:09",
        "calendarYear": "2013",
        "period": "Q1",
        "revenue": 1350000000,
        "costOfRevenue": 1137000000,
        "grossProfit": 213000000,
        "grossProfitRatio": 0.1577777778,
        "researchAndDevelopmentExpenses": 18000000,
        "generalAndAdministrativeExpenses": 0,
        "sellingAndMarketingExpenses": 0,
        "sellingGeneralAndAdministrativeExpenses": 133000000,
        "otherExpenses": 5000000,
        "operatingExpenses": 156000000,
        "costAndExpenses": 1293000000,
        "interestIncome": 0,
        "interestExpense": 29000000,
        "depreciationAndAmortization": 78000000,
        "ebitda": 135000000,
        "ebitdaratio": 0.1,
        "operatingIncome": 57000000,
        "operatingIncomeRatio": 0.0422222222,
        "totalOtherIncomeExpensesNet": -29000000,
        "incomeBeforeTax": 28000000,
        "incomeBeforeTaxRatio": 0.0207407407,
        "incomeTaxExpense": 6000000,
        "netIncome": 22000000,
        "netIncomeRatio": 0.0162962963,
        "eps": 0.19,
        "epsdiluted": 0.18,
        "weightedAverageShsOut": 118500000,
        "weightedAverageShsOutDil": 119600000,
        "link": "https://www.sec.gov/Archives/edgar/data/1370946/000119312513168799/0001193125-13-168799-index.htm",
        "finalLink": "https://www.sec.gov/Archives/edgar/data/1370946/000119312513168799/d520993d10q.htm"
    },
    {
        "date": "2012-12-31",
        "symbol": "OC",
        "reportedCurrency": "USD",
        "cik": "0001370946",
        "fillingDate": "2013-02-20",
        "acceptedDate": "2013-02-20 07:55:06",
        "calendarYear": "2012",
        "period": "Q4",
        "revenue": 1159000000,
        "costOfRevenue": 989000000,
        "grossProfit": 170000000,
        "grossProfitRatio": 0.1466781708,
        "researchAndDevelopmentExpenses": 19000000,
        "generalAndAdministrativeExpenses": 0,
        "sellingAndMarketingExpenses": 0,
        "sellingGeneralAndAdministrativeExpenses": 129000000,
        "otherExpenses": 22000000,
        "operatingExpenses": 170000000,
        "costAndExpenses": 1159000000,
        "interestIncome": 0,
        "interestExpense": 29000000,
        "depreciationAndAmortization": 80000000,
        "ebitda": 22000000,
        "ebitdaratio": 0.0189818809,
        "operatingIncome": 16000000,
        "operatingIncomeRatio": 0.0138050043,
        "totalOtherIncomeExpensesNet": -103000000,
        "incomeBeforeTax": -87000000,
        "incomeBeforeTaxRatio": -0.075064711,
        "incomeTaxExpense": -36000000,
        "netIncome": -56000000,
        "netIncomeRatio": -0.0483175151,
        "eps": -0.48,
        "epsdiluted": -0.47,
        "weightedAverageShsOut": 116976654,
        "weightedAverageShsOutDil": 118000000,
        "link": "https://www.sec.gov/Archives/edgar/data/1370946/000119312513066200/0001193125-13-066200-index.htm",
        "finalLink": "https://www.sec.gov/Archives/edgar/data/1370946/000119312513066200/d465976d10k.htm"
    },
    {
        "date": "2012-09-30",
        "symbol": "OC",
        "reportedCurrency": "USD",
        "cik": "0001370946",
        "fillingDate": "2012-10-24",
        "acceptedDate": "2012-10-24 07:57:23",
        "calendarYear": "2012",
        "period": "Q3",
        "revenue": 1276000000,
        "costOfRevenue": 1074000000,
        "grossProfit": 202000000,
        "grossProfitRatio": 0.15830721,
        "researchAndDevelopmentExpenses": 20000000,
        "generalAndAdministrativeExpenses": 0,
        "sellingAndMarketingExpenses": 115000000,
        "sellingGeneralAndAdministrativeExpenses": 115000000,
        "otherExpenses": 8000000,
        "operatingExpenses": 143000000,
        "costAndExpenses": 1217000000,
        "interestIncome": 0,
        "interestExpense": 29000000,
        "depreciationAndAmortization": 89000000,
        "ebitda": 148000000,
        "ebitdaratio": 0.1159874608,
        "operatingIncome": 59000000,
        "operatingIncomeRatio": 0.0462382445,
        "totalOtherIncomeExpensesNet": -29000000,
        "incomeBeforeTax": 30000000,
        "incomeBeforeTaxRatio": 0.0235109718,
        "incomeTaxExpense": -14000000,
        "netIncome": 44000000,
        "netIncomeRatio": 0.0344827586,
        "eps": 0.37,
        "epsdiluted": 0.37,
        "weightedAverageShsOut": 117900000,
        "weightedAverageShsOutDil": 118800000,
        "link": "https://www.sec.gov/Archives/edgar/data/1370946/000119312512432383/0001193125-12-432383-index.htm",
        "finalLink": "https://www.sec.gov/Archives/edgar/data/1370946/000119312512432383/d425882d10q.htm"
    },
    {
        "date": "2012-06-30",
        "symbol": "OC",
        "reportedCurrency": "USD",
        "cik": "0001370946",
        "fillingDate": "2012-08-01",
        "acceptedDate": "2012-08-01 08:08:04",
        "calendarYear": "2012",
        "period": "Q2",
        "revenue": 1391000000,
        "costOfRevenue": 1152000000,
        "grossProfit": 239000000,
        "grossProfitRatio": 0.1718188354,
        "researchAndDevelopmentExpenses": 21000000,
        "generalAndAdministrativeExpenses": 0,
        "sellingAndMarketingExpenses": 0,
        "sellingGeneralAndAdministrativeExpenses": 128000000,
        "otherExpenses": 5000000,
        "operatingExpenses": 154000000,
        "costAndExpenses": 1306000000,
        "interestIncome": 0,
        "interestExpense": 28000000,
        "depreciationAndAmortization": 91000000,
        "ebitda": 176000000,
        "ebitdaratio": 0.1265276779,
        "operatingIncome": 85000000,
        "operatingIncomeRatio": 0.0611071172,
        "totalOtherIncomeExpensesNet": -28000000,
        "incomeBeforeTax": 57000000,
        "incomeBeforeTaxRatio": 0.0409777139,
        "incomeTaxExpense": 17000000,
        "netIncome": 39000000,
        "netIncomeRatio": 0.0280373832,
        "eps": 0.32,
        "epsdiluted": 0.32,
        "weightedAverageShsOut": 120800000,
        "weightedAverageShsOutDil": 121500000,
        "link": "https://www.sec.gov/Archives/edgar/data/1370946/000119312512327182/0001193125-12-327182-index.htm",
        "finalLink": "https://www.sec.gov/Archives/edgar/data/1370946/000119312512327182/d387118d10q.htm"
    },
    {
        "date": "2012-03-31",
        "symbol": "OC",
        "reportedCurrency": "USD",
        "cik": "0001370946",
        "fillingDate": "2012-04-25",
        "acceptedDate": "2012-04-25 08:15:23",
        "calendarYear": "2012",
        "period": "Q1",
        "revenue": 1346000000,
        "costOfRevenue": 1160000000,
        "grossProfit": 186000000,
        "grossProfitRatio": 0.1381872214,
        "researchAndDevelopmentExpenses": 19000000,
        "generalAndAdministrativeExpenses": 0,
        "sellingAndMarketingExpenses": 137000000,
        "sellingGeneralAndAdministrativeExpenses": 137000000,
        "otherExpenses": 42000000,
        "operatingExpenses": 198000000,
        "costAndExpenses": 1358000000,
        "interestIncome": 0,
        "interestExpense": 28000000,
        "depreciationAndAmortization": 89000000,
        "ebitda": 77000000,
        "ebitdaratio": 0.0572065379,
        "operatingIncome": -12000000,
        "operatingIncomeRatio": -0.0089153046,
        "totalOtherIncomeExpensesNet": -28000000,
        "incomeBeforeTax": -40000000,
        "incomeBeforeTaxRatio": -0.029717682,
        "incomeTaxExpense": 5000000,
        "netIncome": -46000000,
        "netIncomeRatio": -0.0341753343,
        "eps": -0.38,
        "epsdiluted": -0.38,
        "weightedAverageShsOut": 121100000,
        "weightedAverageShsOutDil": 121100000,
        "link": "https://www.sec.gov/Archives/edgar/data/1370946/000119312512180445/0001193125-12-180445-index.htm",
        "finalLink": "https://www.sec.gov/Archives/edgar/data/1370946/000119312512180445/d337262d10q.htm"
    },
    {
        "date": "2011-12-31",
        "symbol": "OC",
        "reportedCurrency": "USD",
        "cik": "0001370946",
        "fillingDate": "2012-02-15",
        "acceptedDate": "2012-02-15 07:11:27",
        "calendarYear": "2011",
        "period": "Q4",
        "revenue": 1196000000,
        "costOfRevenue": 966000000,
        "grossProfit": 230000000,
        "grossProfitRatio": 0.1923076923,
        "researchAndDevelopmentExpenses": 19000000,
        "generalAndAdministrativeExpenses": 0,
        "sellingAndMarketingExpenses": 0,
        "sellingGeneralAndAdministrativeExpenses": 130000000,
        "otherExpenses": 81000000,
        "operatingExpenses": 230000000,
        "costAndExpenses": 1196000000,
        "interestIncome": 0,
        "interestExpense": 0,
        "depreciationAndAmortization": 75000000,
        "ebitda": 163000000,
        "ebitdaratio": 0.1362876254,
        "operatingIncome": 88000000,
        "operatingIncomeRatio": 0.0735785953,
        "totalOtherIncomeExpensesNet": -43000000,
        "incomeBeforeTax": 61000000,
        "incomeBeforeTaxRatio": 0.0510033445,
        "incomeTaxExpense": 11000000,
        "netIncome": 50000000,
        "netIncomeRatio": 0.0418060201,
        "eps": 0.41,
        "epsdiluted": 0.41,
        "weightedAverageShsOut": 120400000,
        "weightedAverageShsOutDil": 121100000,
        "link": "https://www.sec.gov/Archives/edgar/data/1370946/000119312512062185/0001193125-12-062185-index.htm",
        "finalLink": "https://www.sec.gov/Archives/edgar/data/1370946/000119312512062185/d279703d10k.htm"
    },
    {
        "date": "2011-09-30",
        "symbol": "OC",
        "reportedCurrency": "USD",
        "cik": "0001370946",
        "fillingDate": "2011-10-26",
        "acceptedDate": "2011-10-26 07:24:03",
        "calendarYear": "2011",
        "period": "Q3",
        "revenue": 1450000000,
        "costOfRevenue": 1133000000,
        "grossProfit": 317000000,
        "grossProfitRatio": 0.2186206897,
        "researchAndDevelopmentExpenses": 20000000,
        "generalAndAdministrativeExpenses": 0,
        "sellingAndMarketingExpenses": 119000000,
        "sellingGeneralAndAdministrativeExpenses": 119000000,
        "otherExpenses": 178000000,
        "operatingExpenses": 317000000,
        "costAndExpenses": 1450000000,
        "interestIncome": 0,
        "interestExpense": 28000000,
        "depreciationAndAmortization": 78000000,
        "ebitda": 255000000,
        "ebitdaratio": 0.175862069,
        "operatingIncome": 177000000,
        "operatingIncomeRatio": 0.1220689655,
        "totalOtherIncomeExpensesNet": -44000000,
        "incomeBeforeTax": 149000000,
        "incomeBeforeTaxRatio": 0.1027586207,
        "incomeTaxExpense": 23000000,
        "netIncome": 124000000,
        "netIncomeRatio": 0.0855172414,
        "eps": 1.02,
        "epsdiluted": 1.01,
        "weightedAverageShsOut": 121700000,
        "weightedAverageShsOutDil": 122600000,
        "link": "https://www.sec.gov/Archives/edgar/data/1370946/000119312511281159/0001193125-11-281159-index.htm",
        "finalLink": "https://www.sec.gov/Archives/edgar/data/1370946/000119312511281159/d233245d10q.htm"
    },
    {
        "date": "2011-06-30",
        "symbol": "OC",
        "reportedCurrency": "USD",
        "cik": "0001370946",
        "fillingDate": "2011-08-03",
        "acceptedDate": "2011-08-03 08:26:04",
        "calendarYear": "2011",
        "period": "Q2",
        "revenue": 1451000000,
        "costOfRevenue": 1172000000,
        "grossProfit": 279000000,
        "grossProfitRatio": 0.1922811854,
        "researchAndDevelopmentExpenses": 19000000,
        "generalAndAdministrativeExpenses": 0,
        "sellingAndMarketingExpenses": 0,
        "sellingGeneralAndAdministrativeExpenses": 141000000,
        "otherExpenses": 119000000,
        "operatingExpenses": 279000000,
        "costAndExpenses": 1451000000,
        "interestIncome": 0,
        "interestExpense": 28000000,
        "depreciationAndAmortization": 85000000,
        "ebitda": 220000000,
        "ebitdaratio": 0.1516195727,
        "operatingIncome": 119000000,
        "operatingIncomeRatio": 0.0820124052,
        "totalOtherIncomeExpensesNet": -28000000,
        "incomeBeforeTax": 107000000,
        "incomeBeforeTaxRatio": 0.0737422467,
        "incomeTaxExpense": 29000000,
        "netIncome": 78000000,
        "netIncomeRatio": 0.0537560303,
        "eps": 0.63,
        "epsdiluted": 0.62,
        "weightedAverageShsOut": 124000000,
        "weightedAverageShsOutDil": 125400000,
        "link": "https://www.sec.gov/Archives/edgar/data/1370946/000119312511207360/0001193125-11-207360-index.htm",
        "finalLink": "https://www.sec.gov/Archives/edgar/data/1370946/000119312511207360/d10q.htm"
    },
    {
        "date": "2011-03-31",
        "symbol": "OC",
        "reportedCurrency": "USD",
        "cik": "0001370946",
        "fillingDate": "2011-04-27",
        "acceptedDate": "2011-04-27 07:45:01",
        "calendarYear": "2011",
        "period": "Q1",
        "revenue": 1238000000,
        "costOfRevenue": 1036000000,
        "grossProfit": 202000000,
        "grossProfitRatio": 0.1631663974,
        "researchAndDevelopmentExpenses": 19000000,
        "generalAndAdministrativeExpenses": 0,
        "sellingAndMarketingExpenses": 135000000,
        "sellingGeneralAndAdministrativeExpenses": 135000000,
        "otherExpenses": 48000000,
        "operatingExpenses": 202000000,
        "costAndExpenses": 1238000000,
        "interestIncome": 0,
        "interestExpense": 25000000,
        "depreciationAndAmortization": 80000000,
        "ebitda": 141000000,
        "ebitdaratio": 0.1138933764,
        "operatingIncome": 61000000,
        "operatingIncomeRatio": 0.049273021,
        "totalOtherIncomeExpensesNet": -41000000,
        "incomeBeforeTax": 36000000,
        "incomeBeforeTaxRatio": 0.0290791599,
        "incomeTaxExpense": 11000000,
        "netIncome": 24000000,
        "netIncomeRatio": 0.0193861066,
        "eps": 0.19,
        "epsdiluted": 0.19,
        "weightedAverageShsOut": 123800000,
        "weightedAverageShsOutDil": 125300000,
        "link": "https://www.sec.gov/Archives/edgar/data/1370946/000119312511110678/0001193125-11-110678-index.htm",
        "finalLink": "https://www.sec.gov/Archives/edgar/data/1370946/000119312511110678/d10q.htm"
    },
    {
        "date": "2010-12-31",
        "symbol": "OC",
        "reportedCurrency": "USD",
        "cik": "0001370946",
        "fillingDate": "2011-02-16",
        "acceptedDate": "2011-02-16 08:18:28",
        "calendarYear": "2010",
        "period": "Q4",
        "revenue": 1168000000,
        "costOfRevenue": 968000000,
        "grossProfit": 200000000,
        "grossProfitRatio": 0.1712328767,
        "researchAndDevelopmentExpenses": 21000000,
        "generalAndAdministrativeExpenses": 131000000,
        "sellingAndMarketingExpenses": 0,
        "sellingGeneralAndAdministrativeExpenses": 131000000,
        "otherExpenses": 48000000,
        "operatingExpenses": 200000000,
        "costAndExpenses": 1168000000,
        "interestIncome": 0,
        "interestExpense": 0,
        "depreciationAndAmortization": 78000000,
        "ebitda": -17000000,
        "ebitdaratio": -0.0145547945,
        "operatingIncome": -66000000,
        "operatingIncomeRatio": -0.0565068493,
        "totalOtherIncomeExpensesNet": -1000000,
        "incomeBeforeTax": -96000000,
        "incomeBeforeTaxRatio": -0.0821917808,
        "incomeTaxExpense": 14000000,
        "netIncome": -110000000,
        "netIncomeRatio": -0.0941780822,
        "eps": -0.89,
        "epsdiluted": -0.89,
        "weightedAverageShsOut": 123800000,
        "weightedAverageShsOutDil": 123800000,
        "link": "https://www.sec.gov/Archives/edgar/data/1370946/000119312511037296/0001193125-11-037296-index.htm",
        "finalLink": "https://www.sec.gov/Archives/edgar/data/1370946/000119312511037296/d10k.htm"
    },
    {
        "date": "2010-09-30",
        "symbol": "OC",
        "reportedCurrency": "USD",
        "cik": "0001370946",
        "fillingDate": "2010-10-27",
        "acceptedDate": "2010-10-27 07:39:44",
        "calendarYear": "2010",
        "period": "Q3",
        "revenue": 1186000000,
        "costOfRevenue": 950000000,
        "grossProfit": 236000000,
        "grossProfitRatio": 0.1989881956,
        "researchAndDevelopmentExpenses": 19000000,
        "generalAndAdministrativeExpenses": 123000000,
        "sellingAndMarketingExpenses": 0,
        "sellingGeneralAndAdministrativeExpenses": 123000000,
        "otherExpenses": 94000000,
        "operatingExpenses": 236000000,
        "costAndExpenses": 1186000000,
        "interestIncome": 0,
        "interestExpense": 0,
        "depreciationAndAmortization": 83000000,
        "ebitda": 167000000,
        "ebitdaratio": 0.1408094435,
        "operatingIncome": 84000000,
        "operatingIncomeRatio": 0.0708263069,
        "totalOtherIncomeExpensesNet": 0,
        "incomeBeforeTax": 41000000,
        "incomeBeforeTaxRatio": 0.0345699831,
        "incomeTaxExpense": -19000000,
        "netIncome": 58000000,
        "netIncomeRatio": 0.0489038786,
        "eps": 0.46,
        "epsdiluted": 0.46,
        "weightedAverageShsOut": 125100000,
        "weightedAverageShsOutDil": 126600000,
        "link": "https://www.sec.gov/Archives/edgar/data/1370946/000119312510237308/0001193125-10-237308-index.htm",
        "finalLink": "https://www.sec.gov/Archives/edgar/data/1370946/000119312510237308/d10q.htm"
    },
    {
        "date": "2010-06-30",
        "symbol": "OC",
        "reportedCurrency": "USD",
        "cik": "0001370946",
        "fillingDate": "2010-08-04",
        "acceptedDate": "2010-08-04 07:49:45",
        "calendarYear": "2010",
        "period": "Q2",
        "revenue": 1378000000,
        "costOfRevenue": 1094000000,
        "grossProfit": 284000000,
        "grossProfitRatio": 0.206095791,
        "researchAndDevelopmentExpenses": 18000000,
        "generalAndAdministrativeExpenses": 138000000,
        "sellingAndMarketingExpenses": 0,
        "sellingGeneralAndAdministrativeExpenses": 138000000,
        "otherExpenses": 128000000,
        "operatingExpenses": 284000000,
        "costAndExpenses": 1378000000,
        "interestIncome": 0,
        "interestExpense": 31000000,
        "depreciationAndAmortization": 79000000,
        "ebitda": 204000000,
        "ebitdaratio": 0.1480406386,
        "operatingIncome": 128000000,
        "operatingIncomeRatio": 0.0928882438,
        "totalOtherIncomeExpensesNet": -5000000,
        "incomeBeforeTax": 94000000,
        "incomeBeforeTaxRatio": 0.0682148041,
        "incomeTaxExpense": -844000000,
        "netIncome": 937000000,
        "netIncomeRatio": 0.6799709724,
        "eps": 7.39,
        "epsdiluted": 7.33,
        "weightedAverageShsOut": 126800000,
        "weightedAverageShsOutDil": 127900000,
        "link": "https://www.sec.gov/Archives/edgar/data/1370946/000119312510176211/0001193125-10-176211-index.htm",
        "finalLink": "https://www.sec.gov/Archives/edgar/data/1370946/000119312510176211/d10q.htm"
    },
    {
        "date": "2010-03-31",
        "symbol": "OC",
        "reportedCurrency": "USD",
        "cik": "0001370946",
        "fillingDate": "2010-04-28",
        "acceptedDate": "2010-04-28 07:25:00",
        "calendarYear": "2010",
        "period": "Q1",
        "revenue": 1265000000,
        "costOfRevenue": 1029000000,
        "grossProfit": 236000000,
        "grossProfitRatio": 0.1865612648,
        "researchAndDevelopmentExpenses": 18000000,
        "generalAndAdministrativeExpenses": 124000000,
        "sellingAndMarketingExpenses": 0,
        "sellingGeneralAndAdministrativeExpenses": 124000000,
        "otherExpenses": 94000000,
        "operatingExpenses": 236000000,
        "costAndExpenses": 1265000000,
        "interestIncome": 0,
        "interestExpense": 26000000,
        "depreciationAndAmortization": 80000000,
        "ebitda": 163000000,
        "ebitdaratio": 0.1288537549,
        "operatingIncome": 89000000,
        "operatingIncomeRatio": 0.0703557312,
        "totalOtherIncomeExpensesNet": -3000000,
        "incomeBeforeTax": 57000000,
        "incomeBeforeTaxRatio": 0.0450592885,
        "incomeTaxExpense": 9000000,
        "netIncome": 48000000,
        "netIncomeRatio": 0.037944664,
        "eps": 0.38,
        "epsdiluted": 0.38,
        "weightedAverageShsOut": 126500000,
        "weightedAverageShsOutDil": 127500000,
        "link": "https://www.sec.gov/Archives/edgar/data/1370946/000119312510095732/0001193125-10-095732-index.htm",
        "finalLink": "https://www.sec.gov/Archives/edgar/data/1370946/000119312510095732/d10q.htm"
    },
    {
        "date": "2009-12-31",
        "symbol": "OC",
        "reportedCurrency": "USD",
        "cik": "0001370946",
        "fillingDate": "2010-02-17",
        "acceptedDate": "2010-02-17 07:44:44",
        "calendarYear": "2009",
        "period": "Q4",
        "revenue": 1162000000,
        "costOfRevenue": 1001000000,
        "grossProfit": 161000000,
        "grossProfitRatio": 0.1385542169,
        "researchAndDevelopmentExpenses": 16000000,
        "generalAndAdministrativeExpenses": 147000000,
        "sellingAndMarketingExpenses": 0,
        "sellingGeneralAndAdministrativeExpenses": 147000000,
        "otherExpenses": -2000000,
        "operatingExpenses": 161000000,
        "costAndExpenses": 1162000000,
        "interestIncome": 0,
        "interestExpense": 30000000,
        "depreciationAndAmortization": 87000000,
        "ebitda": 89000000,
        "ebitdaratio": 0.0765920826,
        "operatingIncome": 2000000,
        "operatingIncomeRatio": 0.0017211704,
        "totalOtherIncomeExpensesNet": -31000000,
        "incomeBeforeTax": -28000000,
        "incomeBeforeTaxRatio": -0.0240963855,
        "incomeTaxExpense": -9000000,
        "netIncome": -21000000,
        "netIncomeRatio": -0.0180722892,
        "eps": -0.17,
        "epsdiluted": -0.17,
        "weightedAverageShsOut": 125700000,
        "weightedAverageShsOutDil": 126500000,
        "link": "https://www.sec.gov/Archives/edgar/data/1370946/000119312510032821/0001193125-10-032821-index.htm",
        "finalLink": "https://www.sec.gov/Archives/edgar/data/1370946/000119312510032821/d10k.htm"
    },
    {
        "date": "2009-09-30",
        "symbol": "OC",
        "reportedCurrency": "USD",
        "cik": "0001370946",
        "fillingDate": "2009-10-28",
        "acceptedDate": "2009-10-28 07:53:04",
        "calendarYear": "2009",
        "period": "Q3",
        "revenue": 1348000000,
        "costOfRevenue": 1068000000,
        "grossProfit": 280000000,
        "grossProfitRatio": 0.2077151335,
        "researchAndDevelopmentExpenses": 15000000,
        "generalAndAdministrativeExpenses": 140000000,
        "sellingAndMarketingExpenses": 0,
        "sellingGeneralAndAdministrativeExpenses": 140000000,
        "otherExpenses": 125000000,
        "operatingExpenses": 280000000,
        "costAndExpenses": 1348000000,
        "interestIncome": 0,
        "interestExpense": 30000000,
        "depreciationAndAmortization": 80000000,
        "ebitda": 203000000,
        "ebitdaratio": 0.1505934718,
        "operatingIncome": 123000000,
        "operatingIncomeRatio": 0.0912462908,
        "totalOtherIncomeExpensesNet": -34000000,
        "incomeBeforeTax": 90000000,
        "incomeBeforeTaxRatio": 0.0667655786,
        "incomeTaxExpense": 8000000,
        "netIncome": 80000000,
        "netIncomeRatio": 0.059347181,
        "eps": 0.64,
        "epsdiluted": 0.63,
        "weightedAverageShsOut": 124500000,
        "weightedAverageShsOutDil": 127100000,
        "link": "https://www.sec.gov/Archives/edgar/data/1370946/000119312509215544/0001193125-09-215544-index.htm",
        "finalLink": "https://www.sec.gov/Archives/edgar/data/1370946/000119312509215544/d10q.htm"
    },
    {
        "date": "2009-06-30",
        "symbol": "OC",
        "reportedCurrency": "USD",
        "cik": "0001370946",
        "fillingDate": "2009-08-05",
        "acceptedDate": "2009-08-05 08:02:42",
        "calendarYear": "2009",
        "period": "Q2",
        "revenue": 1219000000,
        "costOfRevenue": 969000000,
        "grossProfit": 250000000,
        "grossProfitRatio": 0.2050861362,
        "researchAndDevelopmentExpenses": 15000000,
        "generalAndAdministrativeExpenses": 134000000,
        "sellingAndMarketingExpenses": 0,
        "sellingGeneralAndAdministrativeExpenses": 134000000,
        "otherExpenses": 101000000,
        "operatingExpenses": 250000000,
        "costAndExpenses": 1219000000,
        "interestIncome": 0,
        "interestExpense": 0,
        "depreciationAndAmortization": 74000000,
        "ebitda": 170000000,
        "ebitdaratio": 0.1394585726,
        "operatingIncome": 96000000,
        "operatingIncomeRatio": 0.0787530763,
        "totalOtherIncomeExpensesNet": -35000000,
        "incomeBeforeTax": 62000000,
        "incomeBeforeTaxRatio": 0.0508613618,
        "incomeTaxExpense": 29000000,
        "netIncome": 33000000,
        "netIncomeRatio": 0.02707137,
        "eps": 0.27,
        "epsdiluted": 0.26,
        "weightedAverageShsOut": 124500000,
        "weightedAverageShsOutDil": 126100000,
        "link": "https://www.sec.gov/Archives/edgar/data/1370946/000119312509164626/0001193125-09-164626-index.htm",
        "finalLink": "https://www.sec.gov/Archives/edgar/data/1370946/000119312509164626/d10q.htm"
    },
    {
        "date": "2009-03-31",
        "symbol": "OC",
        "reportedCurrency": "USD",
        "cik": "0001370946",
        "fillingDate": "2009-04-30",
        "acceptedDate": "2009-04-30 07:59:57",
        "calendarYear": "2009",
        "period": "Q1",
        "revenue": 1074000000,
        "costOfRevenue": 916000000,
        "grossProfit": 158000000,
        "grossProfitRatio": 0.147113594,
        "researchAndDevelopmentExpenses": 15000000,
        "generalAndAdministrativeExpenses": 130000000,
        "sellingAndMarketingExpenses": 0,
        "sellingGeneralAndAdministrativeExpenses": 130000000,
        "otherExpenses": 13000000,
        "operatingExpenses": 158000000,
        "costAndExpenses": 1074000000,
        "interestIncome": 0,
        "interestExpense": 0,
        "depreciationAndAmortization": 84000000,
        "ebitda": 88000000,
        "ebitdaratio": 0.0819366853,
        "operatingIncome": 4000000,
        "operatingIncomeRatio": 0.0037243948,
        "totalOtherIncomeExpensesNet": -48000000,
        "incomeBeforeTax": -43000000,
        "incomeBeforeTaxRatio": -0.0400372439,
        "incomeTaxExpense": -14000000,
        "netIncome": -28000000,
        "netIncomeRatio": -0.0260707635,
        "eps": -0.23,
        "epsdiluted": -0.23,
        "weightedAverageShsOut": 124300000,
        "weightedAverageShsOutDil": 124300000,
        "link": "https://www.sec.gov/Archives/edgar/data/1370946/000119312509093116/0001193125-09-093116-index.htm",
        "finalLink": "https://www.sec.gov/Archives/edgar/data/1370946/000119312509093116/d10q.htm"
    },
    {
        "date": "2008-12-31",
        "symbol": "OC",
        "reportedCurrency": "USD",
        "cik": "0001370946",
        "fillingDate": "2009-02-18",
        "acceptedDate": "2009-02-18 07:56:05",
        "calendarYear": "2008",
        "period": "Q4",
        "revenue": 1291000000,
        "costOfRevenue": 1102000000,
        "grossProfit": 189000000,
        "grossProfitRatio": 0.146398141,
        "researchAndDevelopmentExpenses": 17000000,
        "generalAndAdministrativeExpenses": 0,
        "sellingAndMarketingExpenses": 0,
        "sellingGeneralAndAdministrativeExpenses": 165000000,
        "otherExpenses": 7000000,
        "operatingExpenses": 189000000,
        "costAndExpenses": 1291000000,
        "interestIncome": 0,
        "interestExpense": 0,
        "depreciationAndAmortization": 91000000,
        "ebitda": 122000000,
        "ebitdaratio": 0.0945003873,
        "operatingIncome": 39000000,
        "operatingIncomeRatio": 0.0302091402,
        "totalOtherIncomeExpensesNet": 0,
        "incomeBeforeTax": -11000000,
        "incomeBeforeTaxRatio": -0.0085205267,
        "incomeTaxExpense": 35000000,
        "netIncome": -45000000,
        "netIncomeRatio": -0.0348567002,
        "eps": -0.36,
        "epsdiluted": -0.36,
        "weightedAverageShsOut": 124300000,
        "weightedAverageShsOutDil": 124300000,
        "link": "https://www.sec.gov/Archives/edgar/data/1370946/000119312509031783/0001193125-09-031783-index.htm",
        "finalLink": "https://www.sec.gov/Archives/edgar/data/1370946/000119312509031783/d10k.htm"
    },
    {
        "date": "2008-09-30",
        "symbol": "OC",
        "reportedCurrency": "USD",
        "cik": "0001370946",
        "fillingDate": "2008-10-29",
        "acceptedDate": "2008-10-29 08:20:04",
        "calendarYear": "2008",
        "period": "Q3",
        "revenue": 1629000000,
        "costOfRevenue": 1358000000,
        "grossProfit": 271000000,
        "grossProfitRatio": 0.1663597299,
        "researchAndDevelopmentExpenses": 16000000,
        "generalAndAdministrativeExpenses": 157000000,
        "sellingAndMarketingExpenses": 0,
        "sellingGeneralAndAdministrativeExpenses": 157000000,
        "otherExpenses": 98000000,
        "operatingExpenses": 271000000,
        "costAndExpenses": 1629000000,
        "interestIncome": 0,
        "interestExpense": 29000000,
        "depreciationAndAmortization": 84000000,
        "ebitda": 197000000,
        "ebitdaratio": 0.1209330878,
        "operatingIncome": 115000000,
        "operatingIncomeRatio": 0.0705954573,
        "totalOtherIncomeExpensesNet": -6000000,
        "incomeBeforeTax": 95000000,
        "incomeBeforeTaxRatio": 0.0583179865,
        "incomeTaxExpense": 880000000,
        "netIncome": -807000000,
        "netIncomeRatio": -0.4953959484,
        "eps": -6.38,
        "epsdiluted": -6.38,
        "weightedAverageShsOut": 127000000,
        "weightedAverageShsOutDil": 127000000,
        "link": "https://www.sec.gov/Archives/edgar/data/1370946/000119312508218488/0001193125-08-218488-index.htm",
        "finalLink": "https://www.sec.gov/Archives/edgar/data/1370946/000119312508218488/d10q.htm"
    },
    {
        "date": "2008-06-30",
        "symbol": "OC",
        "reportedCurrency": "USD",
        "cik": "0001370946",
        "fillingDate": "2008-07-30",
        "acceptedDate": "2008-07-30 08:00:03",
        "calendarYear": "2008",
        "period": "Q2",
        "revenue": 1574000000,
        "costOfRevenue": 1317000000,
        "grossProfit": 257000000,
        "grossProfitRatio": 0.1632782719,
        "researchAndDevelopmentExpenses": 17000000,
        "generalAndAdministrativeExpenses": 172000000,
        "sellingAndMarketingExpenses": 0,
        "sellingGeneralAndAdministrativeExpenses": 172000000,
        "otherExpenses": 68000000,
        "operatingExpenses": 257000000,
        "costAndExpenses": 1574000000,
        "interestIncome": 0,
        "interestExpense": 0,
        "depreciationAndAmortization": 79000000,
        "ebitda": 157000000,
        "ebitdaratio": 0.0997458704,
        "operatingIncome": 78000000,
        "operatingIncomeRatio": 0.0495552732,
        "totalOtherIncomeExpensesNet": -8000000,
        "incomeBeforeTax": 56000000,
        "incomeBeforeTaxRatio": 0.0355781449,
        "incomeTaxExpense": 2000000,
        "netIncome": 41000000,
        "netIncomeRatio": 0.0260482846,
        "eps": 0.32,
        "epsdiluted": 0.32,
        "weightedAverageShsOut": 128800000,
        "weightedAverageShsOutDil": 129800000,
        "link": "https://www.sec.gov/Archives/edgar/data/1370946/000119312508160848/0001193125-08-160848-index.htm",
        "finalLink": "https://www.sec.gov/Archives/edgar/data/1370946/000119312508160848/d10q.htm"
    },
    {
        "date": "2008-03-31",
        "symbol": "OC",
        "reportedCurrency": "USD",
        "cik": "0001370946",
        "fillingDate": "2008-05-28",
        "acceptedDate": "2008-05-28 17:03:03",
        "calendarYear": "2008",
        "period": "Q1",
        "revenue": 1353000000,
        "costOfRevenue": 1159000000,
        "grossProfit": 194000000,
        "grossProfitRatio": 0.1433850702,
        "researchAndDevelopmentExpenses": 19000000,
        "generalAndAdministrativeExpenses": 149000000,
        "sellingAndMarketingExpenses": 0,
        "sellingGeneralAndAdministrativeExpenses": 149000000,
        "otherExpenses": 26000000,
        "operatingExpenses": 194000000,
        "costAndExpenses": 1353000000,
        "interestIncome": 0,
        "interestExpense": 0,
        "depreciationAndAmortization": 77000000,
        "ebitda": 100000000,
        "ebitdaratio": 0.07390983,
        "operatingIncome": 23000000,
        "operatingIncomeRatio": 0.0169992609,
        "totalOtherIncomeExpensesNet": 0,
        "incomeBeforeTax": -11000000,
        "incomeBeforeTaxRatio": -0.0081300813,
        "incomeTaxExpense": 2000000,
        "netIncome": -13000000,
        "netIncomeRatio": -0.0096082779,
        "eps": -0.12,
        "epsdiluted": -0.12,
        "weightedAverageShsOut": 128800000,
        "weightedAverageShsOutDil": 128800000,
        "link": "https://www.sec.gov/Archives/edgar/data/1370946/000119312508123703/0001193125-08-123703-index.htm",
        "finalLink": "https://www.sec.gov/Archives/edgar/data/1370946/000119312508123703/d10qa.htm"
    },
    {
        "date": "2007-12-31",
        "symbol": "OC",
        "reportedCurrency": "USD",
        "cik": "0001370946",
        "fillingDate": "2008-02-27",
        "acceptedDate": "2008-02-27 17:02:51",
        "calendarYear": "2007",
        "period": "Q4",
        "revenue": 1304000000,
        "costOfRevenue": 1152000000,
        "grossProfit": 152000000,
        "grossProfitRatio": 0.1165644172,
        "researchAndDevelopmentExpenses": 17000000,
        "generalAndAdministrativeExpenses": 0,
        "sellingAndMarketingExpenses": 0,
        "sellingGeneralAndAdministrativeExpenses": 142000000,
        "otherExpenses": -7000000,
        "operatingExpenses": 152000000,
        "costAndExpenses": 1304000000,
        "interestIncome": 0,
        "interestExpense": 0,
        "depreciationAndAmortization": 104000000,
        "ebitda": 97000000,
        "ebitdaratio": 0.0743865031,
        "operatingIncome": -7000000,
        "operatingIncomeRatio": -0.0053680982,
        "totalOtherIncomeExpensesNet": -68000000,
        "incomeBeforeTax": -81000000,
        "incomeBeforeTaxRatio": -0.0621165644,
        "incomeTaxExpense": -38000000,
        "netIncome": -46000000,
        "netIncomeRatio": -0.0352760736,
        "eps": -0.36,
        "epsdiluted": -0.36,
        "weightedAverageShsOut": 128700000,
        "weightedAverageShsOutDil": 128800000,
        "link": "https://www.sec.gov/Archives/edgar/data/1370946/000119312508040193/0001193125-08-040193-index.htm",
        "finalLink": "https://www.sec.gov/Archives/edgar/data/1370946/000119312508040193/d10k.htm"
    },
    {
        "date": "2007-09-30",
        "symbol": "OC",
        "reportedCurrency": "USD",
        "cik": "0001370946",
        "fillingDate": "2007-11-02",
        "acceptedDate": "2007-11-02 06:13:31",
        "calendarYear": "2007",
        "period": "Q3",
        "revenue": 1268000000,
        "costOfRevenue": 1055000000,
        "grossProfit": 213000000,
        "grossProfitRatio": 0.1679810726,
        "researchAndDevelopmentExpenses": 15000000,
        "generalAndAdministrativeExpenses": 0,
        "sellingAndMarketingExpenses": 0,
        "sellingGeneralAndAdministrativeExpenses": 110000000,
        "otherExpenses": 88000000,
        "operatingExpenses": 213000000,
        "costAndExpenses": 1268000000,
        "interestIncome": 0,
        "interestExpense": 0,
        "depreciationAndAmortization": 81000000,
        "ebitda": 169000000,
        "ebitdaratio": 0.1332807571,
        "operatingIncome": 88000000,
        "operatingIncomeRatio": 0.0694006309,
        "totalOtherIncomeExpensesNet": -29000000,
        "incomeBeforeTax": 53000000,
        "incomeBeforeTaxRatio": 0.0417981073,
        "incomeTaxExpense": 16000000,
        "netIncome": 112000000,
        "netIncomeRatio": 0.0883280757,
        "eps": 0.87,
        "epsdiluted": 0.87,
        "weightedAverageShsOut": 128400000,
        "weightedAverageShsOutDil": 129000000,
        "link": "https://www.sec.gov/Archives/edgar/data/1370946/000119312507233132/0001193125-07-233132-index.htm",
        "finalLink": "https://www.sec.gov/Archives/edgar/data/1370946/000119312507233132/d10q.htm"
    },
    {
        "date": "2007-06-30",
        "symbol": "OC",
        "reportedCurrency": "USD",
        "cik": "0001370946",
        "fillingDate": "2007-08-01",
        "acceptedDate": "2007-08-01 17:02:59",
        "calendarYear": "2007",
        "period": "Q2",
        "revenue": 1282000000,
        "costOfRevenue": 1044000000,
        "grossProfit": 238000000,
        "grossProfitRatio": 0.1856474259,
        "researchAndDevelopmentExpenses": 16000000,
        "generalAndAdministrativeExpenses": 0,
        "sellingAndMarketingExpenses": 0,
        "sellingGeneralAndAdministrativeExpenses": 148000000,
        "otherExpenses": 74000000,
        "operatingExpenses": 238000000,
        "costAndExpenses": 1282000000,
        "interestIncome": 0,
        "interestExpense": 0,
        "depreciationAndAmortization": 81000000,
        "ebitda": 155000000,
        "ebitdaratio": 0.1209048362,
        "operatingIncome": 74000000,
        "operatingIncomeRatio": 0.0577223089,
        "totalOtherIncomeExpensesNet": -24000000,
        "incomeBeforeTax": 44000000,
        "incomeBeforeTaxRatio": 0.0343213729,
        "incomeTaxExpense": 16000000,
        "netIncome": 29000000,
        "netIncomeRatio": 0.0226209048,
        "eps": 0.23,
        "epsdiluted": 0.22,
        "weightedAverageShsOut": 128300000,
        "weightedAverageShsOutDil": 129400000,
        "link": "https://www.sec.gov/Archives/edgar/data/1370946/000119312507168188/0001193125-07-168188-index.htm",
        "finalLink": "https://www.sec.gov/Archives/edgar/data/1370946/000119312507168188/d10q.htm"
    },
    {
        "date": "2007-03-31",
        "symbol": "OC",
        "reportedCurrency": "USD",
        "cik": "0001370946",
        "fillingDate": "2007-05-02",
        "acceptedDate": "2007-05-02 17:01:11",
        "calendarYear": "2007",
        "period": "Q1",
        "revenue": 1124000000,
        "costOfRevenue": 937000000,
        "grossProfit": 187000000,
        "grossProfitRatio": 0.1663701068,
        "researchAndDevelopmentExpenses": 15000000,
        "generalAndAdministrativeExpenses": 0,
        "sellingAndMarketingExpenses": 0,
        "sellingGeneralAndAdministrativeExpenses": 127000000,
        "otherExpenses": 45000000,
        "operatingExpenses": 187000000,
        "costAndExpenses": 1124000000,
        "interestIncome": 0,
        "interestExpense": 0,
        "depreciationAndAmortization": 77000000,
        "ebitda": 107000000,
        "ebitdaratio": 0.0951957295,
        "operatingIncome": 30000000,
        "operatingIncomeRatio": 0.0266903915,
        "totalOtherIncomeExpensesNet": 0,
        "incomeBeforeTax": 1000000,
        "incomeBeforeTaxRatio": 0.0008896797,
        "incomeTaxExpense": -2000000,
        "netIncome": 1000000,
        "netIncomeRatio": 0.0008896797,
        "eps": 0.01,
        "epsdiluted": 0.01,
        "weightedAverageShsOut": 128200000,
        "weightedAverageShsOutDil": 129000000,
        "link": "https://www.sec.gov/Archives/edgar/data/1370946/000119312507099648/0001193125-07-099648-index.htm",
        "finalLink": "https://www.sec.gov/Archives/edgar/data/1370946/000119312507099648/d10q.htm"
    },
    {
        "date": "2006-12-31",
        "symbol": "OC",
        "reportedCurrency": "USD",
        "cik": "0001370946",
        "fillingDate": "2007-03-14",
        "acceptedDate": "2007-03-14 17:09:06",
        "calendarYear": "2006",
        "period": "Q4",
        "revenue": -4075000000,
        "costOfRevenue": -3327000000,
        "grossProfit": -748000000,
        "grossProfitRatio": 0.1835582822,
        "researchAndDevelopmentExpenses": 0,
        "generalAndAdministrativeExpenses": 0,
        "sellingAndMarketingExpenses": 0,
        "sellingGeneralAndAdministrativeExpenses": -284000000,
        "otherExpenses": -464000000,
        "operatingExpenses": -748000000,
        "costAndExpenses": -4075000000,
        "interestIncome": 0,
        "interestExpense": 0,
        "depreciationAndAmortization": -115000000,
        "ebitda": -475000000,
        "ebitdaratio": 0.1165644172,
        "operatingIncome": -475000000,
        "operatingIncomeRatio": 0.1165644172,
        "totalOtherIncomeExpensesNet": 194000000,
        "incomeBeforeTax": -295000000,
        "incomeBeforeTaxRatio": 0.072392638,
        "incomeTaxExpense": 131000000,
        "netIncome": -441000000,
        "netIncomeRatio": 0.1082208589,
        "eps": -7.97,
        "epsdiluted": -7.97,
        "weightedAverageShsOut": 55300000,
        "weightedAverageShsOutDil": 55300000,
        "link": "https://www.sec.gov/Archives/edgar/data/1370946/000119312507054643/0001193125-07-054643-index.htm",
        "finalLink": "https://www.sec.gov/Archives/edgar/data/1370946/000119312507054643/d10k.htm"
    },
    {
        "date": "2006-09-30",
        "symbol": "OC",
        "reportedCurrency": "USD",
        "cik": "0001370946",
        "fillingDate": "2006-09-30",
        "acceptedDate": "2006-09-29 20:00:00",
        "calendarYear": "2006",
        "period": "Q3",
        "revenue": 1386000000,
        "costOfRevenue": 1119000000,
        "grossProfit": 267000000,
        "grossProfitRatio": 0.1926406926,
        "researchAndDevelopmentExpenses": 0,
        "generalAndAdministrativeExpenses": 0,
        "sellingAndMarketingExpenses": 0,
        "sellingGeneralAndAdministrativeExpenses": 130000000,
        "otherExpenses": 137000000,
        "operatingExpenses": 267000000,
        "costAndExpenses": 1386000000,
        "interestIncome": 0,
        "interestExpense": 0,
        "depreciationAndAmortization": 60000000,
        "ebitda": 216000000,
        "ebitdaratio": 0.1558441558,
        "operatingIncome": 156000000,
        "operatingIncomeRatio": 0.1125541126,
        "totalOtherIncomeExpensesNet": 0,
        "incomeBeforeTax": 88000000,
        "incomeBeforeTaxRatio": 0.0634920635,
        "incomeTaxExpense": 25000000,
        "netIncome": 62000000,
        "netIncomeRatio": 0.0447330447,
        "eps": 1.12,
        "epsdiluted": 1.04,
        "weightedAverageShsOut": 55300000,
        "weightedAverageShsOutDil": 59900000,
        "link": "",
        "finalLink": ""
    },
    {
        "date": "2006-06-30",
        "symbol": "OC",
        "reportedCurrency": "USD",
        "cik": "0001370946",
        "fillingDate": "2006-06-30",
        "acceptedDate": "2006-06-29 20:00:00",
        "calendarYear": "2006",
        "period": "Q2",
        "revenue": 1722000000,
        "costOfRevenue": 1426000000,
        "grossProfit": 296000000,
        "grossProfitRatio": 0.1718931475,
        "researchAndDevelopmentExpenses": 0,
        "generalAndAdministrativeExpenses": 0,
        "sellingAndMarketingExpenses": 0,
        "sellingGeneralAndAdministrativeExpenses": 140000000,
        "otherExpenses": 156000000,
        "operatingExpenses": 296000000,
        "costAndExpenses": 1722000000,
        "interestIncome": 0,
        "interestExpense": 0,
        "depreciationAndAmortization": 64000000,
        "ebitda": 249000000,
        "ebitdaratio": 0.1445993031,
        "operatingIncome": 185000000,
        "operatingIncomeRatio": 0.1074332172,
        "totalOtherIncomeExpensesNet": 0,
        "incomeBeforeTax": 82000000,
        "incomeBeforeTaxRatio": 0.0476190476,
        "incomeTaxExpense": -169000000,
        "netIncome": 251000000,
        "netIncomeRatio": 0.1457607433,
        "eps": 4.54,
        "epsdiluted": 4.19,
        "weightedAverageShsOut": 55300000,
        "weightedAverageShsOutDil": 59900000,
        "link": "",
        "finalLink": ""
    },
    {
        "date": "2006-03-31",
        "symbol": "OC",
        "reportedCurrency": "USD",
        "cik": "0001370946",
        "fillingDate": "2006-03-31",
        "acceptedDate": "2006-03-30 19:00:00",
        "calendarYear": "2006",
        "period": "Q1",
        "revenue": 1601000000,
        "costOfRevenue": 1332000000,
        "grossProfit": 269000000,
        "grossProfitRatio": 0.1680199875,
        "researchAndDevelopmentExpenses": 0,
        "generalAndAdministrativeExpenses": 0,
        "sellingAndMarketingExpenses": 0,
        "sellingGeneralAndAdministrativeExpenses": 131000000,
        "otherExpenses": 138000000,
        "operatingExpenses": 269000000,
        "costAndExpenses": 1601000000,
        "interestIncome": 0,
        "interestExpense": 0,
        "depreciationAndAmortization": 60000000,
        "ebitda": 185000000,
        "ebitdaratio": 0.1155527795,
        "operatingIncome": 125000000,
        "operatingIncomeRatio": 0.0780762024,
        "totalOtherIncomeExpensesNet": 0,
        "incomeBeforeTax": 50000000,
        "incomeBeforeTaxRatio": 0.0312304809,
        "incomeTaxExpense": -10000000,
        "netIncome": 63000000,
        "netIncomeRatio": 0.039350406,
        "eps": 1.14,
        "epsdiluted": 1.05,
        "weightedAverageShsOut": 55300000,
        "weightedAverageShsOutDil": 59900000,
        "link": "",
        "finalLink": ""
    },
    {
        "date": "2005-12-31",
        "symbol": "OC",
        "reportedCurrency": "USD",
        "cik": "0001370946",
        "fillingDate": "2005-12-31",
        "acceptedDate": "2005-12-30 19:00:00",
        "calendarYear": "2005",
        "period": "Q4",
        "revenue": 1713000000,
        "costOfRevenue": 1405000000,
        "grossProfit": 308000000,
        "grossProfitRatio": 0.1798015178,
        "researchAndDevelopmentExpenses": 0,
        "generalAndAdministrativeExpenses": 0,
        "sellingAndMarketingExpenses": 0,
        "sellingGeneralAndAdministrativeExpenses": 156000000,
        "otherExpenses": 152000000,
        "operatingExpenses": 308000000,
        "costAndExpenses": 1713000000,
        "interestIncome": 0,
        "interestExpense": 0,
        "depreciationAndAmortization": 54000000,
        "ebitda": 289000000,
        "ebitdaratio": 0.1687098657,
        "operatingIncome": 235000000,
        "operatingIncomeRatio": 0.137186223,
        "totalOtherIncomeExpensesNet": 0,
        "incomeBeforeTax": 31000000,
        "incomeBeforeTaxRatio": 0.018096906,
        "incomeTaxExpense": -304000000,
        "netIncome": 338000000,
        "netIncomeRatio": 0.1973146527,
        "eps": 6.11,
        "epsdiluted": 6.11,
        "weightedAverageShsOut": 55300000,
        "weightedAverageShsOutDil": 55300000,
        "link": "",
        "finalLink": ""
    },
    {
        "date": "2005-09-30",
        "symbol": "OC",
        "reportedCurrency": "USD",
        "cik": "0001370946",
        "fillingDate": "2005-09-30",
        "acceptedDate": "2005-09-29 20:00:00",
        "calendarYear": "2005",
        "period": "Q3",
        "revenue": 1618000000,
        "costOfRevenue": 1315000000,
        "grossProfit": 303000000,
        "grossProfitRatio": 0.1872682324,
        "researchAndDevelopmentExpenses": 0,
        "generalAndAdministrativeExpenses": 0,
        "sellingAndMarketingExpenses": 0,
        "sellingGeneralAndAdministrativeExpenses": 144000000,
        "otherExpenses": 159000000,
        "operatingExpenses": 303000000,
        "costAndExpenses": 1618000000,
        "interestIncome": 0,
        "interestExpense": 0,
        "depreciationAndAmortization": 60000000,
        "ebitda": 199000000,
        "ebitdaratio": 0.1229913473,
        "operatingIncome": 139000000,
        "operatingIncomeRatio": 0.085908529,
        "totalOtherIncomeExpensesNet": -539000000,
        "incomeBeforeTax": -400000000,
        "incomeBeforeTaxRatio": -0.2472187886,
        "incomeTaxExpense": -134000000,
        "netIncome": -267000000,
        "netIncomeRatio": -0.1650185414,
        "eps": -4.83,
        "epsdiluted": -4.83,
        "weightedAverageShsOut": 55300000,
        "weightedAverageShsOutDil": 55300000,
        "link": "",
        "finalLink": ""
    },
    {
        "date": "2005-06-30",
        "symbol": "OC",
        "reportedCurrency": "USD",
        "cik": "0001370946",
        "fillingDate": "2005-06-30",
        "acceptedDate": "2005-06-29 20:00:00",
        "calendarYear": "2005",
        "period": "Q2",
        "revenue": 1590000000,
        "costOfRevenue": 1278000000,
        "grossProfit": 312000000,
        "grossProfitRatio": 0.1962264151,
        "researchAndDevelopmentExpenses": 0,
        "generalAndAdministrativeExpenses": 0,
        "sellingAndMarketingExpenses": 0,
        "sellingGeneralAndAdministrativeExpenses": 141000000,
        "otherExpenses": 171000000,
        "operatingExpenses": 312000000,
        "costAndExpenses": 1590000000,
        "interestIncome": 0,
        "interestExpense": 0,
        "depreciationAndAmortization": 62000000,
        "ebitda": 235000000,
        "ebitdaratio": 0.1477987421,
        "operatingIncome": 173000000,
        "operatingIncomeRatio": 0.1088050314,
        "totalOtherIncomeExpensesNet": -4000000,
        "incomeBeforeTax": 169000000,
        "incomeBeforeTaxRatio": 0.1062893082,
        "incomeTaxExpense": 99000000,
        "netIncome": 67000000,
        "netIncomeRatio": 0.0421383648,
        "eps": 1.22,
        "epsdiluted": 1.13,
        "weightedAverageShsOut": 55300000,
        "weightedAverageShsOutDil": 59900000,
        "link": "",
        "finalLink": ""
    },
    {
        "date": "2005-03-31",
        "symbol": "OC",
        "reportedCurrency": "USD",
        "cik": "0001370946",
        "fillingDate": "2005-03-31",
        "acceptedDate": "2005-03-30 19:00:00",
        "calendarYear": "2005",
        "period": "Q1",
        "revenue": 1402000000,
        "costOfRevenue": 1167000000,
        "grossProfit": 235000000,
        "grossProfitRatio": 0.167617689,
        "researchAndDevelopmentExpenses": 0,
        "generalAndAdministrativeExpenses": 0,
        "sellingAndMarketingExpenses": 0,
        "sellingGeneralAndAdministrativeExpenses": 124000000,
        "otherExpenses": 111000000,
        "operatingExpenses": 235000000,
        "costAndExpenses": 1402000000,
        "interestIncome": 0,
        "interestExpense": 0,
        "depreciationAndAmortization": 59000000,
        "ebitda": -4186000000,
        "ebitdaratio": -2.9857346648,
        "operatingIncome": -4245000000,
        "operatingIncomeRatio": -3.0278174037,
        "totalOtherIncomeExpensesNet": -37000000,
        "incomeBeforeTax": -4282000000,
        "incomeBeforeTaxRatio": -3.0542082739,
        "incomeTaxExpense": -48000000,
        "netIncome": -4237000000,
        "netIncomeRatio": -3.0221112696,
        "eps": -76.62,
        "epsdiluted": -76.62,
        "weightedAverageShsOut": 55300000,
        "weightedAverageShsOutDil": 55300000,
        "link": "",
        "finalLink": ""
    },
    {
        "date": "2004-12-31",
        "symbol": "OC",
        "reportedCurrency": "USD",
        "cik": "0001370946",
        "fillingDate": "2004-12-31",
        "acceptedDate": "2004-12-30 19:00:00",
        "calendarYear": "2004",
        "period": "Q4",
        "revenue": 1484000000,
        "costOfRevenue": 1190000000,
        "grossProfit": 294000000,
        "grossProfitRatio": 0.1981132075,
        "researchAndDevelopmentExpenses": 0,
        "generalAndAdministrativeExpenses": 0,
        "sellingAndMarketingExpenses": 0,
        "sellingGeneralAndAdministrativeExpenses": 155000000,
        "otherExpenses": 139000000,
        "operatingExpenses": 294000000,
        "costAndExpenses": 1484000000,
        "interestIncome": 0,
        "interestExpense": 0,
        "depreciationAndAmortization": 61000000,
        "ebitda": 228000000,
        "ebitdaratio": 0.153638814,
        "operatingIncome": 167000000,
        "operatingIncomeRatio": 0.1125336927,
        "totalOtherIncomeExpensesNet": -11000000,
        "incomeBeforeTax": 146000000,
        "incomeBeforeTaxRatio": 0.0983827493,
        "incomeTaxExpense": 73000000,
        "netIncome": 72000000,
        "netIncomeRatio": 0.0485175202,
        "eps": 1.3,
        "epsdiluted": 1.3,
        "weightedAverageShsOut": 55300000,
        "weightedAverageShsOutDil": 55300000,
        "link": "",
        "finalLink": ""
    },
    {
        "date": "2004-09-30",
        "symbol": "OC",
        "reportedCurrency": "USD",
        "cik": "0001370946",
        "fillingDate": "2004-09-30",
        "acceptedDate": "2004-09-29 20:00:00",
        "calendarYear": "2004",
        "period": "Q3",
        "revenue": 1541000000,
        "costOfRevenue": 1244000000,
        "grossProfit": 297000000,
        "grossProfitRatio": 0.1927319922,
        "researchAndDevelopmentExpenses": 0,
        "generalAndAdministrativeExpenses": 0,
        "sellingAndMarketingExpenses": 0,
        "sellingGeneralAndAdministrativeExpenses": 131000000,
        "otherExpenses": 166000000,
        "operatingExpenses": 297000000,
        "costAndExpenses": 1541000000,
        "interestIncome": 0,
        "interestExpense": 0,
        "depreciationAndAmortization": 56000000,
        "ebitda": 214000000,
        "ebitdaratio": 0.1388708631,
        "operatingIncome": 158000000,
        "operatingIncomeRatio": 0.1025308241,
        "totalOtherIncomeExpensesNet": 19000000,
        "incomeBeforeTax": 167000000,
        "incomeBeforeTaxRatio": 0.1083711875,
        "incomeTaxExpense": 71000000,
        "netIncome": 94000000,
        "netIncomeRatio": 0.0609993511,
        "eps": 1.7,
        "epsdiluted": 1.57,
        "weightedAverageShsOut": 55300000,
        "weightedAverageShsOutDil": 59900000,
        "link": "",
        "finalLink": ""
    },
    {
        "date": "2004-06-30",
        "symbol": "OC",
        "reportedCurrency": "USD",
        "cik": "0001370946",
        "fillingDate": "2004-06-30",
        "acceptedDate": "2004-06-29 20:00:00",
        "calendarYear": "2004",
        "period": "Q2",
        "revenue": 1441000000,
        "costOfRevenue": 1178000000,
        "grossProfit": 263000000,
        "grossProfitRatio": 0.1825121443,
        "researchAndDevelopmentExpenses": 0,
        "generalAndAdministrativeExpenses": 0,
        "sellingAndMarketingExpenses": 0,
        "sellingGeneralAndAdministrativeExpenses": 129000000,
        "otherExpenses": 134000000,
        "operatingExpenses": 263000000,
        "costAndExpenses": 1441000000,
        "interestIncome": 0,
        "interestExpense": 0,
        "depreciationAndAmortization": 58000000,
        "ebitda": 180000000,
        "ebitdaratio": 0.1249132547,
        "operatingIncome": 122000000,
        "operatingIncomeRatio": 0.0846634282,
        "totalOtherIncomeExpensesNet": -19000000,
        "incomeBeforeTax": 93000000,
        "incomeBeforeTaxRatio": 0.0645385149,
        "incomeTaxExpense": 56000000,
        "netIncome": 33000000,
        "netIncomeRatio": 0.0229007634,
        "eps": 0.59,
        "epsdiluted": 0.55,
        "weightedAverageShsOut": 55300000,
        "weightedAverageShsOutDil": 59900000,
        "link": "",
        "finalLink": ""
    },
    {
        "date": "2004-03-31",
        "symbol": "OC",
        "reportedCurrency": "USD",
        "cik": "0001370946",
        "fillingDate": "2004-03-31",
        "acceptedDate": "2004-03-30 19:00:00",
        "calendarYear": "2004",
        "period": "Q1",
        "revenue": 1209000000,
        "costOfRevenue": 1037000000,
        "grossProfit": 172000000,
        "grossProfitRatio": 0.1422663358,
        "researchAndDevelopmentExpenses": 0,
        "generalAndAdministrativeExpenses": 0,
        "sellingAndMarketingExpenses": 0,
        "sellingGeneralAndAdministrativeExpenses": 115000000,
        "otherExpenses": 57000000,
        "operatingExpenses": 172000000,
        "costAndExpenses": 1209000000,
        "interestIncome": 0,
        "interestExpense": 0,
        "depreciationAndAmortization": 53000000,
        "ebitda": 97000000,
        "ebitdaratio": 0.0802315964,
        "operatingIncome": 44000000,
        "operatingIncomeRatio": 0.0363937138,
        "totalOtherIncomeExpensesNet": -1000000,
        "incomeBeforeTax": 33000000,
        "incomeBeforeTaxRatio": 0.0272952854,
        "incomeTaxExpense": 27000000,
        "netIncome": 5000000,
        "netIncomeRatio": 0.0041356493,
        "eps": 0.09,
        "epsdiluted": 0.09,
        "weightedAverageShsOut": 55300000,
        "weightedAverageShsOutDil": 59900000,
        "link": "",
        "finalLink": ""
    },
    {
        "date": "2003-12-31",
        "symbol": "OC",
        "reportedCurrency": "USD",
        "cik": "0001370946",
        "fillingDate": "2003-12-31",
        "acceptedDate": "2003-12-30 19:00:00",
        "calendarYear": "2003",
        "period": "Q4",
        "revenue": 1275000000,
        "costOfRevenue": 1045000000,
        "grossProfit": 230000000,
        "grossProfitRatio": 0.1803921569,
        "researchAndDevelopmentExpenses": 0,
        "generalAndAdministrativeExpenses": 0,
        "sellingAndMarketingExpenses": 0,
        "sellingGeneralAndAdministrativeExpenses": 114000000,
        "otherExpenses": 116000000,
        "operatingExpenses": 230000000,
        "costAndExpenses": 1275000000,
        "interestIncome": 0,
        "interestExpense": 0,
        "depreciationAndAmortization": 54000000,
        "ebitda": 176000000,
        "ebitdaratio": 0.1380392157,
        "operatingIncome": 122000000,
        "operatingIncomeRatio": 0.0956862745,
        "totalOtherIncomeExpensesNet": -453000000,
        "incomeBeforeTax": 72000000,
        "incomeBeforeTaxRatio": 0.0564705882,
        "incomeTaxExpense": 72000000,
        "netIncome": 43000000,
        "netIncomeRatio": 0.0337254902,
        "eps": 0.78,
        "epsdiluted": 0.78,
        "weightedAverageShsOut": 55200000,
        "weightedAverageShsOutDil": 55200000,
        "link": "",
        "finalLink": ""
    },
    {
        "date": "2003-09-30",
        "symbol": "OC",
        "reportedCurrency": "USD",
        "cik": "0001370946",
        "fillingDate": "2003-09-30",
        "acceptedDate": "2003-09-29 20:00:00",
        "calendarYear": "2003",
        "period": "Q3",
        "revenue": 1349000000,
        "costOfRevenue": 1127000000,
        "grossProfit": 222000000,
        "grossProfitRatio": 0.1645663454,
        "researchAndDevelopmentExpenses": 0,
        "generalAndAdministrativeExpenses": 0,
        "sellingAndMarketingExpenses": 0,
        "sellingGeneralAndAdministrativeExpenses": 115000000,
        "otherExpenses": 107000000,
        "operatingExpenses": 222000000,
        "costAndExpenses": 1349000000,
        "interestIncome": 0,
        "interestExpense": 0,
        "depreciationAndAmortization": 51000000,
        "ebitda": 160000000,
        "ebitdaratio": 0.1186063751,
        "operatingIncome": 109000000,
        "operatingIncomeRatio": 0.080800593,
        "totalOtherIncomeExpensesNet": -448000000,
        "incomeBeforeTax": 64000000,
        "incomeBeforeTaxRatio": 0.04744255,
        "incomeTaxExpense": 47000000,
        "netIncome": 55000000,
        "netIncomeRatio": 0.0407709414,
        "eps": 0.99,
        "epsdiluted": 0.92,
        "weightedAverageShsOut": 55200000,
        "weightedAverageShsOutDil": 59900000,
        "link": "",
        "finalLink": ""
    },
    {
        "date": "2003-06-30",
        "symbol": "OC",
        "reportedCurrency": "USD",
        "cik": "0001370946",
        "fillingDate": "2003-06-30",
        "acceptedDate": "2003-06-29 20:00:00",
        "calendarYear": "2003",
        "period": "Q2",
        "revenue": 1239000000,
        "costOfRevenue": 1024000000,
        "grossProfit": 215000000,
        "grossProfitRatio": 0.1735270379,
        "researchAndDevelopmentExpenses": 0,
        "generalAndAdministrativeExpenses": 0,
        "sellingAndMarketingExpenses": 0,
        "sellingGeneralAndAdministrativeExpenses": 116000000,
        "otherExpenses": 99000000,
        "operatingExpenses": 215000000,
        "costAndExpenses": 1239000000,
        "interestIncome": 0,
        "interestExpense": 0,
        "depreciationAndAmortization": 51000000,
        "ebitda": 132000000,
        "ebitdaratio": 0.1065375303,
        "operatingIncome": 81000000,
        "operatingIncomeRatio": 0.0653753027,
        "totalOtherIncomeExpensesNet": -479000000,
        "incomeBeforeTax": 5000000,
        "incomeBeforeTaxRatio": 0.0040355125,
        "incomeTaxExpense": 24000000,
        "netIncome": 18000000,
        "netIncomeRatio": 0.014527845,
        "eps": 0.33,
        "epsdiluted": 0.3,
        "weightedAverageShsOut": 55200000,
        "weightedAverageShsOutDil": 59900000,
        "link": "",
        "finalLink": ""
    },
    {
        "date": "2003-03-31",
        "symbol": "OC",
        "reportedCurrency": "USD",
        "cik": "0001370946",
        "fillingDate": "2003-03-31",
        "acceptedDate": "2003-03-30 19:00:00",
        "calendarYear": "2003",
        "period": "Q1",
        "revenue": 1133000000,
        "costOfRevenue": 974000000,
        "grossProfit": 159000000,
        "grossProfitRatio": 0.1403353928,
        "researchAndDevelopmentExpenses": 0,
        "generalAndAdministrativeExpenses": 0,
        "sellingAndMarketingExpenses": 0,
        "sellingGeneralAndAdministrativeExpenses": 114000000,
        "otherExpenses": 45000000,
        "operatingExpenses": 159000000,
        "costAndExpenses": 1133000000,
        "interestIncome": 0,
        "interestExpense": 0,
        "depreciationAndAmortization": 50000000,
        "ebitda": 92000000,
        "ebitdaratio": 0.081200353,
        "operatingIncome": 42000000,
        "operatingIncomeRatio": 0.0370697264,
        "totalOtherIncomeExpensesNet": 0,
        "incomeBeforeTax": 4000000,
        "incomeBeforeTaxRatio": 0.0035304501,
        "incomeTaxExpense": 2000000,
        "netIncome": -1000000,
        "netIncomeRatio": -0.0008826125,
        "eps": -0.0181,
        "epsdiluted": -0.0181,
        "weightedAverageShsOut": 55100000,
        "weightedAverageShsOutDil": 55100000,
        "link": "",
        "finalLink": ""
    },
    {
        "date": "2002-12-31",
        "symbol": "OC",
        "reportedCurrency": "USD",
        "cik": "0001370946",
        "fillingDate": "2002-12-31",
        "acceptedDate": "2002-12-30 19:00:00",
        "calendarYear": "2002",
        "period": "Q4",
        "revenue": 1174000000,
        "costOfRevenue": 1055000000,
        "grossProfit": 119000000,
        "grossProfitRatio": 0.101362862,
        "researchAndDevelopmentExpenses": 0,
        "generalAndAdministrativeExpenses": 0,
        "sellingAndMarketingExpenses": 0,
        "sellingGeneralAndAdministrativeExpenses": 120000000,
        "otherExpenses": -1000000,
        "operatingExpenses": 119000000,
        "costAndExpenses": 1174000000,
        "interestIncome": 0,
        "interestExpense": 0,
        "depreciationAndAmortization": 25000000,
        "ebitda": 35000000,
        "ebitdaratio": 0.0298126065,
        "operatingIncome": 10000000,
        "operatingIncomeRatio": 0.0085178876,
        "totalOtherIncomeExpensesNet": -55000000,
        "incomeBeforeTax": -47000000,
        "incomeBeforeTaxRatio": -0.0400340716,
        "incomeTaxExpense": -9000000,
        "netIncome": -39000000,
        "netIncomeRatio": -0.0332197615,
        "eps": -0.71,
        "epsdiluted": -0.71,
        "weightedAverageShsOut": 55100000,
        "weightedAverageShsOutDil": 55100000,
        "link": "",
        "finalLink": ""
    },
    {
        "date": "2002-09-30",
        "symbol": "OC",
        "reportedCurrency": "USD",
        "cik": "0001370946",
        "fillingDate": "2002-09-30",
        "acceptedDate": "2002-09-30 00:00:00",
        "calendarYear": "2002",
        "period": "Q3",
        "revenue": 1306000000,
        "costOfRevenue": 1097000000,
        "grossProfit": 209000000,
        "grossProfitRatio": 0.1600306279,
        "researchAndDevelopmentExpenses": 0,
        "generalAndAdministrativeExpenses": 0,
        "sellingAndMarketingExpenses": 0,
        "sellingGeneralAndAdministrativeExpenses": 131000000,
        "otherExpenses": 78000000,
        "operatingExpenses": 209000000,
        "costAndExpenses": 1306000000,
        "interestIncome": 0,
        "interestExpense": 0,
        "depreciationAndAmortization": 85000000,
        "ebitda": -2211000000,
        "ebitdaratio": -1.6929555896,
        "operatingIncome": -2296000000,
        "operatingIncomeRatio": -1.7580398162,
        "totalOtherIncomeExpensesNet": -49000000,
        "incomeBeforeTax": -2347000000,
        "incomeBeforeTaxRatio": -1.7970903522,
        "incomeTaxExpense": 10000000,
        "netIncome": -2359000000,
        "netIncomeRatio": -1.8062787136,
        "eps": -42.89,
        "epsdiluted": -42.89,
        "weightedAverageShsOut": 55000000,
        "weightedAverageShsOutDil": 55000000,
        "link": null,
        "finalLink": null
    },
    {
        "date": "2002-06-30",
        "symbol": "OC",
        "reportedCurrency": "USD",
        "cik": "0001370946",
        "fillingDate": "2002-06-30",
        "acceptedDate": "2002-06-30 00:00:00",
        "calendarYear": "2002",
        "period": "Q2",
        "revenue": 1285000000,
        "costOfRevenue": 1043000000,
        "grossProfit": 242000000,
        "grossProfitRatio": 0.1883268482,
        "researchAndDevelopmentExpenses": 0,
        "generalAndAdministrativeExpenses": 0,
        "sellingAndMarketingExpenses": 0,
        "sellingGeneralAndAdministrativeExpenses": 144000000,
        "otherExpenses": 98000000,
        "operatingExpenses": 242000000,
        "costAndExpenses": 1285000000,
        "interestIncome": 0,
        "interestExpense": 0,
        "depreciationAndAmortization": 48000000,
        "ebitda": 144000000,
        "ebitdaratio": 0.1120622568,
        "operatingIncome": 96000000,
        "operatingIncomeRatio": 0.0747081712,
        "totalOtherIncomeExpensesNet": -28000000,
        "incomeBeforeTax": 66000000,
        "incomeBeforeTaxRatio": 0.0513618677,
        "incomeTaxExpense": 30000000,
        "netIncome": 36000000,
        "netIncomeRatio": 0.0280155642,
        "eps": 0.65,
        "epsdiluted": 0.6,
        "weightedAverageShsOut": 55000000,
        "weightedAverageShsOutDil": 59800000,
        "link": null,
        "finalLink": null
    },
    {
        "date": "2002-03-31",
        "symbol": "OC",
        "reportedCurrency": "USD",
        "cik": "0001370946",
        "fillingDate": "2002-03-31",
        "acceptedDate": "2002-03-31 00:00:00",
        "calendarYear": "2002",
        "period": "Q1",
        "revenue": 1107000000,
        "costOfRevenue": 935000000,
        "grossProfit": 172000000,
        "grossProfitRatio": 0.1553748871,
        "researchAndDevelopmentExpenses": 0,
        "generalAndAdministrativeExpenses": 0,
        "sellingAndMarketingExpenses": 0,
        "sellingGeneralAndAdministrativeExpenses": 127000000,
        "otherExpenses": 45000000,
        "operatingExpenses": 172000000,
        "costAndExpenses": 1107000000,
        "interestIncome": 0,
        "interestExpense": 0,
        "depreciationAndAmortization": 47000000,
        "ebitda": 83000000,
        "ebitdaratio": 0.0749774164,
        "operatingIncome": 36000000,
        "operatingIncomeRatio": 0.0325203252,
        "totalOtherIncomeExpensesNet": 0,
        "incomeBeforeTax": -1000000,
        "incomeBeforeTaxRatio": -0.0009033424,
        "incomeTaxExpense": 0,
        "netIncome": -6000000,
        "netIncomeRatio": -0.0054200542,
        "eps": -0.11,
        "epsdiluted": -0.11,
        "weightedAverageShsOut": 55100000,
        "weightedAverageShsOutDil": 55100000,
        "link": null,
        "finalLink": null
    },
    {
        "date": "2001-12-31",
        "symbol": "OC",
        "reportedCurrency": "USD",
        "cik": "0001370946",
        "fillingDate": "2001-12-31",
        "acceptedDate": "2001-12-31 00:00:00",
        "calendarYear": "2001",
        "period": "Q4",
        "revenue": 1165000000,
        "costOfRevenue": 981000000,
        "grossProfit": 184000000,
        "grossProfitRatio": 0.1579399142,
        "researchAndDevelopmentExpenses": 0,
        "generalAndAdministrativeExpenses": 0,
        "sellingAndMarketingExpenses": 0,
        "sellingGeneralAndAdministrativeExpenses": 128000000,
        "otherExpenses": 56000000,
        "operatingExpenses": 184000000,
        "costAndExpenses": 1165000000,
        "interestIncome": 0,
        "interestExpense": 0,
        "depreciationAndAmortization": 76000000,
        "ebitda": 118000000,
        "ebitdaratio": 0.1012875536,
        "operatingIncome": 42000000,
        "operatingIncomeRatio": 0.0360515021,
        "totalOtherIncomeExpensesNet": 0,
        "incomeBeforeTax": 9000000,
        "incomeBeforeTaxRatio": 0.0077253219,
        "incomeTaxExpense": 11000000,
        "netIncome": -7000000,
        "netIncomeRatio": -0.0060085837,
        "eps": -0.13,
        "epsdiluted": -0.13,
        "weightedAverageShsOut": 54924000,
        "weightedAverageShsOutDil": 55100000,
        "link": null,
        "finalLink": null
    },
    {
        "date": "2001-09-30",
        "symbol": "OC",
        "reportedCurrency": "USD",
        "cik": "0001370946",
        "fillingDate": "2001-09-30",
        "acceptedDate": "2001-09-30 00:00:00",
        "calendarYear": "2001",
        "period": "Q3",
        "revenue": 1291000000,
        "costOfRevenue": 1046000000,
        "grossProfit": 245000000,
        "grossProfitRatio": 0.1897753679,
        "researchAndDevelopmentExpenses": 0,
        "generalAndAdministrativeExpenses": 0,
        "sellingAndMarketingExpenses": 0,
        "sellingGeneralAndAdministrativeExpenses": 151000000,
        "otherExpenses": 94000000,
        "operatingExpenses": 245000000,
        "costAndExpenses": 1291000000,
        "interestIncome": 0,
        "interestExpense": 0,
        "depreciationAndAmortization": -271000000,
        "ebitda": 140000000,
        "ebitdaratio": 0.1084430674,
        "operatingIncome": 89000000,
        "operatingIncomeRatio": 0.0689388071,
        "totalOtherIncomeExpensesNet": -37000000,
        "incomeBeforeTax": 56000000,
        "incomeBeforeTaxRatio": 0.043377227,
        "incomeTaxExpense": 26000000,
        "netIncome": 27000000,
        "netIncomeRatio": 0.0209140201,
        "eps": 0.5,
        "epsdiluted": 0.46,
        "weightedAverageShsOut": 55100000,
        "weightedAverageShsOutDil": 59900000,
        "link": null,
        "finalLink": null
    },
    {
        "date": "2001-06-30",
        "symbol": "OC",
        "reportedCurrency": "USD",
        "cik": "0001370946",
        "fillingDate": "2001-06-30",
        "acceptedDate": "2001-06-30 00:00:00",
        "calendarYear": "2001",
        "period": "Q2",
        "revenue": 1239000000,
        "costOfRevenue": 1014000000,
        "grossProfit": 225000000,
        "grossProfitRatio": 0.181598063,
        "researchAndDevelopmentExpenses": 0,
        "generalAndAdministrativeExpenses": 0,
        "sellingAndMarketingExpenses": 0,
        "sellingGeneralAndAdministrativeExpenses": 128000000,
        "otherExpenses": 97000000,
        "operatingExpenses": 225000000,
        "costAndExpenses": 1239000000,
        "interestIncome": 0,
        "interestExpense": 0,
        "depreciationAndAmortization": 56000000,
        "ebitda": 137000000,
        "ebitdaratio": 0.1105730428,
        "operatingIncome": 81000000,
        "operatingIncomeRatio": 0.0653753027,
        "totalOtherIncomeExpensesNet": -29000000,
        "incomeBeforeTax": 56000000,
        "incomeBeforeTaxRatio": 0.0451977401,
        "incomeTaxExpense": 25000000,
        "netIncome": 29000000,
        "netIncomeRatio": 0.0234059726,
        "eps": 0.53,
        "epsdiluted": 0.49,
        "weightedAverageShsOut": 55100000,
        "weightedAverageShsOutDil": 59900000,
        "link": null,
        "finalLink": null
    },
    {
        "date": "2001-03-31",
        "symbol": "OC",
        "reportedCurrency": "USD",
        "cik": "0001370946",
        "fillingDate": "2001-03-31",
        "acceptedDate": "2001-03-31 00:00:00",
        "calendarYear": "2001",
        "period": "Q1",
        "revenue": 1067000000,
        "costOfRevenue": 896000000,
        "grossProfit": 171000000,
        "grossProfitRatio": 0.160262418,
        "researchAndDevelopmentExpenses": 0,
        "generalAndAdministrativeExpenses": 0,
        "sellingAndMarketingExpenses": 0,
        "sellingGeneralAndAdministrativeExpenses": 127000000,
        "otherExpenses": 44000000,
        "operatingExpenses": 171000000,
        "costAndExpenses": 1067000000,
        "interestIncome": 0,
        "interestExpense": 0,
        "depreciationAndAmortization": 54000000,
        "ebitda": 67000000,
        "ebitdaratio": 0.0627928772,
        "operatingIncome": 13000000,
        "operatingIncomeRatio": 0.0121836926,
        "totalOtherIncomeExpensesNet": -33000000,
        "incomeBeforeTax": -16000000,
        "incomeBeforeTaxRatio": -0.014995314,
        "incomeTaxExpense": -5000000,
        "netIncome": -10000000,
        "netIncomeRatio": -0.0093720712,
        "eps": -0.18,
        "epsdiluted": -0.18,
        "weightedAverageShsOut": 55000000,
        "weightedAverageShsOutDil": 55000000,
        "link": null,
        "finalLink": null
    },
    {
        "date": "2000-12-31",
        "symbol": "OC",
        "reportedCurrency": "USD",
        "cik": "0001370946",
        "fillingDate": "2000-12-31",
        "acceptedDate": "2000-12-31 00:00:00",
        "calendarYear": "2000",
        "period": "Q4",
        "revenue": 1107000000,
        "costOfRevenue": 1011000000,
        "grossProfit": 96000000,
        "grossProfitRatio": 0.0867208672,
        "researchAndDevelopmentExpenses": 0,
        "generalAndAdministrativeExpenses": 0,
        "sellingAndMarketingExpenses": 0,
        "sellingGeneralAndAdministrativeExpenses": 105000000,
        "otherExpenses": -9000000,
        "operatingExpenses": 96000000,
        "costAndExpenses": 1107000000,
        "interestIncome": 0,
        "interestExpense": 0,
        "depreciationAndAmortization": 66000000,
        "ebitda": -63000000,
        "ebitdaratio": -0.0569105691,
        "operatingIncome": -129000000,
        "operatingIncomeRatio": -0.1165311653,
        "totalOtherIncomeExpensesNet": 1195000000,
        "incomeBeforeTax": -190000000,
        "incomeBeforeTaxRatio": -0.1716350497,
        "incomeTaxExpense": -68000000,
        "netIncome": -115000000,
        "netIncomeRatio": -0.1038843722,
        "eps": -2.1,
        "epsdiluted": -2.09,
        "weightedAverageShsOut": 54800000,
        "weightedAverageShsOutDil": 55000000,
        "link": null,
        "finalLink": null
    },
    {
        "date": "2000-09-30",
        "symbol": "OC",
        "reportedCurrency": "USD",
        "cik": "0001370946",
        "fillingDate": "2000-09-30",
        "acceptedDate": "2000-09-30 00:00:00",
        "calendarYear": "2000",
        "period": "Q3",
        "revenue": 1281000000,
        "costOfRevenue": 1036000000,
        "grossProfit": 245000000,
        "grossProfitRatio": 0.1912568306,
        "researchAndDevelopmentExpenses": 0,
        "generalAndAdministrativeExpenses": 0,
        "sellingAndMarketingExpenses": 0,
        "sellingGeneralAndAdministrativeExpenses": 143000000,
        "otherExpenses": 102000000,
        "operatingExpenses": 245000000,
        "costAndExpenses": 1281000000,
        "interestIncome": 0,
        "interestExpense": 0,
        "depreciationAndAmortization": 44000000,
        "ebitda": 130000000,
        "ebitdaratio": 0.1014832162,
        "operatingIncome": 86000000,
        "operatingIncomeRatio": 0.0671350507,
        "totalOtherIncomeExpensesNet": 0,
        "incomeBeforeTax": 25000000,
        "incomeBeforeTaxRatio": 0.0195160031,
        "incomeTaxExpense": 10000000,
        "netIncome": 14000000,
        "netIncomeRatio": 0.0109289617,
        "eps": 0.25,
        "epsdiluted": 0.25,
        "weightedAverageShsOut": 55000000,
        "weightedAverageShsOutDil": 55500000,
        "link": null,
        "finalLink": null
    },
    {
        "date": "2000-06-30",
        "symbol": "OC",
        "reportedCurrency": "USD",
        "cik": "0001370946",
        "fillingDate": "2000-06-30",
        "acceptedDate": "2000-06-30 00:00:00",
        "calendarYear": "2000",
        "period": "Q2",
        "revenue": 2552000000,
        "costOfRevenue": 996000000,
        "grossProfit": 1556000000,
        "grossProfitRatio": 0.6097178683,
        "researchAndDevelopmentExpenses": 0,
        "generalAndAdministrativeExpenses": 0,
        "sellingAndMarketingExpenses": 0,
        "sellingGeneralAndAdministrativeExpenses": 146000000,
        "otherExpenses": 1410000000,
        "operatingExpenses": 1556000000,
        "costAndExpenses": 2552000000,
        "interestIncome": 0,
        "interestExpense": 0,
        "depreciationAndAmortization": 45000000,
        "ebitda": 664000000,
        "ebitdaratio": 0.2601880878,
        "operatingIncome": 619000000,
        "operatingIncomeRatio": 0.2425548589,
        "totalOtherIncomeExpensesNet": -52000000,
        "incomeBeforeTax": -689000000,
        "incomeBeforeTaxRatio": -0.269984326,
        "incomeTaxExpense": -267000000,
        "netIncome": -425000000,
        "netIncomeRatio": -0.1665360502,
        "eps": -7.76,
        "epsdiluted": -7.76,
        "weightedAverageShsOut": 54800000,
        "weightedAverageShsOutDil": 54800000,
        "link": null,
        "finalLink": null
    },
    {
        "date": "2000-03-31",
        "symbol": "OC",
        "reportedCurrency": "USD",
        "cik": "0001370946",
        "fillingDate": "2000-03-31",
        "acceptedDate": "2000-03-31 00:00:00",
        "calendarYear": "2000",
        "period": "Q1",
        "revenue": 1257000000,
        "costOfRevenue": 972000000,
        "grossProfit": 285000000,
        "grossProfitRatio": 0.2267303103,
        "researchAndDevelopmentExpenses": 0,
        "generalAndAdministrativeExpenses": 0,
        "sellingAndMarketingExpenses": 0,
        "sellingGeneralAndAdministrativeExpenses": 148000000,
        "otherExpenses": 137000000,
        "operatingExpenses": 285000000,
        "costAndExpenses": 1257000000,
        "interestIncome": 0,
        "interestExpense": 0,
        "depreciationAndAmortization": 48000000,
        "ebitda": 153000000,
        "ebitdaratio": 0.1217183771,
        "operatingIncome": 105000000,
        "operatingIncomeRatio": 0.0835322196,
        "totalOtherIncomeExpensesNet": 1214000000,
        "incomeBeforeTax": 63000000,
        "incomeBeforeTaxRatio": 0.0501193317,
        "incomeTaxExpense": 13000000,
        "netIncome": 48000000,
        "netIncomeRatio": 0.0381861575,
        "eps": 0.88,
        "epsdiluted": 0.84,
        "weightedAverageShsOut": 54600000,
        "weightedAverageShsOutDil": 59800000,
        "link": null,
        "finalLink": null
    },
    {
        "date": "1999-12-31",
        "symbol": "OC",
        "reportedCurrency": "USD",
        "cik": "0001370946",
        "fillingDate": "1999-12-31",
        "acceptedDate": "1999-12-31 00:00:00",
        "calendarYear": "1999",
        "period": "Q4",
        "revenue": 1275000000,
        "costOfRevenue": 1140000000,
        "grossProfit": 135000000,
        "grossProfitRatio": 0.1058823529,
        "researchAndDevelopmentExpenses": 0,
        "generalAndAdministrativeExpenses": 0,
        "sellingAndMarketingExpenses": 0,
        "sellingGeneralAndAdministrativeExpenses": 109000000,
        "otherExpenses": 26000000,
        "operatingExpenses": 135000000,
        "costAndExpenses": 1275000000,
        "interestIncome": 0,
        "interestExpense": 0,
        "depreciationAndAmortization": 370000000,
        "ebitda": 502000000,
        "ebitdaratio": 0.3937254902,
        "operatingIncome": 132000000,
        "operatingIncomeRatio": 0.1035294118,
        "totalOtherIncomeExpensesNet": -33000000,
        "incomeBeforeTax": 99000000,
        "incomeBeforeTaxRatio": 0.0776470588,
        "incomeTaxExpense": 31000000,
        "netIncome": 61000000,
        "netIncomeRatio": 0.0478431373,
        "eps": 1.12,
        "epsdiluted": 1.12,
        "weightedAverageShsOut": 54268293,
        "weightedAverageShsOutDil": 54268293,
        "link": null,
        "finalLink": null
    },
    {
        "date": "1999-09-30",
        "symbol": "OC",
        "reportedCurrency": "USD",
        "cik": "0001370946",
        "fillingDate": "1999-09-30",
        "acceptedDate": "1999-09-30 00:00:00",
        "calendarYear": "1999",
        "period": "Q3",
        "revenue": 1333000000,
        "costOfRevenue": 931000000,
        "grossProfit": 402000000,
        "grossProfitRatio": 0.3015753938,
        "researchAndDevelopmentExpenses": 0,
        "generalAndAdministrativeExpenses": 0,
        "sellingAndMarketingExpenses": 0,
        "sellingGeneralAndAdministrativeExpenses": 167000000,
        "otherExpenses": 235000000,
        "operatingExpenses": 402000000,
        "costAndExpenses": 1333000000,
        "interestIncome": 0,
        "interestExpense": 0,
        "depreciationAndAmortization": -55000000,
        "ebitda": 235000000,
        "ebitdaratio": 0.1762940735,
        "operatingIncome": 180000000,
        "operatingIncomeRatio": 0.1350337584,
        "totalOtherIncomeExpensesNet": -41000000,
        "incomeBeforeTax": 139000000,
        "incomeBeforeTaxRatio": 0.104276069,
        "incomeTaxExpense": 50000000,
        "netIncome": 89000000,
        "netIncomeRatio": 0.0667666917,
        "eps": 1.64,
        "epsdiluted": 1.53,
        "weightedAverageShsOut": 54268293,
        "weightedAverageShsOutDil": 58169935,
        "link": null,
        "finalLink": null
    },
    {
        "date": "1999-06-30",
        "symbol": "OC",
        "reportedCurrency": "USD",
        "cik": "0001370946",
        "fillingDate": "1999-06-30",
        "acceptedDate": "1999-06-30 00:00:00",
        "calendarYear": "1999",
        "period": "Q2",
        "revenue": 1310000000,
        "costOfRevenue": 935000000,
        "grossProfit": 375000000,
        "grossProfitRatio": 0.286259542,
        "researchAndDevelopmentExpenses": 0,
        "generalAndAdministrativeExpenses": 0,
        "sellingAndMarketingExpenses": 0,
        "sellingGeneralAndAdministrativeExpenses": 166000000,
        "otherExpenses": 209000000,
        "operatingExpenses": 375000000,
        "costAndExpenses": 1310000000,
        "interestIncome": 0,
        "interestExpense": 0,
        "depreciationAndAmortization": -52000000,
        "ebitda": 209000000,
        "ebitdaratio": 0.1595419847,
        "operatingIncome": 157000000,
        "operatingIncomeRatio": 0.1198473282,
        "totalOtherIncomeExpensesNet": -40000000,
        "incomeBeforeTax": 117000000,
        "incomeBeforeTaxRatio": 0.0893129771,
        "incomeTaxExpense": 41000000,
        "netIncome": 76000000,
        "netIncomeRatio": 0.0580152672,
        "eps": 1.41,
        "epsdiluted": 1.31,
        "weightedAverageShsOut": 53900709,
        "weightedAverageShsOutDil": 58015267,
        "link": null,
        "finalLink": null
    },
    {
        "date": "1999-03-31",
        "symbol": "OC",
        "reportedCurrency": "USD",
        "cik": "0001370946",
        "fillingDate": "1999-03-31",
        "acceptedDate": "1999-03-31 00:00:00",
        "calendarYear": "1999",
        "period": "Q1",
        "revenue": 1130000000,
        "costOfRevenue": 818000000,
        "grossProfit": 312000000,
        "grossProfitRatio": 0.2761061947,
        "researchAndDevelopmentExpenses": 0,
        "generalAndAdministrativeExpenses": 0,
        "sellingAndMarketingExpenses": 0,
        "sellingGeneralAndAdministrativeExpenses": 150000000,
        "otherExpenses": 162000000,
        "operatingExpenses": 312000000,
        "costAndExpenses": 1130000000,
        "interestIncome": 0,
        "interestExpense": 0,
        "depreciationAndAmortization": -53000000,
        "ebitda": 162000000,
        "ebitdaratio": 0.1433628319,
        "operatingIncome": 109000000,
        "operatingIncomeRatio": 0.096460177,
        "totalOtherIncomeExpensesNet": -38000000,
        "incomeBeforeTax": 71000000,
        "incomeBeforeTaxRatio": 0.0628318584,
        "incomeTaxExpense": 27000000,
        "netIncome": 44000000,
        "netIncomeRatio": 0.0389380531,
        "eps": 0.81,
        "epsdiluted": 0.77,
        "weightedAverageShsOut": 54320988,
        "weightedAverageShsOutDil": 57142857,
        "link": null,
        "finalLink": null
    },
    {
        "date": "1998-12-31",
        "symbol": "OC",
        "reportedCurrency": "USD",
        "cik": "0001370946",
        "fillingDate": "1998-12-31",
        "acceptedDate": "1998-12-31 00:00:00",
        "calendarYear": "1998",
        "period": "Q4",
        "revenue": 1262000000,
        "costOfRevenue": 1108000000,
        "grossProfit": 154000000,
        "grossProfitRatio": 0.1220285261,
        "researchAndDevelopmentExpenses": 0,
        "generalAndAdministrativeExpenses": 0,
        "sellingAndMarketingExpenses": 0,
        "sellingGeneralAndAdministrativeExpenses": 125000000,
        "otherExpenses": 29000000,
        "operatingExpenses": 154000000,
        "costAndExpenses": 1262000000,
        "interestIncome": 0,
        "interestExpense": 0,
        "depreciationAndAmortization": 344000000,
        "ebitda": -1024000000,
        "ebitdaratio": -0.8114104596,
        "operatingIncome": -1368000000,
        "operatingIncomeRatio": -1.0839936609,
        "totalOtherIncomeExpensesNet": 43000000,
        "incomeBeforeTax": -1325000000,
        "incomeBeforeTaxRatio": -1.0499207607,
        "incomeTaxExpense": -465000000,
        "netIncome": -868000000,
        "netIncomeRatio": -0.6877971474,
        "eps": -16.21,
        "epsdiluted": -16.18,
        "weightedAverageShsOut": 53544737,
        "weightedAverageShsOutDil": 53631285,
        "link": null,
        "finalLink": null
    },
    {
        "date": "1998-09-30",
        "symbol": "OC",
        "reportedCurrency": "USD",
        "cik": "0001370946",
        "fillingDate": "1998-09-30",
        "acceptedDate": "1998-09-30 00:00:00",
        "calendarYear": "1998",
        "period": "Q3",
        "revenue": 1324000000,
        "costOfRevenue": 1012000000,
        "grossProfit": 312000000,
        "grossProfitRatio": 0.2356495468,
        "researchAndDevelopmentExpenses": 0,
        "generalAndAdministrativeExpenses": 0,
        "sellingAndMarketingExpenses": 0,
        "sellingGeneralAndAdministrativeExpenses": 152000000,
        "otherExpenses": 160000000,
        "operatingExpenses": 312000000,
        "costAndExpenses": 1324000000,
        "interestIncome": 0,
        "interestExpense": 0,
        "depreciationAndAmortization": -48000000,
        "ebitda": 160000000,
        "ebitdaratio": 0.1208459215,
        "operatingIncome": 112000000,
        "operatingIncomeRatio": 0.084592145,
        "totalOtherIncomeExpensesNet": 155000000,
        "incomeBeforeTax": 267000000,
        "incomeBeforeTaxRatio": 0.2016616314,
        "incomeTaxExpense": 132000000,
        "netIncome": 96000000,
        "netIncomeRatio": 0.0725075529,
        "eps": 1.79,
        "epsdiluted": 1.66,
        "weightedAverageShsOut": 53631285,
        "weightedAverageShsOutDil": 57831325,
        "link": null,
        "finalLink": null
    },
    {
        "date": "1998-06-30",
        "symbol": "OC",
        "reportedCurrency": "USD",
        "cik": "0001370946",
        "fillingDate": "1998-06-30",
        "acceptedDate": "1998-06-30 00:00:00",
        "calendarYear": "1998",
        "period": "Q2",
        "revenue": 1286000000,
        "costOfRevenue": 938000000,
        "grossProfit": 348000000,
        "grossProfitRatio": 0.2706065319,
        "researchAndDevelopmentExpenses": 0,
        "generalAndAdministrativeExpenses": 0,
        "sellingAndMarketingExpenses": 0,
        "sellingGeneralAndAdministrativeExpenses": 166000000,
        "otherExpenses": 182000000,
        "operatingExpenses": 348000000,
        "costAndExpenses": 1286000000,
        "interestIncome": 0,
        "interestExpense": 0,
        "depreciationAndAmortization": -47000000,
        "ebitda": 182000000,
        "ebitdaratio": 0.1415241058,
        "operatingIncome": 135000000,
        "operatingIncomeRatio": 0.1049766719,
        "totalOtherIncomeExpensesNet": -42000000,
        "incomeBeforeTax": 93000000,
        "incomeBeforeTaxRatio": 0.0723172628,
        "incomeTaxExpense": 34000000,
        "netIncome": 59000000,
        "netIncomeRatio": 0.0458786936,
        "eps": 1.09,
        "epsdiluted": 1.02,
        "weightedAverageShsOut": 54128440,
        "weightedAverageShsOutDil": 57843137,
        "link": null,
        "finalLink": null
    },
    {
        "date": "1998-03-31",
        "symbol": "OC",
        "reportedCurrency": "USD",
        "cik": "0001370946",
        "fillingDate": "1998-03-31",
        "acceptedDate": "1998-03-31 00:00:00",
        "calendarYear": "1998",
        "period": "Q1",
        "revenue": 1137000000,
        "costOfRevenue": 886000000,
        "grossProfit": 251000000,
        "grossProfitRatio": 0.2207563764,
        "researchAndDevelopmentExpenses": 0,
        "generalAndAdministrativeExpenses": 0,
        "sellingAndMarketingExpenses": 0,
        "sellingGeneralAndAdministrativeExpenses": 144000000,
        "otherExpenses": 107000000,
        "operatingExpenses": 251000000,
        "costAndExpenses": 1137000000,
        "interestIncome": 0,
        "interestExpense": 0,
        "depreciationAndAmortization": -52000000,
        "ebitda": 107000000,
        "ebitdaratio": 0.0941072999,
        "operatingIncome": 55000000,
        "operatingIncomeRatio": 0.0483729112,
        "totalOtherIncomeExpensesNet": 0,
        "incomeBeforeTax": 1000000,
        "incomeBeforeTaxRatio": 0.0008795075,
        "incomeTaxExpense": -7000000,
        "netIncome": 8000000,
        "netIncomeRatio": 0.0070360598,
        "eps": 0.16,
        "epsdiluted": 0.16,
        "weightedAverageShsOut": 50000000,
        "weightedAverageShsOutDil": 50000000,
        "link": null,
        "finalLink": null
    },
    {
        "date": "1997-12-31",
        "symbol": "OC",
        "reportedCurrency": "USD",
        "cik": "0001370946",
        "fillingDate": "1997-12-31",
        "acceptedDate": "1997-12-31 00:00:00",
        "calendarYear": "1997",
        "period": "Q4",
        "revenue": 1243000000,
        "costOfRevenue": 1184000000,
        "grossProfit": 59000000,
        "grossProfitRatio": 0.0474658085,
        "researchAndDevelopmentExpenses": 0,
        "generalAndAdministrativeExpenses": 0,
        "sellingAndMarketingExpenses": 0,
        "sellingGeneralAndAdministrativeExpenses": 110000000,
        "otherExpenses": -51000000,
        "operatingExpenses": 59000000,
        "costAndExpenses": 1243000000,
        "interestIncome": 0,
        "interestExpense": 0,
        "depreciationAndAmortization": 294000000,
        "ebitda": 267000000,
        "ebitdaratio": 0.2148028962,
        "operatingIncome": -27000000,
        "operatingIncomeRatio": -0.0217216412,
        "totalOtherIncomeExpensesNet": -114000000,
        "incomeBeforeTax": -141000000,
        "incomeBeforeTaxRatio": -0.1134352373,
        "incomeTaxExpense": -39000000,
        "netIncome": -117000000,
        "netIncomeRatio": -0.0941271118,
        "eps": -2.16,
        "epsdiluted": -2.16,
        "weightedAverageShsOut": 54128440,
        "weightedAverageShsOutDil": 54128440,
        "link": null,
        "finalLink": null
    },
    {
        "date": "1997-09-30",
        "symbol": "OC",
        "reportedCurrency": "USD",
        "cik": "0001370946",
        "fillingDate": "1997-09-30",
        "acceptedDate": "1997-09-30 00:00:00",
        "calendarYear": "1997",
        "period": "Q3",
        "revenue": 1238000000,
        "costOfRevenue": 908000000,
        "grossProfit": 330000000,
        "grossProfitRatio": 0.2665589661,
        "researchAndDevelopmentExpenses": 0,
        "generalAndAdministrativeExpenses": 0,
        "sellingAndMarketingExpenses": 0,
        "sellingGeneralAndAdministrativeExpenses": 190000000,
        "otherExpenses": 140000000,
        "operatingExpenses": 330000000,
        "costAndExpenses": 1238000000,
        "interestIncome": 0,
        "interestExpense": 0,
        "depreciationAndAmortization": -45000000,
        "ebitda": 140000000,
        "ebitdaratio": 0.113085622,
        "operatingIncome": 95000000,
        "operatingIncomeRatio": 0.0767366721,
        "totalOtherIncomeExpensesNet": -31000000,
        "incomeBeforeTax": 64000000,
        "incomeBeforeTaxRatio": 0.0516962843,
        "incomeTaxExpense": 5000000,
        "netIncome": 59000000,
        "netIncomeRatio": 0.0476575121,
        "eps": 1.09,
        "epsdiluted": 1.04,
        "weightedAverageShsOut": 54128440,
        "weightedAverageShsOutDil": 56730769,
        "link": null,
        "finalLink": null
    },
    {
        "date": "1997-06-30",
        "symbol": "OC",
        "reportedCurrency": "USD",
        "cik": "0001370946",
        "fillingDate": "1997-06-30",
        "acceptedDate": "1997-06-30 00:00:00",
        "calendarYear": "1997",
        "period": "Q2",
        "revenue": 1017000000,
        "costOfRevenue": 739000000,
        "grossProfit": 278000000,
        "grossProfitRatio": 0.273352999,
        "researchAndDevelopmentExpenses": 0,
        "generalAndAdministrativeExpenses": 0,
        "sellingAndMarketingExpenses": 0,
        "sellingGeneralAndAdministrativeExpenses": 134000000,
        "otherExpenses": 144000000,
        "operatingExpenses": 278000000,
        "costAndExpenses": 1017000000,
        "interestIncome": 0,
        "interestExpense": 0,
        "depreciationAndAmortization": -39000000,
        "ebitda": 144000000,
        "ebitdaratio": 0.1415929204,
        "operatingIncome": 105000000,
        "operatingIncomeRatio": 0.1032448378,
        "totalOtherIncomeExpensesNet": -18000000,
        "incomeBeforeTax": 87000000,
        "incomeBeforeTaxRatio": 0.0855457227,
        "incomeTaxExpense": 24000000,
        "netIncome": 63000000,
        "netIncomeRatio": 0.0619469027,
        "eps": 1.17,
        "epsdiluted": 1.11,
        "weightedAverageShsOut": 53846154,
        "weightedAverageShsOutDil": 56756757,
        "link": null,
        "finalLink": null
    },
    {
        "date": "1997-03-31",
        "symbol": "OC",
        "reportedCurrency": "USD",
        "cik": "0001370946",
        "fillingDate": "1997-03-31",
        "acceptedDate": "1997-03-31 00:00:00",
        "calendarYear": "1997",
        "period": "Q1",
        "revenue": 875000000,
        "costOfRevenue": 615000000,
        "grossProfit": 260000000,
        "grossProfitRatio": 0.2971428571,
        "researchAndDevelopmentExpenses": 0,
        "generalAndAdministrativeExpenses": 0,
        "sellingAndMarketingExpenses": 0,
        "sellingGeneralAndAdministrativeExpenses": 146000000,
        "otherExpenses": 114000000,
        "operatingExpenses": 260000000,
        "costAndExpenses": 875000000,
        "interestIncome": 0,
        "interestExpense": 0,
        "depreciationAndAmortization": -37000000,
        "ebitda": 114000000,
        "ebitdaratio": 0.1302857143,
        "operatingIncome": 77000000,
        "operatingIncomeRatio": 0.088,
        "totalOtherIncomeExpensesNet": -16000000,
        "incomeBeforeTax": 61000000,
        "incomeBeforeTaxRatio": 0.0697142857,
        "incomeTaxExpense": 19000000,
        "netIncome": 42000000,
        "netIncomeRatio": 0.048,
        "eps": 0.79,
        "epsdiluted": 0.76,
        "weightedAverageShsOut": 53164557,
        "weightedAverageShsOutDil": 55263158,
        "link": null,
        "finalLink": null
    },
    {
        "date": "1996-12-31",
        "symbol": "OC",
        "reportedCurrency": "USD",
        "cik": "0001370946",
        "fillingDate": "1996-12-31",
        "acceptedDate": "1996-12-31 00:00:00",
        "calendarYear": "1996",
        "period": "Q4",
        "revenue": 1002000000,
        "costOfRevenue": 850000000,
        "grossProfit": 152000000,
        "grossProfitRatio": 0.1516966068,
        "researchAndDevelopmentExpenses": 0,
        "generalAndAdministrativeExpenses": 0,
        "sellingAndMarketingExpenses": 0,
        "sellingGeneralAndAdministrativeExpenses": -802000000,
        "otherExpenses": 954000000,
        "operatingExpenses": 152000000,
        "costAndExpenses": 1002000000,
        "interestIncome": 0,
        "interestExpense": 0,
        "depreciationAndAmortization": 232000000,
        "ebitda": 328000000,
        "ebitdaratio": 0.3273453094,
        "operatingIncome": 96000000,
        "operatingIncomeRatio": 0.0958083832,
        "totalOtherIncomeExpensesNet": 0,
        "incomeBeforeTax": 30000000,
        "incomeBeforeTaxRatio": 0.0299401198,
        "incomeTaxExpense": -31000000,
        "netIncome": 70000000,
        "netIncomeRatio": 0.0698602794,
        "eps": 1.34,
        "epsdiluted": 1.34,
        "weightedAverageShsOut": 52287582,
        "weightedAverageShsOutDil": 52287582,
        "link": null,
        "finalLink": null
    },
    {
        "date": "1996-09-30",
        "symbol": "OC",
        "reportedCurrency": "USD",
        "cik": "0001370946",
        "fillingDate": "1996-09-30",
        "acceptedDate": "1996-09-30 00:00:00",
        "calendarYear": "1996",
        "period": "Q3",
        "revenue": 1025000000,
        "costOfRevenue": 715000000,
        "grossProfit": 310000000,
        "grossProfitRatio": 0.3024390244,
        "researchAndDevelopmentExpenses": 0,
        "generalAndAdministrativeExpenses": 0,
        "sellingAndMarketingExpenses": 0,
        "sellingGeneralAndAdministrativeExpenses": 145000000,
        "otherExpenses": 165000000,
        "operatingExpenses": 310000000,
        "costAndExpenses": 1025000000,
        "interestIncome": 0,
        "interestExpense": 0,
        "depreciationAndAmortization": -37000000,
        "ebitda": 165000000,
        "ebitdaratio": 0.1609756098,
        "operatingIncome": 128000000,
        "operatingIncomeRatio": 0.1248780488,
        "totalOtherIncomeExpensesNet": -20000000,
        "incomeBeforeTax": 111000000,
        "incomeBeforeTaxRatio": 0.1082926829,
        "incomeTaxExpense": 31000000,
        "netIncome": 80000000,
        "netIncomeRatio": 0.0780487805,
        "eps": 1.53,
        "epsdiluted": 1.44,
        "weightedAverageShsOut": 52287582,
        "weightedAverageShsOutDil": 55555556,
        "link": null,
        "finalLink": null
    },
    {
        "date": "1996-06-30",
        "symbol": "OC",
        "reportedCurrency": "USD",
        "cik": "0001370946",
        "fillingDate": "1996-06-30",
        "acceptedDate": "1996-06-30 00:00:00",
        "calendarYear": "1996",
        "period": "Q2",
        "revenue": 956000000,
        "costOfRevenue": 669000000,
        "grossProfit": 287000000,
        "grossProfitRatio": 0.300209205,
        "researchAndDevelopmentExpenses": 0,
        "generalAndAdministrativeExpenses": 0,
        "sellingAndMarketingExpenses": 0,
        "sellingGeneralAndAdministrativeExpenses": 1017000000,
        "otherExpenses": -730000000,
        "operatingExpenses": 287000000,
        "costAndExpenses": 956000000,
        "interestIncome": 0,
        "interestExpense": 0,
        "depreciationAndAmortization": -32000000,
        "ebitda": -730000000,
        "ebitdaratio": -0.7635983264,
        "operatingIncome": -762000000,
        "operatingIncomeRatio": -0.7970711297,
        "totalOtherIncomeExpensesNet": -18000000,
        "incomeBeforeTax": -777000000,
        "incomeBeforeTaxRatio": -0.8127615063,
        "incomeTaxExpense": -304000000,
        "netIncome": -473000000,
        "netIncomeRatio": -0.4947698745,
        "eps": -9.19,
        "epsdiluted": -9.19,
        "weightedAverageShsOut": 51468988,
        "weightedAverageShsOutDil": 51468988,
        "link": null,
        "finalLink": null
    },
    {
        "date": "1996-03-31",
        "symbol": "OC",
        "reportedCurrency": "USD",
        "cik": "0001370946",
        "fillingDate": "1996-03-31",
        "acceptedDate": "1996-03-31 00:00:00",
        "calendarYear": "1996",
        "period": "Q1",
        "revenue": 849000000,
        "costOfRevenue": 600000000,
        "grossProfit": 249000000,
        "grossProfitRatio": 0.2932862191,
        "researchAndDevelopmentExpenses": 0,
        "generalAndAdministrativeExpenses": 0,
        "sellingAndMarketingExpenses": 0,
        "sellingGeneralAndAdministrativeExpenses": 149000000,
        "otherExpenses": 100000000,
        "operatingExpenses": 249000000,
        "costAndExpenses": 849000000,
        "interestIncome": 0,
        "interestExpense": 0,
        "depreciationAndAmortization": -31000000,
        "ebitda": 100000000,
        "ebitdaratio": 0.1177856302,
        "operatingIncome": 69000000,
        "operatingIncomeRatio": 0.0812720848,
        "totalOtherIncomeExpensesNet": -17000000,
        "incomeBeforeTax": 55000000,
        "incomeBeforeTaxRatio": 0.0647820966,
        "incomeTaxExpense": 16000000,
        "netIncome": 39000000,
        "netIncomeRatio": 0.0459363958,
        "eps": 0.75,
        "epsdiluted": 0.73,
        "weightedAverageShsOut": 52000000,
        "weightedAverageShsOutDil": 53424658,
        "link": null,
        "finalLink": null
    },
    {
        "date": "1995-12-31",
        "symbol": "OC",
        "reportedCurrency": "USD",
        "cik": "0001370946",
        "fillingDate": "1995-12-31",
        "acceptedDate": "1995-12-31 00:00:00",
        "calendarYear": "1995",
        "period": "Q4",
        "revenue": 964000000,
        "costOfRevenue": 809000000,
        "grossProfit": 155000000,
        "grossProfitRatio": 0.1607883817,
        "researchAndDevelopmentExpenses": 0,
        "generalAndAdministrativeExpenses": 0,
        "sellingAndMarketingExpenses": 0,
        "sellingGeneralAndAdministrativeExpenses": 58000000,
        "otherExpenses": 97000000,
        "operatingExpenses": 155000000,
        "costAndExpenses": 964000000,
        "interestIncome": 0,
        "interestExpense": 0,
        "depreciationAndAmortization": 0,
        "ebitda": 103000000,
        "ebitdaratio": 0.106846473,
        "operatingIncome": 103000000,
        "operatingIncomeRatio": 0.106846473,
        "totalOtherIncomeExpensesNet": -28000000,
        "incomeBeforeTax": 75000000,
        "incomeBeforeTaxRatio": 0.0778008299,
        "incomeTaxExpense": 21000000,
        "netIncome": 66000000,
        "netIncomeRatio": 0.0684647303,
        "eps": 1.27,
        "epsdiluted": 1.27,
        "weightedAverageShsOut": 51478571,
        "weightedAverageShsOutDil": 51851852,
        "link": null,
        "finalLink": null
    },
    {
        "date": "1995-09-30",
        "symbol": "OC",
        "reportedCurrency": "USD",
        "cik": "0001370946",
        "fillingDate": "1995-09-30",
        "acceptedDate": "1995-09-30 00:00:00",
        "calendarYear": "1995",
        "period": "Q3",
        "revenue": 927000000,
        "costOfRevenue": 653000000,
        "grossProfit": 274000000,
        "grossProfitRatio": 0.2955771305,
        "researchAndDevelopmentExpenses": 0,
        "generalAndAdministrativeExpenses": 0,
        "sellingAndMarketingExpenses": 0,
        "sellingGeneralAndAdministrativeExpenses": 121000000,
        "otherExpenses": 153000000,
        "operatingExpenses": 274000000,
        "costAndExpenses": 927000000,
        "interestIncome": 0,
        "interestExpense": 0,
        "depreciationAndAmortization": -31000000,
        "ebitda": 153000000,
        "ebitdaratio": 0.1650485437,
        "operatingIncome": 122000000,
        "operatingIncomeRatio": 0.1316073355,
        "totalOtherIncomeExpensesNet": -17000000,
        "incomeBeforeTax": 105000000,
        "incomeBeforeTaxRatio": 0.1132686084,
        "incomeTaxExpense": 35000000,
        "netIncome": 70000000,
        "netIncomeRatio": 0.0755124056,
        "eps": 1.35,
        "epsdiluted": 1.28,
        "weightedAverageShsOut": 51851852,
        "weightedAverageShsOutDil": 54687500,
        "link": null,
        "finalLink": null
    },
    {
        "date": "1995-06-30",
        "symbol": "OC",
        "reportedCurrency": "USD",
        "cik": "0001370946",
        "fillingDate": "1995-06-30",
        "acceptedDate": "1995-06-30 00:00:00",
        "calendarYear": "1995",
        "period": "Q2",
        "revenue": 877000000,
        "costOfRevenue": 608000000,
        "grossProfit": 269000000,
        "grossProfitRatio": 0.30672748,
        "researchAndDevelopmentExpenses": 0,
        "generalAndAdministrativeExpenses": 0,
        "sellingAndMarketingExpenses": 0,
        "sellingGeneralAndAdministrativeExpenses": 123000000,
        "otherExpenses": 146000000,
        "operatingExpenses": 269000000,
        "costAndExpenses": 877000000,
        "interestIncome": 0,
        "interestExpense": 0,
        "depreciationAndAmortization": -31000000,
        "ebitda": 146000000,
        "ebitdaratio": 0.1664766249,
        "operatingIncome": 115000000,
        "operatingIncomeRatio": 0.1311288483,
        "totalOtherIncomeExpensesNet": -19000000,
        "incomeBeforeTax": 96000000,
        "incomeBeforeTaxRatio": 0.1094640821,
        "incomeTaxExpense": 33000000,
        "netIncome": 63000000,
        "netIncomeRatio": 0.0718358039,
        "eps": 1.25,
        "epsdiluted": 1.2,
        "weightedAverageShsOut": 50400000,
        "weightedAverageShsOutDil": 52500000,
        "link": null,
        "finalLink": null
    },
    {
        "date": "1995-03-31",
        "symbol": "OC",
        "reportedCurrency": "USD",
        "cik": "0001370946",
        "fillingDate": "1995-03-31",
        "acceptedDate": "1995-03-31 00:00:00",
        "calendarYear": "1995",
        "period": "Q1",
        "revenue": 844000000,
        "costOfRevenue": 600000000,
        "grossProfit": 244000000,
        "grossProfitRatio": 0.2890995261,
        "researchAndDevelopmentExpenses": 0,
        "generalAndAdministrativeExpenses": 0,
        "sellingAndMarketingExpenses": 0,
        "sellingGeneralAndAdministrativeExpenses": 142000000,
        "otherExpenses": 102000000,
        "operatingExpenses": 244000000,
        "costAndExpenses": 844000000,
        "interestIncome": 0,
        "interestExpense": 0,
        "depreciationAndAmortization": -30000000,
        "ebitda": 102000000,
        "ebitdaratio": 0.1208530806,
        "operatingIncome": 72000000,
        "operatingIncomeRatio": 0.0853080569,
        "totalOtherIncomeExpensesNet": -23000000,
        "incomeBeforeTax": 49000000,
        "incomeBeforeTaxRatio": 0.058056872,
        "incomeTaxExpense": 16000000,
        "netIncome": 33000000,
        "netIncomeRatio": 0.0390995261,
        "eps": 0.71,
        "epsdiluted": 0.68,
        "weightedAverageShsOut": 46478873,
        "weightedAverageShsOutDil": 48529412,
        "link": null,
        "finalLink": null
    },
    {
        "date": "1994-12-31",
        "symbol": "OC",
        "reportedCurrency": "USD",
        "cik": "0001370946",
        "fillingDate": "1994-12-31",
        "acceptedDate": "1994-12-31 00:00:00",
        "calendarYear": "1994",
        "period": "Q4",
        "revenue": 886000000,
        "costOfRevenue": 749000000,
        "grossProfit": 137000000,
        "grossProfitRatio": 0.1546275395,
        "researchAndDevelopmentExpenses": 0,
        "generalAndAdministrativeExpenses": 0,
        "sellingAndMarketingExpenses": 0,
        "sellingGeneralAndAdministrativeExpenses": -71000000,
        "otherExpenses": 208000000,
        "operatingExpenses": 137000000,
        "costAndExpenses": 886000000,
        "interestIncome": 0,
        "interestExpense": 0,
        "depreciationAndAmortization": 0,
        "ebitda": 179000000,
        "ebitdaratio": 0.2020316027,
        "operatingIncome": 179000000,
        "operatingIncomeRatio": 0.2020316027,
        "totalOtherIncomeExpensesNet": 0,
        "incomeBeforeTax": 67000000,
        "incomeBeforeTaxRatio": 0.0756207675,
        "incomeTaxExpense": 24000000,
        "netIncome": 43000000,
        "netIncomeRatio": 0.0485327314,
        "eps": 0.97,
        "epsdiluted": 0.97,
        "weightedAverageShsOut": 44480608,
        "weightedAverageShsOutDil": 44537815,
        "link": null,
        "finalLink": null
    },
    {
        "date": "1994-09-30",
        "symbol": "OC",
        "reportedCurrency": "USD",
        "cik": "0001370946",
        "fillingDate": "1994-09-30",
        "acceptedDate": "1994-09-30 00:00:00",
        "calendarYear": "1994",
        "period": "Q3",
        "revenue": 936000000,
        "costOfRevenue": 675000000,
        "grossProfit": 261000000,
        "grossProfitRatio": 0.2788461538,
        "researchAndDevelopmentExpenses": 0,
        "generalAndAdministrativeExpenses": 0,
        "sellingAndMarketingExpenses": 0,
        "sellingGeneralAndAdministrativeExpenses": 123000000,
        "otherExpenses": 138000000,
        "operatingExpenses": 261000000,
        "costAndExpenses": 936000000,
        "interestIncome": 0,
        "interestExpense": 0,
        "depreciationAndAmortization": -30000000,
        "ebitda": 138000000,
        "ebitdaratio": 0.1474358974,
        "operatingIncome": 108000000,
        "operatingIncomeRatio": 0.1153846154,
        "totalOtherIncomeExpensesNet": -24000000,
        "incomeBeforeTax": 84000000,
        "incomeBeforeTaxRatio": 0.0897435897,
        "incomeTaxExpense": 31000000,
        "netIncome": 53000000,
        "netIncomeRatio": 0.0566239316,
        "eps": 1.19,
        "epsdiluted": 1.09,
        "weightedAverageShsOut": 44537815,
        "weightedAverageShsOutDil": 48623853,
        "link": null,
        "finalLink": null
    },
    {
        "date": "1994-06-30",
        "symbol": "OC",
        "reportedCurrency": "USD",
        "cik": "0001370946",
        "fillingDate": "1994-06-30",
        "acceptedDate": "1994-06-30 00:00:00",
        "calendarYear": "1994",
        "period": "Q2",
        "revenue": 852000000,
        "costOfRevenue": 616000000,
        "grossProfit": 236000000,
        "grossProfitRatio": 0.2769953052,
        "researchAndDevelopmentExpenses": 0,
        "generalAndAdministrativeExpenses": 0,
        "sellingAndMarketingExpenses": 0,
        "sellingGeneralAndAdministrativeExpenses": 113000000,
        "otherExpenses": 123000000,
        "operatingExpenses": 236000000,
        "costAndExpenses": 852000000,
        "interestIncome": 0,
        "interestExpense": 0,
        "depreciationAndAmortization": -28000000,
        "ebitda": 123000000,
        "ebitdaratio": 0.1443661972,
        "operatingIncome": 95000000,
        "operatingIncomeRatio": 0.1115023474,
        "totalOtherIncomeExpensesNet": -24000000,
        "incomeBeforeTax": 71000000,
        "incomeBeforeTaxRatio": 0.0833333333,
        "incomeTaxExpense": 26000000,
        "netIncome": 45000000,
        "netIncomeRatio": 0.0528169014,
        "eps": 1.03,
        "epsdiluted": 0.95,
        "weightedAverageShsOut": 43689320,
        "weightedAverageShsOutDil": 47368421,
        "link": null,
        "finalLink": null
    },
    {
        "date": "1994-03-31",
        "symbol": "OC",
        "reportedCurrency": "USD",
        "cik": "0001370946",
        "fillingDate": "1994-03-31",
        "acceptedDate": "1994-03-31 00:00:00",
        "calendarYear": "1994",
        "period": "Q1",
        "revenue": 677000000,
        "costOfRevenue": 496000000,
        "grossProfit": 181000000,
        "grossProfitRatio": 0.2673559823,
        "researchAndDevelopmentExpenses": 0,
        "generalAndAdministrativeExpenses": 0,
        "sellingAndMarketingExpenses": 0,
        "sellingGeneralAndAdministrativeExpenses": 221000000,
        "otherExpenses": -40000000,
        "operatingExpenses": 181000000,
        "costAndExpenses": 677000000,
        "interestIncome": 0,
        "interestExpense": 0,
        "depreciationAndAmortization": -27000000,
        "ebitda": -40000000,
        "ebitdaratio": -0.059084195,
        "operatingIncome": -67000000,
        "operatingIncomeRatio": -0.0989660266,
        "totalOtherIncomeExpensesNet": -23000000,
        "incomeBeforeTax": -90000000,
        "incomeBeforeTaxRatio": -0.1329394387,
        "incomeTaxExpense": -23000000,
        "netIncome": 18000000,
        "netIncomeRatio": 0.0265878877,
        "eps": 0.41,
        "epsdiluted": 0.4,
        "weightedAverageShsOut": 43902439,
        "weightedAverageShsOutDil": 45000000,
        "link": null,
        "finalLink": null
    },
    {
        "date": "1993-12-31",
        "symbol": "OC",
        "reportedCurrency": "USD",
        "cik": "0001370946",
        "fillingDate": "1993-12-31",
        "acceptedDate": "1993-12-31 00:00:00",
        "calendarYear": "1993",
        "period": "Q4",
        "revenue": 754000000,
        "costOfRevenue": 543000000,
        "grossProfit": 211000000,
        "grossProfitRatio": 0.2798408488,
        "researchAndDevelopmentExpenses": 0,
        "generalAndAdministrativeExpenses": 0,
        "sellingAndMarketingExpenses": 0,
        "sellingGeneralAndAdministrativeExpenses": 103000000,
        "otherExpenses": 108000000,
        "operatingExpenses": 211000000,
        "costAndExpenses": 754000000,
        "interestIncome": 0,
        "interestExpense": 0,
        "depreciationAndAmortization": -35000000,
        "ebitda": 108000000,
        "ebitdaratio": 0.1432360743,
        "operatingIncome": 73000000,
        "operatingIncomeRatio": 0.0968169761,
        "totalOtherIncomeExpensesNet": -22000000,
        "incomeBeforeTax": 51000000,
        "incomeBeforeTaxRatio": 0.0676392573,
        "incomeTaxExpense": 18000000,
        "netIncome": 33000000,
        "netIncomeRatio": 0.0437665782,
        "eps": 0.75,
        "epsdiluted": 0.75,
        "weightedAverageShsOut": 44000000,
        "weightedAverageShsOutDil": 44036697,
        "link": null,
        "finalLink": null
    },
    {
        "date": "1993-09-30",
        "symbol": "OC",
        "reportedCurrency": "USD",
        "cik": "0001370946",
        "fillingDate": "1993-09-30",
        "acceptedDate": "1993-09-30 00:00:00",
        "calendarYear": "1993",
        "period": "Q3",
        "revenue": 785000000,
        "costOfRevenue": 584000000,
        "grossProfit": 201000000,
        "grossProfitRatio": 0.2560509554,
        "researchAndDevelopmentExpenses": 0,
        "generalAndAdministrativeExpenses": 0,
        "sellingAndMarketingExpenses": 0,
        "sellingGeneralAndAdministrativeExpenses": 102000000,
        "otherExpenses": 99000000,
        "operatingExpenses": 201000000,
        "costAndExpenses": 785000000,
        "interestIncome": 0,
        "interestExpense": 0,
        "depreciationAndAmortization": -29000000,
        "ebitda": 99000000,
        "ebitdaratio": 0.1261146497,
        "operatingIncome": 70000000,
        "operatingIncomeRatio": 0.0891719745,
        "totalOtherIncomeExpensesNet": -19000000,
        "incomeBeforeTax": 51000000,
        "incomeBeforeTaxRatio": 0.0649681529,
        "incomeTaxExpense": 3000000,
        "netIncome": 48000000,
        "netIncomeRatio": 0.0611464968,
        "eps": 1.09,
        "epsdiluted": 1.01,
        "weightedAverageShsOut": 44036697,
        "weightedAverageShsOutDil": 47524752,
        "link": null,
        "finalLink": null
    },
    {
        "date": "1993-06-30",
        "symbol": "OC",
        "reportedCurrency": "USD",
        "cik": "0001370946",
        "fillingDate": "1993-06-30",
        "acceptedDate": "1993-06-30 00:00:00",
        "calendarYear": "1993",
        "period": "Q2",
        "revenue": 754000000,
        "costOfRevenue": 565000000,
        "grossProfit": 189000000,
        "grossProfitRatio": 0.25066313,
        "researchAndDevelopmentExpenses": 0,
        "generalAndAdministrativeExpenses": 0,
        "sellingAndMarketingExpenses": 0,
        "sellingGeneralAndAdministrativeExpenses": 95000000,
        "otherExpenses": 94000000,
        "operatingExpenses": 189000000,
        "costAndExpenses": 754000000,
        "interestIncome": 0,
        "interestExpense": 0,
        "depreciationAndAmortization": -29000000,
        "ebitda": 94000000,
        "ebitdaratio": 0.124668435,
        "operatingIncome": 73000000,
        "operatingIncomeRatio": 0.0968169761,
        "totalOtherIncomeExpensesNet": -21000000,
        "incomeBeforeTax": 52000000,
        "incomeBeforeTaxRatio": 0.0689655172,
        "incomeTaxExpense": 19000000,
        "netIncome": 33000000,
        "netIncomeRatio": 0.0437665782,
        "eps": 0.76,
        "epsdiluted": 0.71,
        "weightedAverageShsOut": 43421053,
        "weightedAverageShsOutDil": 46478873,
        "link": null,
        "finalLink": null
    },
    {
        "date": "1993-03-31",
        "symbol": "OC",
        "reportedCurrency": "USD",
        "cik": "0001370946",
        "fillingDate": "1993-03-31",
        "acceptedDate": "1993-03-31 00:00:00",
        "calendarYear": "1993",
        "period": "Q1",
        "revenue": 651000000,
        "costOfRevenue": 488000000,
        "grossProfit": 163000000,
        "grossProfitRatio": 0.2503840246,
        "researchAndDevelopmentExpenses": 0,
        "generalAndAdministrativeExpenses": 0,
        "sellingAndMarketingExpenses": 0,
        "sellingGeneralAndAdministrativeExpenses": 115000000,
        "otherExpenses": 48000000,
        "operatingExpenses": 163000000,
        "costAndExpenses": 651000000,
        "interestIncome": 0,
        "interestExpense": 0,
        "depreciationAndAmortization": -28000000,
        "ebitda": 48000000,
        "ebitdaratio": 0.0737327189,
        "operatingIncome": 20000000,
        "operatingIncomeRatio": 0.0307219662,
        "totalOtherIncomeExpensesNet": 0,
        "incomeBeforeTax": -2000000,
        "incomeBeforeTaxRatio": -0.0030721966,
        "incomeTaxExpense": 7000000,
        "netIncome": 17000000,
        "netIncomeRatio": 0.0261136713,
        "eps": 0.4,
        "epsdiluted": 0.4,
        "weightedAverageShsOut": 42500000,
        "weightedAverageShsOutDil": 42500000,
        "link": null,
        "finalLink": null
    },
    {
        "date": "1992-12-31",
        "symbol": "OC",
        "reportedCurrency": "USD",
        "cik": "0001370946",
        "fillingDate": "1992-12-31",
        "acceptedDate": "1992-12-31 00:00:00",
        "calendarYear": "1992",
        "period": "Q4",
        "revenue": 734000000,
        "costOfRevenue": 543000000,
        "grossProfit": 191000000,
        "grossProfitRatio": 0.2602179837,
        "researchAndDevelopmentExpenses": 0,
        "generalAndAdministrativeExpenses": 0,
        "sellingAndMarketingExpenses": 0,
        "sellingGeneralAndAdministrativeExpenses": 117000000,
        "otherExpenses": 74000000,
        "operatingExpenses": 191000000,
        "costAndExpenses": 734000000,
        "interestIncome": 0,
        "interestExpense": 0,
        "depreciationAndAmortization": -33000000,
        "ebitda": 74000000,
        "ebitdaratio": 0.1008174387,
        "operatingIncome": 41000000,
        "operatingIncomeRatio": 0.0558583106,
        "totalOtherIncomeExpensesNet": 0,
        "incomeBeforeTax": 18000000,
        "incomeBeforeTaxRatio": 0.0245231608,
        "incomeTaxExpense": 6000000,
        "netIncome": 14000000,
        "netIncomeRatio": 0.0190735695,
        "eps": 0.33,
        "epsdiluted": 0.33,
        "weightedAverageShsOut": 41617647,
        "weightedAverageShsOutDil": 42666667,
        "link": null,
        "finalLink": null
    },
    {
        "date": "1992-09-30",
        "symbol": "OC",
        "reportedCurrency": "USD",
        "cik": "0001370946",
        "fillingDate": "1992-09-30",
        "acceptedDate": "1992-09-30 00:00:00",
        "calendarYear": "1992",
        "period": "Q3",
        "revenue": 786000000,
        "costOfRevenue": 582000000,
        "grossProfit": 204000000,
        "grossProfitRatio": 0.2595419847,
        "researchAndDevelopmentExpenses": 0,
        "generalAndAdministrativeExpenses": 0,
        "sellingAndMarketingExpenses": 0,
        "sellingGeneralAndAdministrativeExpenses": 102000000,
        "otherExpenses": 102000000,
        "operatingExpenses": 204000000,
        "costAndExpenses": 786000000,
        "interestIncome": 0,
        "interestExpense": 0,
        "depreciationAndAmortization": -31000000,
        "ebitda": 102000000,
        "ebitdaratio": 0.1297709924,
        "operatingIncome": 71000000,
        "operatingIncomeRatio": 0.0903307888,
        "totalOtherIncomeExpensesNet": -28000000,
        "incomeBeforeTax": 43000000,
        "incomeBeforeTaxRatio": 0.0547073791,
        "incomeTaxExpense": 11000000,
        "netIncome": 32000000,
        "netIncomeRatio": 0.0407124682,
        "eps": 0.75,
        "epsdiluted": 0.71,
        "weightedAverageShsOut": 42666667,
        "weightedAverageShsOutDil": 45070423,
        "link": null,
        "finalLink": null
    },
    {
        "date": "1992-06-30",
        "symbol": "OC",
        "reportedCurrency": "USD",
        "cik": "0001370946",
        "fillingDate": "1992-06-30",
        "acceptedDate": "1992-06-30 00:00:00",
        "calendarYear": "1992",
        "period": "Q2",
        "revenue": 732000000,
        "costOfRevenue": 546000000,
        "grossProfit": 186000000,
        "grossProfitRatio": 0.2540983607,
        "researchAndDevelopmentExpenses": 0,
        "generalAndAdministrativeExpenses": 0,
        "sellingAndMarketingExpenses": 0,
        "sellingGeneralAndAdministrativeExpenses": 92000000,
        "otherExpenses": 94000000,
        "operatingExpenses": 186000000,
        "costAndExpenses": 732000000,
        "interestIncome": 0,
        "interestExpense": 0,
        "depreciationAndAmortization": -30000000,
        "ebitda": 94000000,
        "ebitdaratio": 0.1284153005,
        "operatingIncome": 64000000,
        "operatingIncomeRatio": 0.087431694,
        "totalOtherIncomeExpensesNet": -31000000,
        "incomeBeforeTax": 33000000,
        "incomeBeforeTaxRatio": 0.0450819672,
        "incomeTaxExpense": 11000000,
        "netIncome": 21000000,
        "netIncomeRatio": 0.0286885246,
        "eps": 0.49,
        "epsdiluted": 0.48,
        "weightedAverageShsOut": 42857143,
        "weightedAverageShsOutDil": 43750000,
        "link": null,
        "finalLink": null
    },
    {
        "date": "1992-03-31",
        "symbol": "OC",
        "reportedCurrency": "USD",
        "cik": "0001370946",
        "fillingDate": "1992-03-31",
        "acceptedDate": "1992-03-31 00:00:00",
        "calendarYear": "1992",
        "period": "Q1",
        "revenue": 626000000,
        "costOfRevenue": 466000000,
        "grossProfit": 160000000,
        "grossProfitRatio": 0.2555910543,
        "researchAndDevelopmentExpenses": 0,
        "generalAndAdministrativeExpenses": 0,
        "sellingAndMarketingExpenses": 0,
        "sellingGeneralAndAdministrativeExpenses": 93000000,
        "otherExpenses": 67000000,
        "operatingExpenses": 160000000,
        "costAndExpenses": 626000000,
        "interestIncome": 0,
        "interestExpense": 0,
        "depreciationAndAmortization": -30000000,
        "ebitda": 67000000,
        "ebitdaratio": 0.107028754,
        "operatingIncome": 37000000,
        "operatingIncomeRatio": 0.0591054313,
        "totalOtherIncomeExpensesNet": 0,
        "incomeBeforeTax": 11000000,
        "incomeBeforeTaxRatio": 0.017571885,
        "incomeTaxExpense": 5000000,
        "netIncome": 6000000,
        "netIncomeRatio": 0.0095846645,
        "eps": 0.13,
        "epsdiluted": 0.13,
        "weightedAverageShsOut": 46153846,
        "weightedAverageShsOutDil": 46153846,
        "link": null,
        "finalLink": null
    },
    {
        "date": "1991-12-31",
        "symbol": "OC",
        "reportedCurrency": "USD",
        "cik": "0001370946",
        "fillingDate": "1991-12-31",
        "acceptedDate": "1991-12-31 00:00:00",
        "calendarYear": "1991",
        "period": "Q4",
        "revenue": 659000000,
        "costOfRevenue": 492000000,
        "grossProfit": 167000000,
        "grossProfitRatio": 0.253414264,
        "researchAndDevelopmentExpenses": 0,
        "generalAndAdministrativeExpenses": 0,
        "sellingAndMarketingExpenses": 0,
        "sellingGeneralAndAdministrativeExpenses": 897000000,
        "otherExpenses": -730000000,
        "operatingExpenses": 167000000,
        "costAndExpenses": 659000000,
        "interestIncome": 0,
        "interestExpense": 0,
        "depreciationAndAmortization": -35000000,
        "ebitda": -730000000,
        "ebitdaratio": -1.1077389985,
        "operatingIncome": -765000000,
        "operatingIncomeRatio": -1.1608497724,
        "totalOtherIncomeExpensesNet": -27000000,
        "incomeBeforeTax": -792000000,
        "incomeBeforeTaxRatio": -1.2018209408,
        "incomeTaxExpense": -258000000,
        "netIncome": -534000000,
        "netIncomeRatio": -0.8103186646,
        "eps": -12.66,
        "epsdiluted": -12.66,
        "weightedAverageShsOut": 42187500,
        "weightedAverageShsOutDil": 42187500,
        "link": null,
        "finalLink": null
    },
    {
        "date": "1991-09-30",
        "symbol": "OC",
        "reportedCurrency": "USD",
        "cik": "0001370946",
        "fillingDate": "1991-09-30",
        "acceptedDate": "1991-09-30 00:00:00",
        "calendarYear": "1991",
        "period": "Q3",
        "revenue": 759000000,
        "costOfRevenue": 547000000,
        "grossProfit": 212000000,
        "grossProfitRatio": 0.279314888,
        "researchAndDevelopmentExpenses": 0,
        "generalAndAdministrativeExpenses": 0,
        "sellingAndMarketingExpenses": 0,
        "sellingGeneralAndAdministrativeExpenses": 110000000,
        "otherExpenses": 102000000,
        "operatingExpenses": 212000000,
        "costAndExpenses": 759000000,
        "interestIncome": 0,
        "interestExpense": 0,
        "depreciationAndAmortization": -19000000,
        "ebitda": 102000000,
        "ebitdaratio": 0.1343873518,
        "operatingIncome": 69000000,
        "operatingIncomeRatio": 0.0909090909,
        "totalOtherIncomeExpensesNet": -29000000,
        "incomeBeforeTax": 40000000,
        "incomeBeforeTaxRatio": 0.0527009223,
        "incomeTaxExpense": 13000000,
        "netIncome": 27000000,
        "netIncomeRatio": 0.0355731225,
        "eps": 0.64,
        "epsdiluted": 0.62,
        "weightedAverageShsOut": 42187500,
        "weightedAverageShsOutDil": 43548387,
        "link": null,
        "finalLink": null
    },
    {
        "date": "1991-06-30",
        "symbol": "OC",
        "reportedCurrency": "USD",
        "cik": "0001370946",
        "fillingDate": "1991-06-30",
        "acceptedDate": "1991-06-30 00:00:00",
        "calendarYear": "1991",
        "period": "Q2",
        "revenue": 745000000,
        "costOfRevenue": 539000000,
        "grossProfit": 206000000,
        "grossProfitRatio": 0.2765100671,
        "researchAndDevelopmentExpenses": 0,
        "generalAndAdministrativeExpenses": 0,
        "sellingAndMarketingExpenses": 0,
        "sellingGeneralAndAdministrativeExpenses": 106000000,
        "otherExpenses": 100000000,
        "operatingExpenses": 206000000,
        "costAndExpenses": 745000000,
        "interestIncome": 0,
        "interestExpense": 0,
        "depreciationAndAmortization": -39000000,
        "ebitda": 100000000,
        "ebitdaratio": 0.1342281879,
        "operatingIncome": 61000000,
        "operatingIncomeRatio": 0.0818791946,
        "totalOtherIncomeExpensesNet": 0,
        "incomeBeforeTax": 26000000,
        "incomeBeforeTaxRatio": 0.0348993289,
        "incomeTaxExpense": 11000000,
        "netIncome": 15000000,
        "netIncomeRatio": 0.0201342282,
        "eps": 0.34,
        "epsdiluted": 0.34,
        "weightedAverageShsOut": 44117647,
        "weightedAverageShsOutDil": 44117647,
        "link": null,
        "finalLink": null
    },
    {
        "date": "1991-03-31",
        "symbol": "OC",
        "reportedCurrency": "USD",
        "cik": "0001370946",
        "fillingDate": "1991-03-31",
        "acceptedDate": "1991-03-31 00:00:00",
        "calendarYear": "1991",
        "period": "Q1",
        "revenue": 620000000,
        "costOfRevenue": 462000000,
        "grossProfit": 158000000,
        "grossProfitRatio": 0.2548387097,
        "researchAndDevelopmentExpenses": 0,
        "generalAndAdministrativeExpenses": 0,
        "sellingAndMarketingExpenses": 0,
        "sellingGeneralAndAdministrativeExpenses": 112000000,
        "otherExpenses": 46000000,
        "operatingExpenses": 158000000,
        "costAndExpenses": 620000000,
        "interestIncome": 0,
        "interestExpense": 0,
        "depreciationAndAmortization": -39000000,
        "ebitda": 46000000,
        "ebitdaratio": 0.0741935484,
        "operatingIncome": 7000000,
        "operatingIncomeRatio": 0.0112903226,
        "totalOtherIncomeExpensesNet": -34000000,
        "incomeBeforeTax": -27000000,
        "incomeBeforeTaxRatio": -0.0435483871,
        "incomeTaxExpense": -4000000,
        "netIncome": -23000000,
        "netIncomeRatio": -0.0370967742,
        "eps": -0.54,
        "epsdiluted": -0.54,
        "weightedAverageShsOut": 42592593,
        "weightedAverageShsOutDil": 42592593,
        "link": null,
        "finalLink": null
    },
    {
        "date": "1990-12-31",
        "symbol": "OC",
        "reportedCurrency": "USD",
        "cik": "0001370946",
        "fillingDate": "1990-12-31",
        "acceptedDate": "1990-12-31 00:00:00",
        "calendarYear": "1990",
        "period": "Q4",
        "revenue": 769000000,
        "costOfRevenue": 556000000,
        "grossProfit": 213000000,
        "grossProfitRatio": 0.2769830949,
        "researchAndDevelopmentExpenses": 0,
        "generalAndAdministrativeExpenses": 0,
        "sellingAndMarketingExpenses": 0,
        "sellingGeneralAndAdministrativeExpenses": 179000000,
        "otherExpenses": 34000000,
        "operatingExpenses": 213000000,
        "costAndExpenses": 769000000,
        "interestIncome": 0,
        "interestExpense": 0,
        "depreciationAndAmortization": -41000000,
        "ebitda": 34000000,
        "ebitdaratio": 0.044213264,
        "operatingIncome": -7000000,
        "operatingIncomeRatio": -0.0091027308,
        "totalOtherIncomeExpensesNet": -37000000,
        "incomeBeforeTax": -45000000,
        "incomeBeforeTaxRatio": -0.0585175553,
        "incomeTaxExpense": -13000000,
        "netIncome": -32000000,
        "netIncomeRatio": -0.0416124837,
        "eps": -0.76,
        "epsdiluted": -0.76,
        "weightedAverageShsOut": 42168675,
        "weightedAverageShsOutDil": 42168675,
        "link": null,
        "finalLink": null
    },
    {
        "date": "1990-09-30",
        "symbol": "OC",
        "reportedCurrency": "USD",
        "cik": "0001370946",
        "fillingDate": "1990-09-30",
        "acceptedDate": "1990-09-30 00:00:00",
        "calendarYear": "1990",
        "period": "Q3",
        "revenue": 823000000,
        "costOfRevenue": 564000000,
        "grossProfit": 259000000,
        "grossProfitRatio": 0.3147023086,
        "researchAndDevelopmentExpenses": 0,
        "generalAndAdministrativeExpenses": 0,
        "sellingAndMarketingExpenses": 0,
        "sellingGeneralAndAdministrativeExpenses": 111000000,
        "otherExpenses": 148000000,
        "operatingExpenses": 259000000,
        "costAndExpenses": 823000000,
        "interestIncome": 0,
        "interestExpense": 0,
        "depreciationAndAmortization": -47000000,
        "ebitda": 148000000,
        "ebitdaratio": 0.1798298906,
        "operatingIncome": 101000000,
        "operatingIncomeRatio": 0.1227217497,
        "totalOtherIncomeExpensesNet": -39000000,
        "incomeBeforeTax": 61000000,
        "incomeBeforeTaxRatio": 0.0741190765,
        "incomeTaxExpense": 26000000,
        "netIncome": 35000000,
        "netIncomeRatio": 0.042527339,
        "eps": 0.83,
        "epsdiluted": 0.83,
        "weightedAverageShsOut": 42168675,
        "weightedAverageShsOutDil": 42168675,
        "link": null,
        "finalLink": null
    },
    {
        "date": "1990-06-30",
        "symbol": "OC",
        "reportedCurrency": "USD",
        "cik": "0001370946",
        "fillingDate": "1990-06-30",
        "acceptedDate": "1990-06-30 00:00:00",
        "calendarYear": "1990",
        "period": "Q2",
        "revenue": 771000000,
        "costOfRevenue": 515000000,
        "grossProfit": 256000000,
        "grossProfitRatio": 0.3320363165,
        "researchAndDevelopmentExpenses": 0,
        "generalAndAdministrativeExpenses": 0,
        "sellingAndMarketingExpenses": 0,
        "sellingGeneralAndAdministrativeExpenses": 111000000,
        "otherExpenses": 145000000,
        "operatingExpenses": 256000000,
        "costAndExpenses": 771000000,
        "interestIncome": 0,
        "interestExpense": 0,
        "depreciationAndAmortization": -43000000,
        "ebitda": 145000000,
        "ebitdaratio": 0.1880674449,
        "operatingIncome": 102000000,
        "operatingIncomeRatio": 0.1322957198,
        "totalOtherIncomeExpensesNet": -41000000,
        "incomeBeforeTax": 60000000,
        "incomeBeforeTaxRatio": 0.0778210117,
        "incomeTaxExpense": 21000000,
        "netIncome": 39000000,
        "netIncomeRatio": 0.0505836576,
        "eps": 0.92,
        "epsdiluted": 0.92,
        "weightedAverageShsOut": 42391304,
        "weightedAverageShsOutDil": 42391304,
        "link": null,
        "finalLink": null
    },
    {
        "date": "1990-03-31",
        "symbol": "OC",
        "reportedCurrency": "USD",
        "cik": "0001370946",
        "fillingDate": "1990-03-31",
        "acceptedDate": "1990-03-31 00:00:00",
        "calendarYear": "1990",
        "period": "Q1",
        "revenue": 748000000,
        "costOfRevenue": 497000000,
        "grossProfit": 251000000,
        "grossProfitRatio": 0.3355614973,
        "researchAndDevelopmentExpenses": 0,
        "generalAndAdministrativeExpenses": 0,
        "sellingAndMarketingExpenses": 0,
        "sellingGeneralAndAdministrativeExpenses": 112000000,
        "otherExpenses": 139000000,
        "operatingExpenses": 251000000,
        "costAndExpenses": 748000000,
        "interestIncome": 0,
        "interestExpense": 0,
        "depreciationAndAmortization": -41000000,
        "ebitda": 139000000,
        "ebitdaratio": 0.185828877,
        "operatingIncome": 98000000,
        "operatingIncomeRatio": 0.1310160428,
        "totalOtherIncomeExpensesNet": -40000000,
        "incomeBeforeTax": 57000000,
        "incomeBeforeTaxRatio": 0.0762032086,
        "incomeTaxExpense": 24000000,
        "netIncome": 33000000,
        "netIncomeRatio": 0.0441176471,
        "eps": 0.79,
        "epsdiluted": 0.79,
        "weightedAverageShsOut": 41772152,
        "weightedAverageShsOutDil": 41772152,
        "link": null,
        "finalLink": null
    },
    {
        "date": "1989-12-31",
        "symbol": "OC",
        "reportedCurrency": "USD",
        "cik": "0001370946",
        "fillingDate": "1989-12-31",
        "acceptedDate": "1989-12-30 19:00:00",
        "calendarYear": "1989",
        "period": "Q4",
        "revenue": 871000000,
        "costOfRevenue": 0,
        "grossProfit": 0,
        "grossProfitRatio": 0,
        "researchAndDevelopmentExpenses": 0,
        "generalAndAdministrativeExpenses": 0,
        "sellingAndMarketingExpenses": 0,
        "sellingGeneralAndAdministrativeExpenses": 0,
        "otherExpenses": 871000000,
        "operatingExpenses": 871000000,
        "costAndExpenses": 871000000,
        "interestIncome": 0,
        "interestExpense": 0,
        "depreciationAndAmortization": 0,
        "ebitda": -1699000000,
        "ebitdaratio": -1.9506314581,
        "operatingIncome": -1699000000,
        "operatingIncomeRatio": -1.9506314581,
        "totalOtherIncomeExpensesNet": 0,
        "incomeBeforeTax": 0,
        "incomeBeforeTaxRatio": 0,
        "incomeTaxExpense": 0,
        "netIncome": 46000000,
        "netIncomeRatio": 0.0528128588,
        "eps": 1.08,
        "epsdiluted": 1.08,
        "weightedAverageShsOut": 42206046,
        "weightedAverageShsOutDil": 42696629,
        "link": "",
        "finalLink": ""
    },
    {
        "date": "1989-09-30",
        "symbol": "OC",
        "reportedCurrency": "USD",
        "cik": "0001370946",
        "fillingDate": "1989-09-30",
        "acceptedDate": "1989-09-29 20:00:00",
        "calendarYear": "1989",
        "period": "Q3",
        "revenue": 743000000,
        "costOfRevenue": 0,
        "grossProfit": 0,
        "grossProfitRatio": 0,
        "researchAndDevelopmentExpenses": 0,
        "generalAndAdministrativeExpenses": 0,
        "sellingAndMarketingExpenses": 0,
        "sellingGeneralAndAdministrativeExpenses": 0,
        "otherExpenses": 743000000,
        "operatingExpenses": 743000000,
        "costAndExpenses": 743000000,
        "interestIncome": 0,
        "interestExpense": 0,
        "depreciationAndAmortization": 0,
        "ebitda": 743000000,
        "ebitdaratio": 1,
        "operatingIncome": 743000000,
        "operatingIncomeRatio": 1,
        "totalOtherIncomeExpensesNet": 0,
        "incomeBeforeTax": 0,
        "incomeBeforeTaxRatio": 0,
        "incomeTaxExpense": 0,
        "netIncome": 38000000,
        "netIncomeRatio": 0.0511440108,
        "eps": 0.89,
        "epsdiluted": 0.89,
        "weightedAverageShsOut": 42696629,
        "weightedAverageShsOutDil": 42696629,
        "link": "",
        "finalLink": ""
    },
    {
        "date": "1989-06-30",
        "symbol": "OC",
        "reportedCurrency": "USD",
        "cik": "0001370946",
        "fillingDate": "1989-06-30",
        "acceptedDate": "1989-06-29 20:00:00",
        "calendarYear": "1989",
        "period": "Q2",
        "revenue": 721000000,
        "costOfRevenue": 0,
        "grossProfit": 0,
        "grossProfitRatio": 0,
        "researchAndDevelopmentExpenses": 0,
        "generalAndAdministrativeExpenses": 0,
        "sellingAndMarketingExpenses": 0,
        "sellingGeneralAndAdministrativeExpenses": 0,
        "otherExpenses": 721000000,
        "operatingExpenses": 721000000,
        "costAndExpenses": 721000000,
        "interestIncome": 0,
        "interestExpense": 0,
        "depreciationAndAmortization": 0,
        "ebitda": 721000000,
        "ebitdaratio": 1,
        "operatingIncome": 721000000,
        "operatingIncomeRatio": 1,
        "totalOtherIncomeExpensesNet": 0,
        "incomeBeforeTax": 0,
        "incomeBeforeTaxRatio": 0,
        "incomeTaxExpense": 0,
        "netIncome": 54000000,
        "netIncomeRatio": 0.0748959778,
        "eps": 1.28,
        "epsdiluted": 1.28,
        "weightedAverageShsOut": 42187500,
        "weightedAverageShsOutDil": 42187500,
        "link": "",
        "finalLink": ""
    },
    {
        "date": "1989-03-31",
        "symbol": "OC",
        "reportedCurrency": "USD",
        "cik": "0001370946",
        "fillingDate": "1989-03-31",
        "acceptedDate": "1989-03-30 19:00:00",
        "calendarYear": "1989",
        "period": "Q1",
        "revenue": 665000000,
        "costOfRevenue": 0,
        "grossProfit": 0,
        "grossProfitRatio": 0,
        "researchAndDevelopmentExpenses": 0,
        "generalAndAdministrativeExpenses": 0,
        "sellingAndMarketingExpenses": 0,
        "sellingGeneralAndAdministrativeExpenses": 0,
        "otherExpenses": 665000000,
        "operatingExpenses": 665000000,
        "costAndExpenses": 665000000,
        "interestIncome": 0,
        "interestExpense": 0,
        "depreciationAndAmortization": 0,
        "ebitda": 665000000,
        "ebitdaratio": 1,
        "operatingIncome": 665000000,
        "operatingIncomeRatio": 1,
        "totalOtherIncomeExpensesNet": 0,
        "incomeBeforeTax": 0,
        "incomeBeforeTaxRatio": 0,
        "incomeTaxExpense": 0,
        "netIncome": 34000000,
        "netIncomeRatio": 0.0511278195,
        "eps": 0.82,
        "epsdiluted": 0.82,
        "weightedAverageShsOut": 41463415,
        "weightedAverageShsOutDil": 41463415,
        "link": "",
        "finalLink": ""
    },
    {
        "date": "1988-12-31",
        "symbol": "OC",
        "reportedCurrency": "USD",
        "cik": "0001370946",
        "fillingDate": "1988-12-31",
        "acceptedDate": "1988-12-30 19:00:00",
        "calendarYear": "1988",
        "period": "Q4",
        "revenue": 704000000,
        "costOfRevenue": 0,
        "grossProfit": 0,
        "grossProfitRatio": 0,
        "researchAndDevelopmentExpenses": 0,
        "generalAndAdministrativeExpenses": 0,
        "sellingAndMarketingExpenses": 0,
        "sellingGeneralAndAdministrativeExpenses": 0,
        "otherExpenses": 704000000,
        "operatingExpenses": 704000000,
        "costAndExpenses": 704000000,
        "interestIncome": 0,
        "interestExpense": 0,
        "depreciationAndAmortization": 0,
        "ebitda": -1650000000,
        "ebitdaratio": -2.34375,
        "operatingIncome": -1650000000,
        "operatingIncomeRatio": -2.34375,
        "totalOtherIncomeExpensesNet": 0,
        "incomeBeforeTax": 0,
        "incomeBeforeTaxRatio": 0,
        "incomeTaxExpense": 0,
        "netIncome": 58000000,
        "netIncomeRatio": 0.0823863636,
        "eps": 1.38,
        "epsdiluted": 1.38,
        "weightedAverageShsOut": 41911765,
        "weightedAverageShsOutDil": 41911765,
        "link": "",
        "finalLink": ""
    },
    {
        "date": "1988-09-30",
        "symbol": "OC",
        "reportedCurrency": "USD",
        "cik": "0001370946",
        "fillingDate": "1988-09-30",
        "acceptedDate": "1988-09-29 20:00:00",
        "calendarYear": "1988",
        "period": "Q3",
        "revenue": 760000000,
        "costOfRevenue": 0,
        "grossProfit": 0,
        "grossProfitRatio": 0,
        "researchAndDevelopmentExpenses": 0,
        "generalAndAdministrativeExpenses": 0,
        "sellingAndMarketingExpenses": 0,
        "sellingGeneralAndAdministrativeExpenses": 0,
        "otherExpenses": 760000000,
        "operatingExpenses": 760000000,
        "costAndExpenses": 760000000,
        "interestIncome": 0,
        "interestExpense": 0,
        "depreciationAndAmortization": 0,
        "ebitda": 760000000,
        "ebitdaratio": 1,
        "operatingIncome": 760000000,
        "operatingIncomeRatio": 1,
        "totalOtherIncomeExpensesNet": 0,
        "incomeBeforeTax": 0,
        "incomeBeforeTaxRatio": 0,
        "incomeTaxExpense": 0,
        "netIncome": 57000000,
        "netIncomeRatio": 0.075,
        "eps": 1.36,
        "epsdiluted": 1.36,
        "weightedAverageShsOut": 41911765,
        "weightedAverageShsOutDil": 41911765,
        "link": "",
        "finalLink": ""
    },
    {
        "date": "1988-06-30",
        "symbol": "OC",
        "reportedCurrency": "USD",
        "cik": "0001370946",
        "fillingDate": "1988-06-30",
        "acceptedDate": "1988-06-29 20:00:00",
        "calendarYear": "1988",
        "period": "Q2",
        "revenue": 735000000,
        "costOfRevenue": 0,
        "grossProfit": 0,
        "grossProfitRatio": 0,
        "researchAndDevelopmentExpenses": 0,
        "generalAndAdministrativeExpenses": 0,
        "sellingAndMarketingExpenses": 0,
        "sellingGeneralAndAdministrativeExpenses": 0,
        "otherExpenses": 735000000,
        "operatingExpenses": 735000000,
        "costAndExpenses": 735000000,
        "interestIncome": 0,
        "interestExpense": 0,
        "depreciationAndAmortization": 0,
        "ebitda": 735000000,
        "ebitdaratio": 1,
        "operatingIncome": 735000000,
        "operatingIncomeRatio": 1,
        "totalOtherIncomeExpensesNet": 0,
        "incomeBeforeTax": 0,
        "incomeBeforeTaxRatio": 0,
        "incomeTaxExpense": 0,
        "netIncome": 52000000,
        "netIncomeRatio": 0.0707482993,
        "eps": 1.32,
        "epsdiluted": 1.32,
        "weightedAverageShsOut": 39393939,
        "weightedAverageShsOutDil": 39393939,
        "link": "",
        "finalLink": ""
    },
    {
        "date": "1988-03-31",
        "symbol": "OC",
        "reportedCurrency": "USD",
        "cik": "0001370946",
        "fillingDate": "1988-03-31",
        "acceptedDate": "1988-03-30 19:00:00",
        "calendarYear": "1988",
        "period": "Q1",
        "revenue": 632000000,
        "costOfRevenue": 0,
        "grossProfit": 0,
        "grossProfitRatio": 0,
        "researchAndDevelopmentExpenses": 0,
        "generalAndAdministrativeExpenses": 0,
        "sellingAndMarketingExpenses": 0,
        "sellingGeneralAndAdministrativeExpenses": 0,
        "otherExpenses": 632000000,
        "operatingExpenses": 632000000,
        "costAndExpenses": 632000000,
        "interestIncome": 0,
        "interestExpense": 0,
        "depreciationAndAmortization": 0,
        "ebitda": 632000000,
        "ebitdaratio": 1,
        "operatingIncome": 632000000,
        "operatingIncomeRatio": 1,
        "totalOtherIncomeExpensesNet": 0,
        "incomeBeforeTax": 0,
        "incomeBeforeTaxRatio": 0,
        "incomeTaxExpense": 0,
        "netIncome": 28000000,
        "netIncomeRatio": 0.0443037975,
        "eps": 0.66,
        "epsdiluted": 0.66,
        "weightedAverageShsOut": 42424242,
        "weightedAverageShsOutDil": 42424242,
        "link": "",
        "finalLink": ""
    }
]