[
    {
        "date": "2025-06-30",
        "symbol": "OI",
        "reportedCurrency": "USD",
        "cik": "0000812074",
        "fillingDate": "2025-07-30",
        "acceptedDate": "2025-07-30 16:31:09",
        "calendarYear": "2025",
        "period": "Q2",
        "revenue": 1706000000,
        "costOfRevenue": 1407000000,
        "grossProfit": 299000000,
        "grossProfitRatio": 0.1752637749,
        "researchAndDevelopmentExpenses": 12000000,
        "generalAndAdministrativeExpenses": 0,
        "sellingAndMarketingExpenses": 0,
        "sellingGeneralAndAdministrativeExpenses": 104000000,
        "otherExpenses": 0,
        "operatingExpenses": 116000000,
        "costAndExpenses": 1523000000,
        "interestIncome": 0,
        "interestExpense": 88000000,
        "depreciationAndAmortization": 120000000,
        "ebitda": 215000000,
        "ebitdaratio": 0.1260257913,
        "operatingIncome": 182000000,
        "operatingIncomeRatio": 0.1066822978,
        "totalOtherIncomeExpensesNet": -175000000,
        "incomeBeforeTax": 7000000,
        "incomeBeforeTaxRatio": 0.0041031653,
        "incomeTaxExpense": 6000000,
        "netIncome": -5000000,
        "netIncomeRatio": -0.0029308324,
        "eps": 0.5,
        "epsdiluted": 0.5,
        "weightedAverageShsOut": 153851000,
        "weightedAverageShsOutDil": 153851000,
        "link": "https://www.sec.gov/Archives/edgar/data/812074/000155837025009803/0001558370-25-009803-index.htm",
        "finalLink": "https://www.sec.gov/Archives/edgar/data/812074/000155837025009803/oi-20250630x10q.htm"
    },
    {
        "date": "2025-03-31",
        "symbol": "OI",
        "reportedCurrency": "USD",
        "cik": "0000812074",
        "fillingDate": "2025-04-30",
        "acceptedDate": "2025-04-30 16:30:29",
        "calendarYear": "2025",
        "period": "Q1",
        "revenue": 1567000000,
        "costOfRevenue": 1287000000,
        "grossProfit": 280000000,
        "grossProfitRatio": 0.1786853861,
        "researchAndDevelopmentExpenses": 13000000,
        "generalAndAdministrativeExpenses": 0,
        "sellingAndMarketingExpenses": 0,
        "sellingGeneralAndAdministrativeExpenses": 109000000,
        "otherExpenses": 0,
        "operatingExpenses": 122000000,
        "costAndExpenses": 1409000000,
        "interestIncome": 0,
        "interestExpense": 81000000,
        "depreciationAndAmortization": 118000000,
        "ebitda": 217000000,
        "ebitdaratio": 0.1384811742,
        "operatingIncome": 158000000,
        "operatingIncomeRatio": 0.1008296107,
        "totalOtherIncomeExpensesNet": -140000000,
        "incomeBeforeTax": 18000000,
        "incomeBeforeTaxRatio": 0.0114869177,
        "incomeTaxExpense": 30000000,
        "netIncome": -16000000,
        "netIncomeRatio": -0.0102105935,
        "eps": -0.1,
        "epsdiluted": -0.1,
        "weightedAverageShsOut": 153708000,
        "weightedAverageShsOutDil": 153708000,
        "link": "https://www.sec.gov/Archives/edgar/data/812074/000155837025006008/0001558370-25-006008-index.htm",
        "finalLink": "https://www.sec.gov/Archives/edgar/data/812074/000155837025006008/oi-20250331x10q.htm"
    },
    {
        "date": "2024-12-31",
        "symbol": "OI",
        "reportedCurrency": "USD",
        "cik": "0000812074",
        "fillingDate": "2025-02-12",
        "acceptedDate": "2025-02-12 16:31:33",
        "calendarYear": "2024",
        "period": "Q4",
        "revenue": 1529000000,
        "costOfRevenue": 1321000000,
        "grossProfit": 208000000,
        "grossProfitRatio": 0.1360366252,
        "researchAndDevelopmentExpenses": 18000000,
        "generalAndAdministrativeExpenses": 113000000,
        "sellingAndMarketingExpenses": 0,
        "sellingGeneralAndAdministrativeExpenses": 113000000,
        "otherExpenses": 7000000,
        "operatingExpenses": 138000000,
        "costAndExpenses": 1459000000,
        "interestIncome": 0,
        "interestExpense": 83000000,
        "depreciationAndAmortization": 109000000,
        "ebitda": 67000000,
        "ebitdaratio": 0.0438194899,
        "operatingIncome": 70000000,
        "operatingIncomeRatio": 0.0457815566,
        "totalOtherIncomeExpensesNet": -195000000,
        "incomeBeforeTax": -125000000,
        "incomeBeforeTaxRatio": -0.0817527796,
        "incomeTaxExpense": 24000000,
        "netIncome": -154000000,
        "netIncomeRatio": -0.1007194245,
        "eps": -1,
        "epsdiluted": -1,
        "weightedAverageShsOut": 152576000,
        "weightedAverageShsOutDil": 154619000,
        "link": "https://www.sec.gov/Archives/edgar/data/812074/000155837025000868/0001558370-25-000868-index.htm",
        "finalLink": "https://www.sec.gov/Archives/edgar/data/812074/000155837025000868/oi-20241231x10k.htm"
    },
    {
        "date": "2024-09-30",
        "symbol": "OI",
        "reportedCurrency": "USD",
        "cik": "0000812074",
        "fillingDate": "2024-10-30",
        "acceptedDate": "2024-10-30 16:30:52",
        "calendarYear": "2024",
        "period": "Q3",
        "revenue": 1679000000,
        "costOfRevenue": 1464000000,
        "grossProfit": 215000000,
        "grossProfitRatio": 0.1280524122,
        "researchAndDevelopmentExpenses": 20000000,
        "generalAndAdministrativeExpenses": 103000000,
        "sellingAndMarketingExpenses": 0,
        "sellingGeneralAndAdministrativeExpenses": 103000000,
        "otherExpenses": 7000000,
        "operatingExpenses": 130000000,
        "costAndExpenses": 1587000000,
        "interestIncome": 0,
        "interestExpense": 87000000,
        "depreciationAndAmortization": 127000000,
        "ebitda": 158000000,
        "ebitdaratio": 0.0941036331,
        "operatingIncome": 85000000,
        "operatingIncomeRatio": 0.0506253722,
        "totalOtherIncomeExpensesNet": -142000000,
        "incomeBeforeTax": -57000000,
        "incomeBeforeTaxRatio": -0.033948779,
        "incomeTaxExpense": 19000000,
        "netIncome": -80000000,
        "netIncomeRatio": -0.0476474092,
        "eps": -0.52,
        "epsdiluted": -0.52,
        "weightedAverageShsOut": 154619000,
        "weightedAverageShsOutDil": 154619000,
        "link": "https://www.sec.gov/Archives/edgar/data/812074/000155837024013964/0001558370-24-013964-index.htm",
        "finalLink": "https://www.sec.gov/Archives/edgar/data/812074/000155837024013964/oi-20240930x10q.htm"
    },
    {
        "date": "2024-06-30",
        "symbol": "OI",
        "reportedCurrency": "USD",
        "cik": "0000812074",
        "fillingDate": "2024-07-31",
        "acceptedDate": "2024-07-31 16:30:49",
        "calendarYear": "2024",
        "period": "Q2",
        "revenue": 1729000000,
        "costOfRevenue": 1430000000,
        "grossProfit": 299000000,
        "grossProfitRatio": 0.1729323308,
        "researchAndDevelopmentExpenses": 20000000,
        "generalAndAdministrativeExpenses": -5000000,
        "sellingAndMarketingExpenses": 110000000,
        "sellingGeneralAndAdministrativeExpenses": 105000000,
        "otherExpenses": 0,
        "operatingExpenses": 125000000,
        "costAndExpenses": 1555000000,
        "interestIncome": 0,
        "interestExpense": 87000000,
        "depreciationAndAmortization": 125000000,
        "ebitda": 299000000,
        "ebitdaratio": 0.1729323308,
        "operatingIncome": 174000000,
        "operatingIncomeRatio": 0.1006362059,
        "totalOtherIncomeExpensesNet": -70000000,
        "incomeBeforeTax": 104000000,
        "incomeBeforeTaxRatio": 0.0601503759,
        "incomeTaxExpense": 42000000,
        "netIncome": 57000000,
        "netIncomeRatio": 0.032967033,
        "eps": 0.37,
        "epsdiluted": 0.36,
        "weightedAverageShsOut": 155280000,
        "weightedAverageShsOutDil": 157382000,
        "link": "https://www.sec.gov/Archives/edgar/data/812074/000155837024010487/0001558370-24-010487-index.htm",
        "finalLink": "https://www.sec.gov/Archives/edgar/data/812074/000155837024010487/oi-20240630x10q.htm"
    },
    {
        "date": "2024-03-31",
        "symbol": "OI",
        "reportedCurrency": "USD",
        "cik": "0000812074",
        "fillingDate": "2024-05-01",
        "acceptedDate": "2024-05-01 16:30:55",
        "calendarYear": "2024",
        "period": "Q1",
        "revenue": 1593000000,
        "costOfRevenue": 1280000000,
        "grossProfit": 313000000,
        "grossProfitRatio": 0.1964846202,
        "researchAndDevelopmentExpenses": 21000000,
        "generalAndAdministrativeExpenses": -10000000,
        "sellingAndMarketingExpenses": 123000000,
        "sellingGeneralAndAdministrativeExpenses": 113000000,
        "otherExpenses": 0,
        "operatingExpenses": 134000000,
        "costAndExpenses": 1414000000,
        "interestIncome": 0,
        "interestExpense": 78000000,
        "depreciationAndAmortization": 125000000,
        "ebitda": 298000000,
        "ebitdaratio": 0.1870684244,
        "operatingIncome": 179000000,
        "operatingIncomeRatio": 0.1123666039,
        "totalOtherIncomeExpensesNet": -62000000,
        "incomeBeforeTax": 117000000,
        "incomeBeforeTaxRatio": 0.0734463277,
        "incomeTaxExpense": 41000000,
        "netIncome": 72000000,
        "netIncomeRatio": 0.0451977401,
        "eps": 0.47,
        "epsdiluted": 0.45,
        "weightedAverageShsOut": 154273000,
        "weightedAverageShsOutDil": 158467000,
        "link": "https://www.sec.gov/Archives/edgar/data/812074/000155837024006397/0001558370-24-006397-index.htm",
        "finalLink": "https://www.sec.gov/Archives/edgar/data/812074/000155837024006397/oi-20240331x10q.htm"
    },
    {
        "date": "2023-12-31",
        "symbol": "OI",
        "reportedCurrency": "USD",
        "cik": "0000812074",
        "fillingDate": "2024-02-14",
        "acceptedDate": "2024-02-14 16:31:33",
        "calendarYear": "2023",
        "period": "Q4",
        "revenue": 1641000000,
        "costOfRevenue": 1458000000,
        "grossProfit": 183000000,
        "grossProfitRatio": 0.1115173675,
        "researchAndDevelopmentExpenses": 26000000,
        "generalAndAdministrativeExpenses": 0,
        "sellingAndMarketingExpenses": 116000000,
        "sellingGeneralAndAdministrativeExpenses": 116000000,
        "otherExpenses": 0,
        "operatingExpenses": 142000000,
        "costAndExpenses": 1600000000,
        "interestIncome": 0,
        "interestExpense": 79000000,
        "depreciationAndAmortization": 114000000,
        "ebitda": -246000000,
        "ebitdaratio": -0.1499085923,
        "operatingIncome": 41000000,
        "operatingIncomeRatio": 0.0249847654,
        "totalOtherIncomeExpensesNet": -501000000,
        "incomeBeforeTax": -439000000,
        "incomeBeforeTaxRatio": -0.267519805,
        "incomeTaxExpense": 25000000,
        "netIncome": -470000000,
        "netIncomeRatio": -0.2864107252,
        "eps": -3.05,
        "epsdiluted": -3.05,
        "weightedAverageShsOut": 154223000,
        "weightedAverageShsOutDil": 154223000,
        "link": "https://www.sec.gov/Archives/edgar/data/812074/000155837024001165/0001558370-24-001165-index.htm",
        "finalLink": "https://www.sec.gov/Archives/edgar/data/812074/000155837024001165/oi-20231231x10k.htm"
    },
    {
        "date": "2023-09-30",
        "symbol": "OI",
        "reportedCurrency": "USD",
        "cik": "0000812074",
        "fillingDate": "2023-11-01",
        "acceptedDate": "2023-11-01 16:30:57",
        "calendarYear": "2023",
        "period": "Q3",
        "revenue": 1743000000,
        "costOfRevenue": 1379000000,
        "grossProfit": 364000000,
        "grossProfitRatio": 0.2088353414,
        "researchAndDevelopmentExpenses": 24000000,
        "generalAndAdministrativeExpenses": 0,
        "sellingAndMarketingExpenses": 134000000,
        "sellingGeneralAndAdministrativeExpenses": 134000000,
        "otherExpenses": 0,
        "operatingExpenses": 158000000,
        "costAndExpenses": 1537000000,
        "interestIncome": 0,
        "interestExpense": 78000000,
        "depreciationAndAmortization": 127000000,
        "ebitda": 329000000,
        "ebitdaratio": 0.1887550201,
        "operatingIncome": 206000000,
        "operatingIncomeRatio": 0.1181870338,
        "totalOtherIncomeExpensesNet": -124000000,
        "incomeBeforeTax": 82000000,
        "incomeBeforeTaxRatio": 0.0470453242,
        "incomeTaxExpense": 26000000,
        "netIncome": 51000000,
        "netIncomeRatio": 0.0292598967,
        "eps": 0.33,
        "epsdiluted": 0.32,
        "weightedAverageShsOut": 154702000,
        "weightedAverageShsOutDil": 159285000,
        "link": "https://www.sec.gov/Archives/edgar/data/812074/000155837023017248/0001558370-23-017248-index.htm",
        "finalLink": "https://www.sec.gov/Archives/edgar/data/812074/000155837023017248/oi-20230930x10q.htm"
    },
    {
        "date": "2023-06-30",
        "symbol": "OI",
        "reportedCurrency": "USD",
        "cik": "0000812074",
        "fillingDate": "2023-08-02",
        "acceptedDate": "2023-08-02 16:30:50",
        "calendarYear": "2023",
        "period": "Q2",
        "revenue": 1890000000,
        "costOfRevenue": 1474000000,
        "grossProfit": 416000000,
        "grossProfitRatio": 0.2201058201,
        "researchAndDevelopmentExpenses": 22000000,
        "generalAndAdministrativeExpenses": 0,
        "sellingAndMarketingExpenses": 143000000,
        "sellingGeneralAndAdministrativeExpenses": 143000000,
        "otherExpenses": 0,
        "operatingExpenses": 165000000,
        "costAndExpenses": 1639000000,
        "interestIncome": 0,
        "interestExpense": 118000000,
        "depreciationAndAmortization": 124000000,
        "ebitda": 368000000,
        "ebitdaratio": 0.1947089947,
        "operatingIncome": 251000000,
        "operatingIncomeRatio": 0.1328042328,
        "totalOtherIncomeExpensesNet": -97000000,
        "incomeBeforeTax": 154000000,
        "incomeBeforeTaxRatio": 0.0814814815,
        "incomeTaxExpense": 41000000,
        "netIncome": 110000000,
        "netIncomeRatio": 0.0582010582,
        "eps": 0.71,
        "epsdiluted": 0.69,
        "weightedAverageShsOut": 154989000,
        "weightedAverageShsOutDil": 159328000,
        "link": "https://www.sec.gov/Archives/edgar/data/812074/000155837023012937/0001558370-23-012937-index.htm",
        "finalLink": "https://www.sec.gov/Archives/edgar/data/812074/000155837023012937/oi-20230630x10q.htm"
    },
    {
        "date": "2023-03-31",
        "symbol": "OI",
        "reportedCurrency": "USD",
        "cik": "0000812074",
        "fillingDate": "2023-04-26",
        "acceptedDate": "2023-04-26 16:30:54",
        "calendarYear": "2023",
        "period": "Q1",
        "revenue": 1831000000,
        "costOfRevenue": 1347000000,
        "grossProfit": 484000000,
        "grossProfitRatio": 0.2643364282,
        "researchAndDevelopmentExpenses": 19000000,
        "generalAndAdministrativeExpenses": 0,
        "sellingAndMarketingExpenses": 147000000,
        "sellingGeneralAndAdministrativeExpenses": 147000000,
        "otherExpenses": 0,
        "operatingExpenses": 166000000,
        "costAndExpenses": 1513000000,
        "interestIncome": 0,
        "interestExpense": 68000000,
        "depreciationAndAmortization": 118000000,
        "ebitda": 425000000,
        "ebitdaratio": 0.2321135991,
        "operatingIncome": 338000000,
        "operatingIncomeRatio": 0.18459858,
        "totalOtherIncomeExpensesNet": -68000000,
        "incomeBeforeTax": 270000000,
        "incomeBeforeTaxRatio": 0.1474604042,
        "incomeTaxExpense": 60000000,
        "netIncome": 206000000,
        "netIncomeRatio": 0.1125068269,
        "eps": 1.33,
        "epsdiluted": 1.29,
        "weightedAverageShsOut": 154696000,
        "weightedAverageShsOutDil": 159094000,
        "link": "https://www.sec.gov/Archives/edgar/data/812074/000155837023006862/0001558370-23-006862-index.htm",
        "finalLink": "https://www.sec.gov/Archives/edgar/data/812074/000155837023006862/oi-20230331x10q.htm"
    },
    {
        "date": "2022-12-31",
        "symbol": "OI",
        "reportedCurrency": "USD",
        "cik": "0000812074",
        "fillingDate": "2023-02-08",
        "acceptedDate": "2023-02-08 16:31:02",
        "calendarYear": "2022",
        "period": "Q4",
        "revenue": 1693000000,
        "costOfRevenue": 1434000000,
        "grossProfit": 259000000,
        "grossProfitRatio": 0.1529828706,
        "researchAndDevelopmentExpenses": 23000000,
        "generalAndAdministrativeExpenses": 15000000,
        "sellingAndMarketingExpenses": 125000000,
        "sellingGeneralAndAdministrativeExpenses": 126000000,
        "otherExpenses": 0,
        "operatingExpenses": 149000000,
        "costAndExpenses": 1583000000,
        "interestIncome": 64000000,
        "interestExpense": 64000000,
        "depreciationAndAmortization": 48000000,
        "ebitda": 136000000,
        "ebitdaratio": 0.0803307738,
        "operatingIncome": 93000000,
        "operatingIncomeRatio": 0.0549320732,
        "totalOtherIncomeExpensesNet": -70000000,
        "incomeBeforeTax": 29000000,
        "incomeBeforeTaxRatio": 0.0171293562,
        "incomeTaxExpense": 14000000,
        "netIncome": 13000000,
        "netIncomeRatio": 0.0076786769,
        "eps": 0.0841,
        "epsdiluted": 0.0816,
        "weightedAverageShsOut": 154604000,
        "weightedAverageShsOutDil": 159271000,
        "link": "https://www.sec.gov/Archives/edgar/data/812074/000155837023001030/0001558370-23-001030-index.htm",
        "finalLink": "https://www.sec.gov/Archives/edgar/data/812074/000155837023001030/oi-20221231x10k.htm"
    },
    {
        "date": "2022-09-30",
        "symbol": "OI",
        "reportedCurrency": "USD",
        "cik": "0000812074",
        "fillingDate": "2022-11-02",
        "acceptedDate": "2022-11-02 16:31:21",
        "calendarYear": "2022",
        "period": "Q3",
        "revenue": 1693000000,
        "costOfRevenue": 1368000000,
        "grossProfit": 325000000,
        "grossProfitRatio": 0.1919669226,
        "researchAndDevelopmentExpenses": 14000000,
        "generalAndAdministrativeExpenses": 5000000,
        "sellingAndMarketingExpenses": 123000000,
        "sellingGeneralAndAdministrativeExpenses": 128000000,
        "otherExpenses": 0,
        "operatingExpenses": 142000000,
        "costAndExpenses": 1510000000,
        "interestIncome": 0,
        "interestExpense": 63000000,
        "depreciationAndAmortization": 115000000,
        "ebitda": 297000000,
        "ebitdaratio": 0.1754282339,
        "operatingIncome": 341000000,
        "operatingIncomeRatio": 0.2014176019,
        "totalOtherIncomeExpensesNet": -63000000,
        "incomeBeforeTax": 278000000,
        "incomeBeforeTaxRatio": 0.1642055523,
        "incomeTaxExpense": 43000000,
        "netIncome": 231000000,
        "netIncomeRatio": 0.1364441819,
        "eps": 1.49,
        "epsdiluted": 1.45,
        "weightedAverageShsOut": 155115000,
        "weightedAverageShsOutDil": 158935000,
        "link": "https://www.sec.gov/Archives/edgar/data/812074/000155837022016014/0001558370-22-016014-index.htm",
        "finalLink": "https://www.sec.gov/Archives/edgar/data/812074/000155837022016014/oi-20220930x10q.htm"
    },
    {
        "date": "2022-06-30",
        "symbol": "OI",
        "reportedCurrency": "USD",
        "cik": "0000812074",
        "fillingDate": "2022-08-03",
        "acceptedDate": "2022-08-03 16:31:06",
        "calendarYear": "2022",
        "period": "Q2",
        "revenue": 1778000000,
        "costOfRevenue": 1453000000,
        "grossProfit": 325000000,
        "grossProfitRatio": 0.1827896513,
        "researchAndDevelopmentExpenses": 20000000,
        "generalAndAdministrativeExpenses": 0,
        "sellingAndMarketingExpenses": 0,
        "sellingGeneralAndAdministrativeExpenses": 123000000,
        "otherExpenses": 0,
        "operatingExpenses": 143000000,
        "costAndExpenses": 1596000000,
        "interestIncome": 0,
        "interestExpense": 46000000,
        "depreciationAndAmortization": 116000000,
        "ebitda": 298000000,
        "ebitdaratio": 0.1676040495,
        "operatingIncome": 182000000,
        "operatingIncomeRatio": 0.1023622047,
        "totalOtherIncomeExpensesNet": 146000000,
        "incomeBeforeTax": 328000000,
        "incomeBeforeTaxRatio": 0.1844769404,
        "incomeTaxExpense": 72000000,
        "netIncome": 252000000,
        "netIncomeRatio": 0.1417322835,
        "eps": 1.62,
        "epsdiluted": 1.59,
        "weightedAverageShsOut": 155683000,
        "weightedAverageShsOutDil": 158951000,
        "link": "https://www.sec.gov/Archives/edgar/data/812074/000155837022011903/0001558370-22-011903-index.htm",
        "finalLink": "https://www.sec.gov/Archives/edgar/data/812074/000155837022011903/oi-20220630x10q.htm"
    },
    {
        "date": "2022-03-31",
        "symbol": "OI",
        "reportedCurrency": "USD",
        "cik": "0000812074",
        "fillingDate": "2022-04-26",
        "acceptedDate": "2022-04-26 16:30:50",
        "calendarYear": "2022",
        "period": "Q1",
        "revenue": 1692000000,
        "costOfRevenue": 1388000000,
        "grossProfit": 304000000,
        "grossProfitRatio": 0.1796690307,
        "researchAndDevelopmentExpenses": 23000000,
        "generalAndAdministrativeExpenses": 0,
        "sellingAndMarketingExpenses": 0,
        "sellingGeneralAndAdministrativeExpenses": 119000000,
        "otherExpenses": 0,
        "operatingExpenses": 142000000,
        "costAndExpenses": 1530000000,
        "interestIncome": 0,
        "interestExpense": 66000000,
        "depreciationAndAmortization": 116000000,
        "ebitda": 274000000,
        "ebitdaratio": 0.1619385343,
        "operatingIncome": 236000000,
        "operatingIncomeRatio": 0.1394799054,
        "totalOtherIncomeExpensesNet": -66000000,
        "incomeBeforeTax": 170000000,
        "incomeBeforeTaxRatio": 0.1004728132,
        "incomeTaxExpense": 48000000,
        "netIncome": 122000000,
        "netIncomeRatio": 0.0721040189,
        "eps": 0.78,
        "epsdiluted": 0.77,
        "weightedAverageShsOut": 155849000,
        "weightedAverageShsOutDil": 158798000,
        "link": "https://www.sec.gov/Archives/edgar/data/812074/000155837022005984/0001558370-22-005984-index.htm",
        "finalLink": "https://www.sec.gov/Archives/edgar/data/812074/000155837022005984/oi-20220331x10q.htm"
    },
    {
        "date": "2021-12-31",
        "symbol": "OI",
        "reportedCurrency": "USD",
        "cik": "0000812074",
        "fillingDate": "2022-02-09",
        "acceptedDate": "2022-02-09 06:46:45",
        "calendarYear": "2021",
        "period": "Q4",
        "revenue": 1588000000,
        "costOfRevenue": 1350000000,
        "grossProfit": 238000000,
        "grossProfitRatio": 0.1498740554,
        "researchAndDevelopmentExpenses": 25000000,
        "generalAndAdministrativeExpenses": 0,
        "sellingAndMarketingExpenses": 0,
        "sellingGeneralAndAdministrativeExpenses": 108000000,
        "otherExpenses": 0,
        "operatingExpenses": 133000000,
        "costAndExpenses": 1483000000,
        "interestIncome": 0,
        "interestExpense": 63000000,
        "depreciationAndAmortization": 52000000,
        "ebitda": 185000000,
        "ebitdaratio": 0.1164987406,
        "operatingIncome": 41000000,
        "operatingIncomeRatio": 0.0258186398,
        "totalOtherIncomeExpensesNet": -38000000,
        "incomeBeforeTax": 71000000,
        "incomeBeforeTaxRatio": 0.0447103275,
        "incomeTaxExpense": 23000000,
        "netIncome": 43000000,
        "netIncomeRatio": 0.0270780856,
        "eps": 0.28,
        "epsdiluted": 0.27,
        "weightedAverageShsOut": 156318000,
        "weightedAverageShsOutDil": 159823000,
        "link": "https://www.sec.gov/Archives/edgar/data/812074/000155837022000923/0001558370-22-000923-index.htm",
        "finalLink": "https://www.sec.gov/Archives/edgar/data/812074/000155837022000923/oi-20211231x10k.htm"
    },
    {
        "date": "2021-09-30",
        "symbol": "OI",
        "reportedCurrency": "USD",
        "cik": "0000812074",
        "fillingDate": "2021-10-26",
        "acceptedDate": "2021-10-26 16:31:28",
        "calendarYear": "2021",
        "period": "Q3",
        "revenue": 1609000000,
        "costOfRevenue": 1307000000,
        "grossProfit": 302000000,
        "grossProfitRatio": 0.18769422,
        "researchAndDevelopmentExpenses": 19000000,
        "generalAndAdministrativeExpenses": 0,
        "sellingAndMarketingExpenses": 0,
        "sellingGeneralAndAdministrativeExpenses": 108000000,
        "otherExpenses": 0,
        "operatingExpenses": 127000000,
        "costAndExpenses": 1434000000,
        "interestIncome": 0,
        "interestExpense": 50000000,
        "depreciationAndAmortization": 117000000,
        "ebitda": 289000000,
        "ebitdaratio": 0.1796146675,
        "operatingIncome": 166000000,
        "operatingIncomeRatio": 0.1031696706,
        "totalOtherIncomeExpensesNet": -46000000,
        "incomeBeforeTax": 127000000,
        "incomeBeforeTaxRatio": 0.0789310131,
        "incomeTaxExpense": 43000000,
        "netIncome": 85000000,
        "netIncomeRatio": 0.0528278434,
        "eps": 0.54,
        "epsdiluted": 0.53,
        "weightedAverageShsOut": 156825000,
        "weightedAverageShsOutDil": 160511000,
        "link": "https://www.sec.gov/Archives/edgar/data/812074/000155837021013512/0001558370-21-013512-index.htm",
        "finalLink": "https://www.sec.gov/Archives/edgar/data/812074/000155837021013512/oi-20210930x10q.htm"
    },
    {
        "date": "2021-06-30",
        "symbol": "OI",
        "reportedCurrency": "USD",
        "cik": "0000812074",
        "fillingDate": "2021-08-04",
        "acceptedDate": "2021-08-04 16:36:03",
        "calendarYear": "2021",
        "period": "Q2",
        "revenue": 1660000000,
        "costOfRevenue": 1354000000,
        "grossProfit": 306000000,
        "grossProfitRatio": 0.1843373494,
        "researchAndDevelopmentExpenses": 19000000,
        "generalAndAdministrativeExpenses": 0,
        "sellingAndMarketingExpenses": 0,
        "sellingGeneralAndAdministrativeExpenses": 116000000,
        "otherExpenses": 0,
        "operatingExpenses": 135000000,
        "costAndExpenses": 1489000000,
        "interestIncome": 0,
        "interestExpense": 52000000,
        "depreciationAndAmortization": 117000000,
        "ebitda": 285000000,
        "ebitdaratio": 0.171686747,
        "operatingIncome": 179000000,
        "operatingIncomeRatio": 0.1078313253,
        "totalOtherIncomeExpensesNet": -33000000,
        "incomeBeforeTax": 198000000,
        "incomeBeforeTaxRatio": 0.1192771084,
        "incomeTaxExpense": 75000000,
        "netIncome": 118000000,
        "netIncomeRatio": 0.0710843373,
        "eps": 0.75,
        "epsdiluted": 0.73,
        "weightedAverageShsOut": 157902000,
        "weightedAverageShsOutDil": 160791000,
        "link": "https://www.sec.gov/Archives/edgar/data/812074/000155837021010240/0001558370-21-010240-index.htm",
        "finalLink": "https://www.sec.gov/Archives/edgar/data/812074/000155837021010240/oi-20210630x10q.htm"
    },
    {
        "date": "2021-03-31",
        "symbol": "OI",
        "reportedCurrency": "USD",
        "cik": "0000812074",
        "fillingDate": "2021-04-30",
        "acceptedDate": "2021-04-30 16:32:38",
        "calendarYear": "2021",
        "period": "Q1",
        "revenue": 1500000000,
        "costOfRevenue": 1256000000,
        "grossProfit": 244000000,
        "grossProfitRatio": 0.1626666667,
        "researchAndDevelopmentExpenses": 18000000,
        "generalAndAdministrativeExpenses": 0,
        "sellingAndMarketingExpenses": 0,
        "sellingGeneralAndAdministrativeExpenses": 102000000,
        "otherExpenses": 0,
        "operatingExpenses": 120000000,
        "costAndExpenses": 1376000000,
        "interestIncome": 0,
        "interestExpense": 51000000,
        "depreciationAndAmortization": 115000000,
        "ebitda": 102000000,
        "ebitdaratio": 0.068,
        "operatingIncome": -39000000,
        "operatingIncomeRatio": -0.026,
        "totalOtherIncomeExpensesNet": -26000000,
        "incomeBeforeTax": -65000000,
        "incomeBeforeTaxRatio": -0.0433333333,
        "incomeTaxExpense": 26000000,
        "netIncome": -97000000,
        "netIncomeRatio": -0.0646666667,
        "eps": -0.62,
        "epsdiluted": -0.62,
        "weightedAverageShsOut": 156451612,
        "weightedAverageShsOutDil": 157571000,
        "link": "https://www.sec.gov/Archives/edgar/data/812074/000155837021005420/0001558370-21-005420-index.htm",
        "finalLink": "https://www.sec.gov/Archives/edgar/data/812074/000155837021005420/oi-20210331x10q.htm"
    },
    {
        "date": "2020-12-31",
        "symbol": "OI",
        "reportedCurrency": "USD",
        "cik": "0000812074",
        "fillingDate": "2021-02-16",
        "acceptedDate": "2021-02-16 06:48:52",
        "calendarYear": "2020",
        "period": "Q4",
        "revenue": 1497000000,
        "costOfRevenue": 1232000000,
        "grossProfit": 265000000,
        "grossProfitRatio": 0.1770207081,
        "researchAndDevelopmentExpenses": 30000000,
        "generalAndAdministrativeExpenses": 0,
        "sellingAndMarketingExpenses": 0,
        "sellingGeneralAndAdministrativeExpenses": 95000000,
        "otherExpenses": 0,
        "operatingExpenses": 125000000,
        "costAndExpenses": 1357000000,
        "interestIncome": 0,
        "interestExpense": 53000000,
        "depreciationAndAmortization": 119000000,
        "ebitda": 118000000,
        "ebitdaratio": 0.0788243153,
        "operatingIncome": 129000000,
        "operatingIncomeRatio": 0.0861723447,
        "totalOtherIncomeExpensesNet": -97000000,
        "incomeBeforeTax": 14000000,
        "incomeBeforeTaxRatio": 0.0093520374,
        "incomeTaxExpense": 39000000,
        "netIncome": -29000000,
        "netIncomeRatio": -0.0193720775,
        "eps": -0.19,
        "epsdiluted": -0.18,
        "weightedAverageShsOut": 154302923,
        "weightedAverageShsOutDil": 157274000,
        "link": "https://www.sec.gov/Archives/edgar/data/812074/000155837021001009/0001558370-21-001009-index.htm",
        "finalLink": "https://www.sec.gov/Archives/edgar/data/812074/000155837021001009/oi-20201231x10k.htm"
    },
    {
        "date": "2020-09-30",
        "symbol": "OI",
        "reportedCurrency": "USD",
        "cik": "0000812074",
        "fillingDate": "2020-10-28",
        "acceptedDate": "2020-10-28 16:36:44",
        "calendarYear": "2020",
        "period": "Q3",
        "revenue": 1616000000,
        "costOfRevenue": 1339000000,
        "grossProfit": 277000000,
        "grossProfitRatio": 0.1714108911,
        "researchAndDevelopmentExpenses": 16000000,
        "generalAndAdministrativeExpenses": 0,
        "sellingAndMarketingExpenses": 0,
        "sellingGeneralAndAdministrativeExpenses": 95000000,
        "otherExpenses": 0,
        "operatingExpenses": 111000000,
        "costAndExpenses": 1450000000,
        "interestIncome": 0,
        "interestExpense": 61000000,
        "depreciationAndAmortization": 116000000,
        "ebitda": 265000000,
        "ebitdaratio": 0.1639851485,
        "operatingIncome": 158000000,
        "operatingIncomeRatio": 0.0977722772,
        "totalOtherIncomeExpensesNet": 41000000,
        "incomeBeforeTax": 376000000,
        "incomeBeforeTaxRatio": 0.2326732673,
        "incomeTaxExpense": 41000000,
        "netIncome": 328000000,
        "netIncomeRatio": 0.202970297,
        "eps": 2.09,
        "epsdiluted": 2.06,
        "weightedAverageShsOut": 157073000,
        "weightedAverageShsOutDil": 159299000,
        "link": "https://www.sec.gov/Archives/edgar/data/812074/000155837020011894/0001558370-20-011894-index.htm",
        "finalLink": "https://www.sec.gov/Archives/edgar/data/812074/000155837020011894/oi-20200930x10q.htm"
    },
    {
        "date": "2020-06-30",
        "symbol": "OI",
        "reportedCurrency": "USD",
        "cik": "0000812074",
        "fillingDate": "2020-08-05",
        "acceptedDate": "2020-08-05 16:17:41",
        "calendarYear": "2020",
        "period": "Q2",
        "revenue": 1418000000,
        "costOfRevenue": 1255000000,
        "grossProfit": 163000000,
        "grossProfitRatio": 0.1149506347,
        "researchAndDevelopmentExpenses": 13000000,
        "generalAndAdministrativeExpenses": 0,
        "sellingAndMarketingExpenses": 0,
        "sellingGeneralAndAdministrativeExpenses": 97000000,
        "otherExpenses": -6000000,
        "operatingExpenses": 115000000,
        "costAndExpenses": 1370000000,
        "interestIncome": 0,
        "interestExpense": 98000000,
        "depreciationAndAmortization": 121000000,
        "ebitda": 101000000,
        "ebitdaratio": 0.0712270804,
        "operatingIncome": 48000000,
        "operatingIncomeRatio": 0.0338504937,
        "totalOtherIncomeExpensesNet": -167000000,
        "incomeBeforeTax": -119000000,
        "incomeBeforeTaxRatio": -0.0839210155,
        "incomeTaxExpense": -18000000,
        "netIncome": -101000000,
        "netIncomeRatio": -0.0712270804,
        "eps": -0.64,
        "epsdiluted": -0.64,
        "weightedAverageShsOut": 156790000,
        "weightedAverageShsOutDil": 156790000,
        "link": "https://www.sec.gov/Archives/edgar/data/812074/000155837020009400/0001558370-20-009400-index.htm",
        "finalLink": "https://www.sec.gov/Archives/edgar/data/812074/000155837020009400/oi-20200630x10q.htm"
    },
    {
        "date": "2020-03-31",
        "symbol": "OI",
        "reportedCurrency": "USD",
        "cik": "0000812074",
        "fillingDate": "2020-04-29",
        "acceptedDate": "2020-04-29 16:33:19",
        "calendarYear": "2020",
        "period": "Q1",
        "revenue": 1561000000,
        "costOfRevenue": 1293000000,
        "grossProfit": 268000000,
        "grossProfitRatio": 0.1716848174,
        "researchAndDevelopmentExpenses": 16000000,
        "generalAndAdministrativeExpenses": 116000000,
        "sellingAndMarketingExpenses": 0,
        "sellingGeneralAndAdministrativeExpenses": 116000000,
        "otherExpenses": 0,
        "operatingExpenses": 132000000,
        "costAndExpenses": 1425000000,
        "interestIncome": 0,
        "interestExpense": 53000000,
        "depreciationAndAmortization": 126000000,
        "ebitda": 260000000,
        "ebitdaratio": 0.1665598975,
        "operatingIncome": 126000000,
        "operatingIncomeRatio": 0.0807174888,
        "totalOtherIncomeExpensesNet": -45000000,
        "incomeBeforeTax": 81000000,
        "incomeBeforeTaxRatio": 0.0518898142,
        "incomeTaxExpense": 26000000,
        "netIncome": 50000000,
        "netIncomeRatio": 0.0320307495,
        "eps": 0.32,
        "epsdiluted": 0.32,
        "weightedAverageShsOut": 156081000,
        "weightedAverageShsOutDil": 157684000,
        "link": "https://www.sec.gov/Archives/edgar/data/812074/000155837020004649/0001558370-20-004649-index.htm",
        "finalLink": "https://www.sec.gov/Archives/edgar/data/812074/000155837020004649/oi-20200429x10q.htm"
    },
    {
        "date": "2019-12-31",
        "symbol": "OI",
        "reportedCurrency": "USD",
        "cik": "0000812074",
        "fillingDate": "2020-02-21",
        "acceptedDate": "2020-02-21 06:24:46",
        "calendarYear": "2019",
        "period": "Q4",
        "revenue": 1628000000,
        "costOfRevenue": 1352000000,
        "grossProfit": 276000000,
        "grossProfitRatio": 0.1695331695,
        "researchAndDevelopmentExpenses": 18000000,
        "generalAndAdministrativeExpenses": 100000000,
        "sellingAndMarketingExpenses": -1000000,
        "sellingGeneralAndAdministrativeExpenses": 99000000,
        "otherExpenses": 0,
        "operatingExpenses": 117000000,
        "costAndExpenses": 1469000000,
        "interestIncome": 0,
        "interestExpense": 96000000,
        "depreciationAndAmortization": 129000000,
        "ebitda": 280000000,
        "ebitdaratio": 0.171990172,
        "operatingIncome": 148000000,
        "operatingIncomeRatio": 0.0909090909,
        "totalOtherIncomeExpensesNet": -93000000,
        "incomeBeforeTax": 65000000,
        "incomeBeforeTaxRatio": 0.0399262899,
        "incomeTaxExpense": 32000000,
        "netIncome": 31000000,
        "netIncomeRatio": 0.019041769,
        "eps": 0.2,
        "epsdiluted": 0.2,
        "weightedAverageShsOut": 155747000,
        "weightedAverageShsOutDil": 156907000,
        "link": "https://www.sec.gov/Archives/edgar/data/812074/000155837020001125/0001558370-20-001125-index.htm",
        "finalLink": "https://www.sec.gov/Archives/edgar/data/812074/000155837020001125/oi-20191231x10keddfad.htm"
    },
    {
        "date": "2019-09-30",
        "symbol": "OI",
        "reportedCurrency": "USD",
        "cik": "0000812074",
        "fillingDate": "2019-10-29",
        "acceptedDate": "2019-10-29 19:19:37",
        "calendarYear": "2019",
        "period": "Q3",
        "revenue": 1670000000,
        "costOfRevenue": 1371000000,
        "grossProfit": 299000000,
        "grossProfitRatio": 0.1790419162,
        "researchAndDevelopmentExpenses": 16000000,
        "generalAndAdministrativeExpenses": 108000000,
        "sellingAndMarketingExpenses": 0,
        "sellingGeneralAndAdministrativeExpenses": 108000000,
        "otherExpenses": 0,
        "operatingExpenses": 124000000,
        "costAndExpenses": 1495000000,
        "interestIncome": 0,
        "interestExpense": 83000000,
        "depreciationAndAmortization": 127000000,
        "ebitda": -567000000,
        "ebitdaratio": -0.3395209581,
        "operatingIncome": 164000000,
        "operatingIncomeRatio": 0.0982035928,
        "totalOtherIncomeExpensesNet": -700000000,
        "incomeBeforeTax": -536000000,
        "incomeBeforeTaxRatio": -0.3209580838,
        "incomeTaxExpense": 31000000,
        "netIncome": -575000000,
        "netIncomeRatio": -0.3443113772,
        "eps": -3.7,
        "epsdiluted": -3.7,
        "weightedAverageShsOut": 155536000,
        "weightedAverageShsOutDil": 155536000,
        "link": "https://www.sec.gov/Archives/edgar/data/812074/000155837019009317/0001558370-19-009317-index.htm",
        "finalLink": "https://www.sec.gov/Archives/edgar/data/812074/000155837019009317/oi-20190930x10q.htm"
    },
    {
        "date": "2019-06-30",
        "symbol": "OI",
        "reportedCurrency": "USD",
        "cik": "0000812074",
        "fillingDate": "2019-08-01",
        "acceptedDate": "2019-08-01 16:29:16",
        "calendarYear": "2019",
        "period": "Q2",
        "revenue": 1756000000,
        "costOfRevenue": 1420000000,
        "grossProfit": 336000000,
        "grossProfitRatio": 0.1913439636,
        "researchAndDevelopmentExpenses": 18000000,
        "generalAndAdministrativeExpenses": 116000000,
        "sellingAndMarketingExpenses": 0,
        "sellingGeneralAndAdministrativeExpenses": 116000000,
        "otherExpenses": 0,
        "operatingExpenses": 134000000,
        "costAndExpenses": 1554000000,
        "interestIncome": 0,
        "interestExpense": 68000000,
        "depreciationAndAmortization": 127000000,
        "ebitda": 293000000,
        "ebitdaratio": 0.166856492,
        "operatingIncome": 192000000,
        "operatingIncomeRatio": 0.1093394077,
        "totalOtherIncomeExpensesNet": -106000000,
        "incomeBeforeTax": 98000000,
        "incomeBeforeTaxRatio": 0.055808656,
        "incomeTaxExpense": 27000000,
        "netIncome": 65000000,
        "netIncomeRatio": 0.0370159453,
        "eps": 0.42,
        "epsdiluted": 0.42,
        "weightedAverageShsOut": 155338000,
        "weightedAverageShsOutDil": 156471000,
        "link": "https://www.sec.gov/Archives/edgar/data/812074/000155837019006829/0001558370-19-006829-index.htm",
        "finalLink": "https://www.sec.gov/Archives/edgar/data/812074/000155837019006829/oi-20190630x10q.htm"
    },
    {
        "date": "2019-03-31",
        "symbol": "OI",
        "reportedCurrency": "USD",
        "cik": "0000812074",
        "fillingDate": "2019-05-02",
        "acceptedDate": "2019-05-02 16:31:43",
        "calendarYear": "2019",
        "period": "Q1",
        "revenue": 1638000000,
        "costOfRevenue": 1340000000,
        "grossProfit": 298000000,
        "grossProfitRatio": 0.1819291819,
        "researchAndDevelopmentExpenses": 16000000,
        "generalAndAdministrativeExpenses": 115000000,
        "sellingAndMarketingExpenses": 0,
        "sellingGeneralAndAdministrativeExpenses": 115000000,
        "otherExpenses": 0,
        "operatingExpenses": 131000000,
        "costAndExpenses": 1471000000,
        "interestIncome": 0,
        "interestExpense": 65000000,
        "depreciationAndAmortization": 126000000,
        "ebitda": 302000000,
        "ebitdaratio": 0.1843711844,
        "operatingIncome": 92000000,
        "operatingIncomeRatio": 0.0561660562,
        "totalOtherIncomeExpensesNet": -46000000,
        "incomeBeforeTax": 111000000,
        "incomeBeforeTaxRatio": 0.0677655678,
        "incomeTaxExpense": 27000000,
        "netIncome": 79000000,
        "netIncomeRatio": 0.0482295482,
        "eps": 0.51,
        "epsdiluted": 0.51,
        "weightedAverageShsOut": 154361000,
        "weightedAverageShsOutDil": 156635000,
        "link": "https://www.sec.gov/Archives/edgar/data/812074/000155837019003878/0001558370-19-003878-index.htm",
        "finalLink": "https://www.sec.gov/Archives/edgar/data/812074/000155837019003878/oi-20190331x10q.htm"
    },
    {
        "date": "2018-12-31",
        "symbol": "OI",
        "reportedCurrency": "USD",
        "cik": "0000812074",
        "fillingDate": "2019-02-14",
        "acceptedDate": "2019-02-14 06:53:07",
        "calendarYear": "2018",
        "period": "Q4",
        "revenue": 1635000000,
        "costOfRevenue": 1341000000,
        "grossProfit": 294000000,
        "grossProfitRatio": 0.1798165138,
        "researchAndDevelopmentExpenses": 20000000,
        "generalAndAdministrativeExpenses": 116000000,
        "sellingAndMarketingExpenses": 0,
        "sellingGeneralAndAdministrativeExpenses": 116000000,
        "otherExpenses": 0,
        "operatingExpenses": 136000000,
        "costAndExpenses": 1477000000,
        "interestIncome": 0,
        "interestExpense": 62000000,
        "depreciationAndAmortization": 123000000,
        "ebitda": 76000000,
        "ebitdaratio": 0.0464831804,
        "operatingIncome": 137000000,
        "operatingIncomeRatio": 0.0837920489,
        "totalOtherIncomeExpensesNet": -167000000,
        "incomeBeforeTax": -105000000,
        "incomeBeforeTaxRatio": -0.0642201835,
        "incomeTaxExpense": 14000000,
        "netIncome": -10000000,
        "netIncomeRatio": -0.006116208,
        "eps": -0.0637,
        "epsdiluted": -0.0634,
        "weightedAverageShsOut": 156889935,
        "weightedAverageShsOutDil": 157717000,
        "link": "https://www.sec.gov/Archives/edgar/data/812074/000155837019000652/0001558370-19-000652-index.htm",
        "finalLink": "https://www.sec.gov/Archives/edgar/data/812074/000155837019000652/oi-20181231x10k.htm"
    },
    {
        "date": "2018-09-30",
        "symbol": "OI",
        "reportedCurrency": "USD",
        "cik": "0000812074",
        "fillingDate": "2018-10-31",
        "acceptedDate": "2018-10-31 16:15:35",
        "calendarYear": "2018",
        "period": "Q3",
        "revenue": 1734000000,
        "costOfRevenue": 1410000000,
        "grossProfit": 324000000,
        "grossProfitRatio": 0.1868512111,
        "researchAndDevelopmentExpenses": 17000000,
        "generalAndAdministrativeExpenses": 115000000,
        "sellingAndMarketingExpenses": 0,
        "sellingGeneralAndAdministrativeExpenses": 115000000,
        "otherExpenses": 0,
        "operatingExpenses": 132000000,
        "costAndExpenses": 1542000000,
        "interestIncome": 0,
        "interestExpense": 63000000,
        "depreciationAndAmortization": 130000000,
        "ebitda": 361000000,
        "ebitdaratio": 0.208189158,
        "operatingIncome": 129000000,
        "operatingIncomeRatio": 0.0743944637,
        "totalOtherIncomeExpensesNet": -27000000,
        "incomeBeforeTax": 168000000,
        "incomeBeforeTaxRatio": 0.0968858131,
        "incomeTaxExpense": 41000000,
        "netIncome": 120000000,
        "netIncomeRatio": 0.0692041522,
        "eps": 0.75,
        "epsdiluted": 0.75,
        "weightedAverageShsOut": 159032000,
        "weightedAverageShsOutDil": 161035000,
        "link": "https://www.sec.gov/Archives/edgar/data/812074/000155837018008158/0001558370-18-008158-index.htm",
        "finalLink": "https://www.sec.gov/Archives/edgar/data/812074/000155837018008158/oi-20180930x10q.htm"
    },
    {
        "date": "2018-06-30",
        "symbol": "OI",
        "reportedCurrency": "USD",
        "cik": "0000812074",
        "fillingDate": "2018-07-24",
        "acceptedDate": "2018-07-24 16:23:35",
        "calendarYear": "2018",
        "period": "Q2",
        "revenue": 1772000000,
        "costOfRevenue": 1426000000,
        "grossProfit": 346000000,
        "grossProfitRatio": 0.1952595937,
        "researchAndDevelopmentExpenses": 17000000,
        "generalAndAdministrativeExpenses": 126000000,
        "sellingAndMarketingExpenses": 0,
        "sellingGeneralAndAdministrativeExpenses": 126000000,
        "otherExpenses": 0,
        "operatingExpenses": 143000000,
        "costAndExpenses": 1569000000,
        "interestIncome": 0,
        "interestExpense": 74000000,
        "depreciationAndAmortization": 123000000,
        "ebitda": 275000000,
        "ebitdaratio": 0.1551918736,
        "operatingIncome": 203000000,
        "operatingIncomeRatio": 0.1145598194,
        "totalOtherIncomeExpensesNet": -115000000,
        "incomeBeforeTax": 78000000,
        "incomeBeforeTaxRatio": 0.0440180587,
        "incomeTaxExpense": 22000000,
        "netIncome": 50000000,
        "netIncomeRatio": 0.0282167043,
        "eps": 0.31,
        "epsdiluted": 0.31,
        "weightedAverageShsOut": 160858000,
        "weightedAverageShsOutDil": 162712000,
        "link": "https://www.sec.gov/Archives/edgar/data/812074/000155837018005678/0001558370-18-005678-index.htm",
        "finalLink": "https://www.sec.gov/Archives/edgar/data/812074/000155837018005678/oi-20180630x10q.htm"
    },
    {
        "date": "2018-03-31",
        "symbol": "OI",
        "reportedCurrency": "USD",
        "cik": "0000812074",
        "fillingDate": "2018-04-24",
        "acceptedDate": "2018-04-24 16:16:20",
        "calendarYear": "2018",
        "period": "Q1",
        "revenue": 1736000000,
        "costOfRevenue": 1417000000,
        "grossProfit": 319000000,
        "grossProfitRatio": 0.1837557604,
        "researchAndDevelopmentExpenses": 16000000,
        "generalAndAdministrativeExpenses": 126000000,
        "sellingAndMarketingExpenses": 0,
        "sellingGeneralAndAdministrativeExpenses": 126000000,
        "otherExpenses": 0,
        "operatingExpenses": 142000000,
        "costAndExpenses": 1559000000,
        "interestIncome": 0,
        "interestExpense": 62000000,
        "depreciationAndAmortization": 131000000,
        "ebitda": 313000000,
        "ebitdaratio": 0.1802995392,
        "operatingIncome": 115000000,
        "operatingIncomeRatio": 0.0662442396,
        "totalOtherIncomeExpensesNet": -42000000,
        "incomeBeforeTax": 135000000,
        "incomeBeforeTaxRatio": 0.077764977,
        "incomeTaxExpense": 32000000,
        "netIncome": 98000000,
        "netIncomeRatio": 0.0564516129,
        "eps": 0.6,
        "epsdiluted": 0.59,
        "weightedAverageShsOut": 162919000,
        "weightedAverageShsOutDil": 165186000,
        "link": "https://www.sec.gov/Archives/edgar/data/812074/000155837018003191/0001558370-18-003191-index.htm",
        "finalLink": "https://www.sec.gov/Archives/edgar/data/812074/000155837018003191/oi-20180331x10q.htm"
    },
    {
        "date": "2017-12-31",
        "symbol": "OI",
        "reportedCurrency": "USD",
        "cik": "0000812074",
        "fillingDate": "2018-02-14",
        "acceptedDate": "2018-02-14 07:02:56",
        "calendarYear": "2017",
        "period": "Q4",
        "revenue": 1712000000,
        "costOfRevenue": 1592000000,
        "grossProfit": 120000000,
        "grossProfitRatio": 0.0700934579,
        "researchAndDevelopmentExpenses": 15000000,
        "generalAndAdministrativeExpenses": 140000000,
        "sellingAndMarketingExpenses": 0,
        "sellingGeneralAndAdministrativeExpenses": 140000000,
        "otherExpenses": 0,
        "operatingExpenses": 155000000,
        "costAndExpenses": 1747000000,
        "interestIncome": 0,
        "interestExpense": 64000000,
        "depreciationAndAmortization": 129000000,
        "ebitda": -1000000,
        "ebitdaratio": -0.0005841121,
        "operatingIncome": -45000000,
        "operatingIncomeRatio": -0.0262850467,
        "totalOtherIncomeExpensesNet": -76000000,
        "incomeBeforeTax": -121000000,
        "incomeBeforeTaxRatio": -0.0706775701,
        "incomeTaxExpense": 4000000,
        "netIncome": -133000000,
        "netIncomeRatio": -0.0776869159,
        "eps": -0.82,
        "epsdiluted": -0.82,
        "weightedAverageShsOut": 162969000,
        "weightedAverageShsOutDil": 162969000,
        "link": "https://www.sec.gov/Archives/edgar/data/812074/000155837018000669/0001558370-18-000669-index.htm",
        "finalLink": "https://www.sec.gov/Archives/edgar/data/812074/000155837018000669/oi-20171231x10k.htm"
    },
    {
        "date": "2017-09-30",
        "symbol": "OI",
        "reportedCurrency": "USD",
        "cik": "0000812074",
        "fillingDate": "2017-10-24",
        "acceptedDate": "2017-10-24 16:53:52",
        "calendarYear": "2017",
        "period": "Q3",
        "revenue": 1791000000,
        "costOfRevenue": 1438000000,
        "grossProfit": 353000000,
        "grossProfitRatio": 0.1970965941,
        "researchAndDevelopmentExpenses": 15000000,
        "generalAndAdministrativeExpenses": 120000000,
        "sellingAndMarketingExpenses": 0,
        "sellingGeneralAndAdministrativeExpenses": 120000000,
        "otherExpenses": 0,
        "operatingExpenses": 135000000,
        "costAndExpenses": 1573000000,
        "interestIncome": 0,
        "interestExpense": 63000000,
        "depreciationAndAmortization": 127000000,
        "ebitda": 362000000,
        "ebitdaratio": 0.2021217197,
        "operatingIncome": 144000000,
        "operatingIncomeRatio": 0.0804020101,
        "totalOtherIncomeExpensesNet": -46000000,
        "incomeBeforeTax": 172000000,
        "incomeBeforeTaxRatio": 0.0960357342,
        "incomeTaxExpense": 37000000,
        "netIncome": 126000000,
        "netIncomeRatio": 0.0703517588,
        "eps": 0.77,
        "epsdiluted": 0.76,
        "weightedAverageShsOut": 162866000,
        "weightedAverageShsOutDil": 164993000,
        "link": "https://www.sec.gov/Archives/edgar/data/812074/000155837017007484/0001558370-17-007484-index.htm",
        "finalLink": "https://www.sec.gov/Archives/edgar/data/812074/000155837017007484/oi-20170930x10q.htm"
    },
    {
        "date": "2017-06-30",
        "symbol": "OI",
        "reportedCurrency": "USD",
        "cik": "0000812074",
        "fillingDate": "2017-08-01",
        "acceptedDate": "2017-08-01 17:03:27",
        "calendarYear": "2017",
        "period": "Q2",
        "revenue": 1751000000,
        "costOfRevenue": 1405000000,
        "grossProfit": 346000000,
        "grossProfitRatio": 0.1976013706,
        "researchAndDevelopmentExpenses": 16000000,
        "generalAndAdministrativeExpenses": 123000000,
        "sellingAndMarketingExpenses": 0,
        "sellingGeneralAndAdministrativeExpenses": 123000000,
        "otherExpenses": 0,
        "operatingExpenses": 139000000,
        "costAndExpenses": 1544000000,
        "interestIncome": 0,
        "interestExpense": 62000000,
        "depreciationAndAmortization": 118000000,
        "ebitda": 332000000,
        "ebitdaratio": 0.1896059395,
        "operatingIncome": 135000000,
        "operatingIncomeRatio": 0.0770988007,
        "totalOtherIncomeExpensesNet": -55000000,
        "incomeBeforeTax": 152000000,
        "incomeBeforeTaxRatio": 0.0868075385,
        "incomeTaxExpense": 9000000,
        "netIncome": 140000000,
        "netIncomeRatio": 0.0799543118,
        "eps": 0.86,
        "epsdiluted": 0.85,
        "weightedAverageShsOut": 162716000,
        "weightedAverageShsOutDil": 164482000,
        "link": "https://www.sec.gov/Archives/edgar/data/812074/000155837017005619/0001558370-17-005619-index.htm",
        "finalLink": "https://www.sec.gov/Archives/edgar/data/812074/000155837017005619/oi-20170630x10q.htm"
    },
    {
        "date": "2017-03-31",
        "symbol": "OI",
        "reportedCurrency": "USD",
        "cik": "0000812074",
        "fillingDate": "2017-04-25",
        "acceptedDate": "2017-04-25 16:30:26",
        "calendarYear": "2017",
        "period": "Q1",
        "revenue": 1615000000,
        "costOfRevenue": 1300000000,
        "grossProfit": 315000000,
        "grossProfitRatio": 0.1950464396,
        "researchAndDevelopmentExpenses": 15000000,
        "generalAndAdministrativeExpenses": 119000000,
        "sellingAndMarketingExpenses": 0,
        "sellingGeneralAndAdministrativeExpenses": 119000000,
        "otherExpenses": 0,
        "operatingExpenses": 134000000,
        "costAndExpenses": 1434000000,
        "interestIncome": 0,
        "interestExpense": 78000000,
        "depreciationAndAmortization": 127000000,
        "ebitda": 278000000,
        "ebitdaratio": 0.1721362229,
        "operatingIncome": 171000000,
        "operatingIncomeRatio": 0.1058823529,
        "totalOtherIncomeExpensesNet": -98000000,
        "incomeBeforeTax": 73000000,
        "incomeBeforeTaxRatio": 0.0452012384,
        "incomeTaxExpense": 20000000,
        "netIncome": 49000000,
        "netIncomeRatio": 0.0303405573,
        "eps": 0.3,
        "epsdiluted": 0.3,
        "weightedAverageShsOut": 162388000,
        "weightedAverageShsOutDil": 163840000,
        "link": "https://www.sec.gov/Archives/edgar/data/812074/000155837017002860/0001558370-17-002860-index.htm",
        "finalLink": "https://www.sec.gov/Archives/edgar/data/812074/000155837017002860/oi-20170331x10q.htm"
    },
    {
        "date": "2016-12-31",
        "symbol": "OI",
        "reportedCurrency": "USD",
        "cik": "0000812074",
        "fillingDate": "2017-02-10",
        "acceptedDate": "2017-02-10 06:40:01",
        "calendarYear": "2016",
        "period": "Q4",
        "revenue": 1642000000,
        "costOfRevenue": 1427000000,
        "grossProfit": 215000000,
        "grossProfitRatio": 0.1309378806,
        "researchAndDevelopmentExpenses": 16000000,
        "generalAndAdministrativeExpenses": 128000000,
        "sellingAndMarketingExpenses": 0,
        "sellingGeneralAndAdministrativeExpenses": 128000000,
        "otherExpenses": 0,
        "operatingExpenses": 144000000,
        "costAndExpenses": 1571000000,
        "interestIncome": 0,
        "interestExpense": 73000000,
        "depreciationAndAmortization": 119000000,
        "ebitda": 89000000,
        "ebitdaratio": 0.0542021924,
        "operatingIncome": 31000000,
        "operatingIncomeRatio": 0.0188794153,
        "totalOtherIncomeExpensesNet": -70000000,
        "incomeBeforeTax": -39000000,
        "incomeBeforeTaxRatio": -0.0237515225,
        "incomeTaxExpense": 26000000,
        "netIncome": -71000000,
        "netIncomeRatio": -0.0432399513,
        "eps": -0.44,
        "epsdiluted": -0.44,
        "weightedAverageShsOut": 162193000,
        "weightedAverageShsOutDil": 162193000,
        "link": "https://www.sec.gov/Archives/edgar/data/812074/000155837017000499/0001558370-17-000499-index.htm",
        "finalLink": "https://www.sec.gov/Archives/edgar/data/812074/000155837017000499/oi-20161231x10k.htm"
    },
    {
        "date": "2016-09-30",
        "symbol": "OI",
        "reportedCurrency": "USD",
        "cik": "0000812074",
        "fillingDate": "2016-10-26",
        "acceptedDate": "2016-10-26 16:44:51",
        "calendarYear": "2016",
        "period": "Q3",
        "revenue": 1712000000,
        "costOfRevenue": 1376000000,
        "grossProfit": 336000000,
        "grossProfitRatio": 0.1962616822,
        "researchAndDevelopmentExpenses": 16000000,
        "generalAndAdministrativeExpenses": 121000000,
        "sellingAndMarketingExpenses": 0,
        "sellingGeneralAndAdministrativeExpenses": 121000000,
        "otherExpenses": 0,
        "operatingExpenses": 137000000,
        "costAndExpenses": 1513000000,
        "interestIncome": 0,
        "interestExpense": 66000000,
        "depreciationAndAmortization": 122000000,
        "ebitda": 219000000,
        "ebitdaratio": 0.1279205607,
        "operatingIncome": 133000000,
        "operatingIncomeRatio": 0.0776869159,
        "totalOtherIncomeExpensesNet": 36000000,
        "incomeBeforeTax": 153000000,
        "incomeBeforeTaxRatio": 0.0893691589,
        "incomeTaxExpense": 36000000,
        "netIncome": 108000000,
        "netIncomeRatio": 0.0630841121,
        "eps": 0.66,
        "epsdiluted": 0.66,
        "weightedAverageShsOut": 162080000,
        "weightedAverageShsOutDil": 163204000,
        "link": "https://www.sec.gov/Archives/edgar/data/812074/000155837016008747/0001558370-16-008747-index.htm",
        "finalLink": "https://www.sec.gov/Archives/edgar/data/812074/000155837016008747/oi-20160930x10q.htm"
    },
    {
        "date": "2016-06-30",
        "symbol": "OI",
        "reportedCurrency": "USD",
        "cik": "0000812074",
        "fillingDate": "2016-07-28",
        "acceptedDate": "2016-07-28 16:32:39",
        "calendarYear": "2016",
        "period": "Q2",
        "revenue": 1760000000,
        "costOfRevenue": 1418000000,
        "grossProfit": 342000000,
        "grossProfitRatio": 0.1943181818,
        "researchAndDevelopmentExpenses": 16000000,
        "generalAndAdministrativeExpenses": 126000000,
        "sellingAndMarketingExpenses": 0,
        "sellingGeneralAndAdministrativeExpenses": 126000000,
        "otherExpenses": 0,
        "operatingExpenses": 142000000,
        "costAndExpenses": 1560000000,
        "interestIncome": 0,
        "interestExpense": 67000000,
        "depreciationAndAmortization": 125000000,
        "ebitda": 319000000,
        "ebitdaratio": 0.18125,
        "operatingIncome": 133000000,
        "operatingIncomeRatio": 0.0755681818,
        "totalOtherIncomeExpensesNet": -59000000,
        "incomeBeforeTax": 141000000,
        "incomeBeforeTaxRatio": 0.0801136364,
        "incomeTaxExpense": 30000000,
        "netIncome": 105000000,
        "netIncomeRatio": 0.0596590909,
        "eps": 0.65,
        "epsdiluted": 0.64,
        "weightedAverageShsOut": 161945000,
        "weightedAverageShsOutDil": 162820000,
        "link": "https://www.sec.gov/Archives/edgar/data/812074/000155837016006900/0001558370-16-006900-index.htm",
        "finalLink": "https://www.sec.gov/Archives/edgar/data/812074/000155837016006900/oi-20160630x10q.htm"
    },
    {
        "date": "2016-03-31",
        "symbol": "OI",
        "reportedCurrency": "USD",
        "cik": "0000812074",
        "fillingDate": "2016-05-13",
        "acceptedDate": "2016-05-13 07:14:25",
        "calendarYear": "2016",
        "period": "Q1",
        "revenue": 1588000000,
        "costOfRevenue": 1269000000,
        "grossProfit": 319000000,
        "grossProfitRatio": 0.2008816121,
        "researchAndDevelopmentExpenses": 15000000,
        "generalAndAdministrativeExpenses": 129000000,
        "sellingAndMarketingExpenses": 0,
        "sellingGeneralAndAdministrativeExpenses": 129000000,
        "otherExpenses": 0,
        "operatingExpenses": 144000000,
        "costAndExpenses": 1413000000,
        "interestIncome": 0,
        "interestExpense": 66000000,
        "depreciationAndAmortization": 125000000,
        "ebitda": 293000000,
        "ebitdaratio": 0.1845088161,
        "operatingIncome": 175000000,
        "operatingIncomeRatio": 0.1102015113,
        "totalOtherIncomeExpensesNet": -63000000,
        "incomeBeforeTax": 101000000,
        "incomeBeforeTaxRatio": 0.0636020151,
        "incomeTaxExpense": 27000000,
        "netIncome": 67000000,
        "netIncomeRatio": 0.0421914358,
        "eps": 0.41,
        "epsdiluted": 0.41,
        "weightedAverageShsOut": 161204000,
        "weightedAverageShsOutDil": 161793000,
        "link": "https://www.sec.gov/Archives/edgar/data/812074/000155837016005952/0001558370-16-005952-index.htm",
        "finalLink": "https://www.sec.gov/Archives/edgar/data/812074/000155837016005952/oi-20160331x10q.htm"
    },
    {
        "date": "2015-12-31",
        "symbol": "OI",
        "reportedCurrency": "USD",
        "cik": "0000812074",
        "fillingDate": "2016-05-13",
        "acceptedDate": "2016-05-13 06:51:42",
        "calendarYear": "2015",
        "period": "Q4",
        "revenue": 1626000000,
        "costOfRevenue": 1337000000,
        "grossProfit": 289000000,
        "grossProfitRatio": 0.1777367774,
        "researchAndDevelopmentExpenses": 18000000,
        "generalAndAdministrativeExpenses": 125000000,
        "sellingAndMarketingExpenses": 0,
        "sellingGeneralAndAdministrativeExpenses": 125000000,
        "otherExpenses": 0,
        "operatingExpenses": 143000000,
        "costAndExpenses": 1480000000,
        "interestIncome": 0,
        "interestExpense": 63000000,
        "depreciationAndAmortization": 128000000,
        "ebitda": 30000000,
        "ebitdaratio": 0.0184501845,
        "operatingIncome": 149000000,
        "operatingIncomeRatio": 0.0916359164,
        "totalOtherIncomeExpensesNet": -310000000,
        "incomeBeforeTax": -161000000,
        "incomeBeforeTaxRatio": -0.0990159902,
        "incomeTaxExpense": 33000000,
        "netIncome": -202000000,
        "netIncomeRatio": -0.1242312423,
        "eps": -1.26,
        "epsdiluted": -1.26,
        "weightedAverageShsOut": 160827000,
        "weightedAverageShsOutDil": 160827000,
        "link": "https://www.sec.gov/Archives/edgar/data/812074/000155837016005950/0001558370-16-005950-index.htm",
        "finalLink": "https://www.sec.gov/Archives/edgar/data/812074/000155837016005950/oi-20151231x10ka.htm"
    },
    {
        "date": "2015-09-30",
        "symbol": "OI",
        "reportedCurrency": "USD",
        "cik": "0000812074",
        "fillingDate": "2015-10-28",
        "acceptedDate": "2015-10-28 17:12:07",
        "calendarYear": "2015",
        "period": "Q3",
        "revenue": 1566000000,
        "costOfRevenue": 1290000000,
        "grossProfit": 276000000,
        "grossProfitRatio": 0.1762452107,
        "researchAndDevelopmentExpenses": 15000000,
        "generalAndAdministrativeExpenses": 109000000,
        "sellingAndMarketingExpenses": 0,
        "sellingGeneralAndAdministrativeExpenses": 109000000,
        "otherExpenses": 0,
        "operatingExpenses": 124000000,
        "costAndExpenses": 1414000000,
        "interestIncome": 0,
        "interestExpense": 67000000,
        "depreciationAndAmortization": 99000000,
        "ebitda": 261000000,
        "ebitdaratio": 0.1666666667,
        "operatingIncome": 152000000,
        "operatingIncomeRatio": 0.0970625798,
        "totalOtherIncomeExpensesNet": -94000000,
        "incomeBeforeTax": 58000000,
        "incomeBeforeTaxRatio": 0.037037037,
        "incomeTaxExpense": 33000000,
        "netIncome": 17000000,
        "netIncomeRatio": 0.0108556833,
        "eps": 0.1,
        "epsdiluted": 0.1,
        "weightedAverageShsOut": 160730000,
        "weightedAverageShsOutDil": 161612000,
        "link": "https://www.sec.gov/Archives/edgar/data/812074/000155837015001993/0001558370-15-001993-index.htm",
        "finalLink": "https://www.sec.gov/Archives/edgar/data/812074/000155837015001993/oi-20150930x10q.htm"
    },
    {
        "date": "2015-06-30",
        "symbol": "OI",
        "reportedCurrency": "USD",
        "cik": "0000812074",
        "fillingDate": "2015-07-30",
        "acceptedDate": "2015-07-30 16:55:45",
        "calendarYear": "2015",
        "period": "Q2",
        "revenue": 1543000000,
        "costOfRevenue": 1269000000,
        "grossProfit": 274000000,
        "grossProfitRatio": 0.1775761504,
        "researchAndDevelopmentExpenses": 16000000,
        "generalAndAdministrativeExpenses": 118000000,
        "sellingAndMarketingExpenses": 0,
        "sellingGeneralAndAdministrativeExpenses": 118000000,
        "otherExpenses": 0,
        "operatingExpenses": 134000000,
        "costAndExpenses": 1403000000,
        "interestIncome": 0,
        "interestExpense": 74000000,
        "depreciationAndAmortization": 102000000,
        "ebitda": 242000000,
        "ebitdaratio": 0.1568373299,
        "operatingIncome": 140000000,
        "operatingIncomeRatio": 0.0907323396,
        "totalOtherIncomeExpensesNet": -78000000,
        "incomeBeforeTax": 62000000,
        "incomeBeforeTaxRatio": 0.0401814647,
        "incomeTaxExpense": 15000000,
        "netIncome": 40000000,
        "netIncomeRatio": 0.0259235256,
        "eps": 0.25,
        "epsdiluted": 0.25,
        "weightedAverageShsOut": 160992000,
        "weightedAverageShsOutDil": 161907000,
        "link": "https://www.sec.gov/Archives/edgar/data/812074/000110465915054897/0001104659-15-054897-index.htm",
        "finalLink": "https://www.sec.gov/Archives/edgar/data/812074/000110465915054897/a15-11875_110q.htm"
    },
    {
        "date": "2015-03-31",
        "symbol": "OI",
        "reportedCurrency": "USD",
        "cik": "0000812074",
        "fillingDate": "2015-04-29",
        "acceptedDate": "2015-04-29 16:38:11",
        "calendarYear": "2015",
        "period": "Q1",
        "revenue": 1421000000,
        "costOfRevenue": 1153000000,
        "grossProfit": 268000000,
        "grossProfitRatio": 0.1885995778,
        "researchAndDevelopmentExpenses": 15000000,
        "generalAndAdministrativeExpenses": 124000000,
        "sellingAndMarketingExpenses": 0,
        "sellingGeneralAndAdministrativeExpenses": 124000000,
        "otherExpenses": 0,
        "operatingExpenses": 139000000,
        "costAndExpenses": 1292000000,
        "interestIncome": 0,
        "interestExpense": 47000000,
        "depreciationAndAmortization": 95000000,
        "ebitda": 224000000,
        "ebitdaratio": 0.157635468,
        "operatingIncome": 82000000,
        "operatingIncomeRatio": 0.057705841,
        "totalOtherIncomeExpensesNet": -29000000,
        "incomeBeforeTax": 100000000,
        "incomeBeforeTaxRatio": 0.0703729768,
        "incomeTaxExpense": 25000000,
        "netIncome": 71000000,
        "netIncomeRatio": 0.0499648135,
        "eps": 0.44,
        "epsdiluted": 0.44,
        "weightedAverageShsOut": 162146000,
        "weightedAverageShsOutDil": 163287000,
        "link": "https://www.sec.gov/Archives/edgar/data/812074/000110465915031670/0001104659-15-031670-index.htm",
        "finalLink": "https://www.sec.gov/Archives/edgar/data/812074/000110465915031670/a15-6824_110q.htm"
    },
    {
        "date": "2014-12-31",
        "symbol": "OI",
        "reportedCurrency": "USD",
        "cik": "0000812074",
        "fillingDate": "2015-02-11",
        "acceptedDate": "2015-02-10 17:59:40",
        "calendarYear": "2014",
        "period": "Q4",
        "revenue": 1603000000,
        "costOfRevenue": 1366000000,
        "grossProfit": 237000000,
        "grossProfitRatio": 0.1478477854,
        "researchAndDevelopmentExpenses": 16000000,
        "generalAndAdministrativeExpenses": 141000000,
        "sellingAndMarketingExpenses": 0,
        "sellingGeneralAndAdministrativeExpenses": 141000000,
        "otherExpenses": 0,
        "operatingExpenses": 157000000,
        "costAndExpenses": 1523000000,
        "interestIncome": 0,
        "interestExpense": 69000000,
        "depreciationAndAmortization": 105000000,
        "ebitda": -41000000,
        "ebitdaratio": -0.025577043,
        "operatingIncome": 11000000,
        "operatingIncomeRatio": 0.0068621335,
        "totalOtherIncomeExpensesNet": -197000000,
        "incomeBeforeTax": -117000000,
        "incomeBeforeTaxRatio": -0.0729881472,
        "incomeTaxExpense": 3000000,
        "netIncome": -131000000,
        "netIncomeRatio": -0.0817217717,
        "eps": -0.8,
        "epsdiluted": -0.8,
        "weightedAverageShsOut": 164422000,
        "weightedAverageShsOutDil": 164422000,
        "link": "https://www.sec.gov/Archives/edgar/data/812074/000104746915000716/0001047469-15-000716-index.htm",
        "finalLink": "https://www.sec.gov/Archives/edgar/data/812074/000104746915000716/a2222968z10-k.htm"
    },
    {
        "date": "2014-09-30",
        "symbol": "OI",
        "reportedCurrency": "USD",
        "cik": "0000812074",
        "fillingDate": "2014-10-29",
        "acceptedDate": "2014-10-29 16:44:59",
        "calendarYear": "2014",
        "period": "Q3",
        "revenue": 1745000000,
        "costOfRevenue": 1408000000,
        "grossProfit": 337000000,
        "grossProfitRatio": 0.1931232092,
        "researchAndDevelopmentExpenses": 15000000,
        "generalAndAdministrativeExpenses": 118000000,
        "sellingAndMarketingExpenses": 0,
        "sellingGeneralAndAdministrativeExpenses": 118000000,
        "otherExpenses": 0,
        "operatingExpenses": 133000000,
        "costAndExpenses": 1541000000,
        "interestIncome": 0,
        "interestExpense": 53000000,
        "depreciationAndAmortization": 113000000,
        "ebitda": 317000000,
        "ebitdaratio": 0.1816618911,
        "operatingIncome": 204000000,
        "operatingIncomeRatio": 0.1169054441,
        "totalOtherIncomeExpensesNet": -113000000,
        "incomeBeforeTax": 91000000,
        "incomeBeforeTaxRatio": 0.0521489971,
        "incomeTaxExpense": 23000000,
        "netIncome": 60000000,
        "netIncomeRatio": 0.0343839542,
        "eps": 0.37,
        "epsdiluted": 0.37,
        "weightedAverageShsOut": 164798000,
        "weightedAverageShsOutDil": 166138000,
        "link": "https://www.sec.gov/Archives/edgar/data/812074/000110465914074859/0001104659-14-074859-index.htm",
        "finalLink": "https://www.sec.gov/Archives/edgar/data/812074/000110465914074859/a14-18693_110q.htm"
    },
    {
        "date": "2014-06-30",
        "symbol": "OI",
        "reportedCurrency": "USD",
        "cik": "0000812074",
        "fillingDate": "2014-07-30",
        "acceptedDate": "2014-07-30 16:34:44",
        "calendarYear": "2014",
        "period": "Q2",
        "revenue": 1797000000,
        "costOfRevenue": 1439000000,
        "grossProfit": 358000000,
        "grossProfitRatio": 0.1992209238,
        "researchAndDevelopmentExpenses": 17000000,
        "generalAndAdministrativeExpenses": 131000000,
        "sellingAndMarketingExpenses": 0,
        "sellingGeneralAndAdministrativeExpenses": 131000000,
        "otherExpenses": 0,
        "operatingExpenses": 148000000,
        "costAndExpenses": 1587000000,
        "interestIncome": 0,
        "interestExpense": 54000000,
        "depreciationAndAmortization": 118000000,
        "ebitda": 328000000,
        "ebitdaratio": 0.1825264329,
        "operatingIncome": 156000000,
        "operatingIncomeRatio": 0.0868113523,
        "totalOtherIncomeExpensesNet": -31000000,
        "incomeBeforeTax": 179000000,
        "incomeBeforeTaxRatio": 0.0996104619,
        "incomeTaxExpense": 39000000,
        "netIncome": 114000000,
        "netIncomeRatio": 0.0634390651,
        "eps": 0.69,
        "epsdiluted": 0.68,
        "weightedAverageShsOut": 164906000,
        "weightedAverageShsOutDil": 166258000,
        "link": "https://www.sec.gov/Archives/edgar/data/812074/000110465914054967/0001104659-14-054967-index.htm",
        "finalLink": "https://www.sec.gov/Archives/edgar/data/812074/000110465914054967/a14-13845_110q.htm"
    },
    {
        "date": "2014-03-31",
        "symbol": "OI",
        "reportedCurrency": "USD",
        "cik": "0000812074",
        "fillingDate": "2014-04-30",
        "acceptedDate": "2014-04-30 16:22:17",
        "calendarYear": "2014",
        "period": "Q1",
        "revenue": 1639000000,
        "costOfRevenue": 1318000000,
        "grossProfit": 321000000,
        "grossProfitRatio": 0.1958511287,
        "researchAndDevelopmentExpenses": 15000000,
        "generalAndAdministrativeExpenses": 133000000,
        "sellingAndMarketingExpenses": 0,
        "sellingGeneralAndAdministrativeExpenses": 133000000,
        "otherExpenses": -1000000,
        "operatingExpenses": 148000000,
        "costAndExpenses": 1466000000,
        "interestIncome": 0,
        "interestExpense": 54000000,
        "depreciationAndAmortization": 111000000,
        "ebitda": 284000000,
        "ebitdaratio": 0.173276388,
        "operatingIncome": 119000000,
        "operatingIncomeRatio": 0.0726052471,
        "totalOtherIncomeExpensesNet": -39000000,
        "incomeBeforeTax": 134000000,
        "incomeBeforeTaxRatio": 0.081757169,
        "incomeTaxExpense": 27000000,
        "netIncome": 101000000,
        "netIncomeRatio": 0.0616229408,
        "eps": 0.61,
        "epsdiluted": 0.61,
        "weightedAverageShsOut": 164760000,
        "weightedAverageShsOutDil": 166165000,
        "link": "https://www.sec.gov/Archives/edgar/data/812074/000110465914032669/0001104659-14-032669-index.htm",
        "finalLink": "https://www.sec.gov/Archives/edgar/data/812074/000110465914032669/a14-6455_110q.htm"
    },
    {
        "date": "2013-12-31",
        "symbol": "OI",
        "reportedCurrency": "USD",
        "cik": "0000812074",
        "fillingDate": "2014-02-13",
        "acceptedDate": "2014-02-13 16:14:22",
        "calendarYear": "2013",
        "period": "Q4",
        "revenue": 1761000000,
        "costOfRevenue": 1470000000,
        "grossProfit": 291000000,
        "grossProfitRatio": 0.1652470187,
        "researchAndDevelopmentExpenses": 17000000,
        "generalAndAdministrativeExpenses": 129000000,
        "sellingAndMarketingExpenses": 0,
        "sellingGeneralAndAdministrativeExpenses": 129000000,
        "otherExpenses": 0,
        "operatingExpenses": 146000000,
        "costAndExpenses": 1616000000,
        "interestIncome": 4000000,
        "interestExpense": 55000000,
        "depreciationAndAmortization": 100000000,
        "ebitda": 18000000,
        "ebitdaratio": 0.0102214651,
        "operatingIncome": 133000000,
        "operatingIncomeRatio": 0.0755252697,
        "totalOtherIncomeExpensesNet": -270000000,
        "incomeBeforeTax": -137000000,
        "incomeBeforeTaxRatio": -0.0777967064,
        "incomeTaxExpense": 10000000,
        "netIncome": -147000000,
        "netIncomeRatio": -0.0834752981,
        "eps": -0.89,
        "epsdiluted": -0.89,
        "weightedAverageShsOut": 164709000,
        "weightedAverageShsOutDil": 164709000,
        "link": "https://www.sec.gov/Archives/edgar/data/812074/000104746914000875/0001047469-14-000875-index.htm",
        "finalLink": "https://www.sec.gov/Archives/edgar/data/812074/000104746914000875/a2218189z10-k.htm"
    },
    {
        "date": "2013-09-30",
        "symbol": "OI",
        "reportedCurrency": "USD",
        "cik": "0000812074",
        "fillingDate": "2013-10-31",
        "acceptedDate": "2013-10-31 16:21:37",
        "calendarYear": "2013",
        "period": "Q3",
        "revenue": 1784000000,
        "costOfRevenue": 1432000000,
        "grossProfit": 352000000,
        "grossProfitRatio": 0.197309417,
        "researchAndDevelopmentExpenses": 15000000,
        "generalAndAdministrativeExpenses": 119000000,
        "sellingAndMarketingExpenses": 0,
        "sellingGeneralAndAdministrativeExpenses": 119000000,
        "otherExpenses": -6000000,
        "operatingExpenses": 130000000,
        "costAndExpenses": 1562000000,
        "interestIncome": 2000000,
        "interestExpense": 56000000,
        "depreciationAndAmortization": 98000000,
        "ebitda": 324000000,
        "ebitdaratio": 0.1816143498,
        "operatingIncome": 168000000,
        "operatingIncomeRatio": 0.0941704036,
        "totalOtherIncomeExpensesNet": -40000000,
        "incomeBeforeTax": 178000000,
        "incomeBeforeTaxRatio": 0.0997757848,
        "incomeTaxExpense": 40000000,
        "netIncome": 130000000,
        "netIncomeRatio": 0.0728699552,
        "eps": 0.79,
        "epsdiluted": 0.78,
        "weightedAverageShsOut": 164546000,
        "weightedAverageShsOutDil": 165981000,
        "link": "https://www.sec.gov/Archives/edgar/data/812074/000110465913079672/0001104659-13-079672-index.htm",
        "finalLink": "https://www.sec.gov/Archives/edgar/data/812074/000110465913079672/a13-19279_110q.htm"
    },
    {
        "date": "2013-06-30",
        "symbol": "OI",
        "reportedCurrency": "USD",
        "cik": "0000812074",
        "fillingDate": "2013-07-25",
        "acceptedDate": "2013-07-25 16:07:34",
        "calendarYear": "2013",
        "period": "Q2",
        "revenue": 1781000000,
        "costOfRevenue": 1412000000,
        "grossProfit": 369000000,
        "grossProfitRatio": 0.2071869736,
        "researchAndDevelopmentExpenses": 15000000,
        "generalAndAdministrativeExpenses": 129000000,
        "sellingAndMarketingExpenses": 0,
        "sellingGeneralAndAdministrativeExpenses": 129000000,
        "otherExpenses": -12000000,
        "operatingExpenses": 140000000,
        "costAndExpenses": 1552000000,
        "interestIncome": 1000000,
        "interestExpense": 57000000,
        "depreciationAndAmortization": 100000000,
        "ebitda": 333000000,
        "ebitdaratio": 0.1869736103,
        "operatingIncome": 173000000,
        "operatingIncomeRatio": 0.0971364402,
        "totalOtherIncomeExpensesNet": -48000000,
        "incomeBeforeTax": 177000000,
        "incomeBeforeTaxRatio": 0.0993823695,
        "incomeTaxExpense": 37000000,
        "netIncome": 132000000,
        "netIncomeRatio": 0.0741156654,
        "eps": 0.8,
        "epsdiluted": 0.79,
        "weightedAverageShsOut": 164369000,
        "weightedAverageShsOutDil": 165731000,
        "link": "https://www.sec.gov/Archives/edgar/data/812074/000110465913056671/0001104659-13-056671-index.htm",
        "finalLink": "https://www.sec.gov/Archives/edgar/data/812074/000110465913056671/a13-12166_110q.htm"
    },
    {
        "date": "2013-03-31",
        "symbol": "OI",
        "reportedCurrency": "USD",
        "cik": "0000812074",
        "fillingDate": "2013-04-24",
        "acceptedDate": "2013-04-24 16:25:41",
        "calendarYear": "2013",
        "period": "Q1",
        "revenue": 1641000000,
        "costOfRevenue": 1322000000,
        "grossProfit": 319000000,
        "grossProfitRatio": 0.1943936624,
        "researchAndDevelopmentExpenses": 15000000,
        "generalAndAdministrativeExpenses": 129000000,
        "sellingAndMarketingExpenses": 0,
        "sellingGeneralAndAdministrativeExpenses": 129000000,
        "otherExpenses": -11000000,
        "operatingExpenses": 140000000,
        "costAndExpenses": 1462000000,
        "interestIncome": 3000000,
        "interestExpense": 71000000,
        "depreciationAndAmortization": 99000000,
        "ebitda": 292000000,
        "ebitdaratio": 0.1779402803,
        "operatingIncome": 179000000,
        "operatingIncomeRatio": 0.1090798294,
        "totalOtherIncomeExpensesNet": -58000000,
        "incomeBeforeTax": 117000000,
        "incomeBeforeTaxRatio": 0.071297989,
        "incomeTaxExpense": 33000000,
        "netIncome": 69000000,
        "netIncomeRatio": 0.042047532,
        "eps": 0.42,
        "epsdiluted": 0.42,
        "weightedAverageShsOut": 164069000,
        "weightedAverageShsOutDil": 165501000,
        "link": "https://www.sec.gov/Archives/edgar/data/812074/000110465913032294/0001104659-13-032294-index.htm",
        "finalLink": "https://www.sec.gov/Archives/edgar/data/812074/000110465913032294/a13-7852_110q.htm"
    },
    {
        "date": "2012-12-31",
        "symbol": "OI",
        "reportedCurrency": "USD",
        "cik": "0000812074",
        "fillingDate": "2013-02-13",
        "acceptedDate": "2013-02-13 16:38:58",
        "calendarYear": "2012",
        "period": "Q4",
        "revenue": 1748000000,
        "costOfRevenue": 1470000000,
        "grossProfit": 278000000,
        "grossProfitRatio": 0.1590389016,
        "researchAndDevelopmentExpenses": 17000000,
        "generalAndAdministrativeExpenses": 145000000,
        "sellingAndMarketingExpenses": 0,
        "sellingGeneralAndAdministrativeExpenses": 145000000,
        "otherExpenses": -226000000,
        "operatingExpenses": 158000000,
        "costAndExpenses": 1628000000,
        "interestIncome": 2000000,
        "interestExpense": 61000000,
        "depreciationAndAmortization": 100000000,
        "ebitda": 13000000,
        "ebitdaratio": 0.0074370709,
        "operatingIncome": 133000000,
        "operatingIncomeRatio": 0.0760869565,
        "totalOtherIncomeExpensesNet": -281000000,
        "incomeBeforeTax": -148000000,
        "incomeBeforeTaxRatio": -0.0846681922,
        "incomeTaxExpense": -5000000,
        "netIncome": -160000000,
        "netIncomeRatio": -0.0915331808,
        "eps": -0.98,
        "epsdiluted": -0.98,
        "weightedAverageShsOut": 163181597,
        "weightedAverageShsOutDil": 164052000,
        "link": "https://www.sec.gov/Archives/edgar/data/812074/000104746913000991/0001047469-13-000991-index.htm",
        "finalLink": "https://www.sec.gov/Archives/edgar/data/812074/000104746913000991/a2212782z10-k.htm"
    },
    {
        "date": "2012-09-30",
        "symbol": "OI",
        "reportedCurrency": "USD",
        "cik": "0000812074",
        "fillingDate": "2012-10-25",
        "acceptedDate": "2012-10-25 16:09:40",
        "calendarYear": "2012",
        "period": "Q3",
        "revenue": 1747000000,
        "costOfRevenue": 1405000000,
        "grossProfit": 342000000,
        "grossProfitRatio": 0.1957641671,
        "researchAndDevelopmentExpenses": 13000000,
        "generalAndAdministrativeExpenses": 131000000,
        "sellingAndMarketingExpenses": 0,
        "sellingGeneralAndAdministrativeExpenses": 131000000,
        "otherExpenses": 0,
        "operatingExpenses": 144000000,
        "costAndExpenses": 1549000000,
        "interestIncome": 2000000,
        "interestExpense": 61000000,
        "depreciationAndAmortization": 105000000,
        "ebitda": 321000000,
        "ebitdaratio": 0.1837435604,
        "operatingIncome": 198000000,
        "operatingIncomeRatio": 0.1133371494,
        "totalOtherIncomeExpensesNet": -75000000,
        "incomeBeforeTax": 127000000,
        "incomeBeforeTaxRatio": 0.0726960504,
        "incomeTaxExpense": 28000000,
        "netIncome": 90000000,
        "netIncomeRatio": 0.0515168861,
        "eps": 0.54,
        "epsdiluted": 0.54,
        "weightedAverageShsOut": 164800000,
        "weightedAverageShsOutDil": 165765000,
        "link": "https://www.sec.gov/Archives/edgar/data/812074/000110465912071192/0001104659-12-071192-index.htm",
        "finalLink": "https://www.sec.gov/Archives/edgar/data/812074/000110465912071192/a12-18930_110q.htm"
    },
    {
        "date": "2012-06-30",
        "symbol": "OI",
        "reportedCurrency": "USD",
        "cik": "0000812074",
        "fillingDate": "2012-07-26",
        "acceptedDate": "2012-07-26 16:05:09",
        "calendarYear": "2012",
        "period": "Q2",
        "revenue": 1766000000,
        "costOfRevenue": 1390000000,
        "grossProfit": 376000000,
        "grossProfitRatio": 0.2129105323,
        "researchAndDevelopmentExpenses": 17000000,
        "generalAndAdministrativeExpenses": 139000000,
        "sellingAndMarketingExpenses": 0,
        "sellingGeneralAndAdministrativeExpenses": 139000000,
        "otherExpenses": 0,
        "operatingExpenses": 156000000,
        "costAndExpenses": 1546000000,
        "interestIncome": 2000000,
        "interestExpense": 62000000,
        "depreciationAndAmortization": 102000000,
        "ebitda": 343000000,
        "ebitdaratio": 0.1942242356,
        "operatingIncome": 160000000,
        "operatingIncomeRatio": 0.0906002265,
        "totalOtherIncomeExpensesNet": -46000000,
        "incomeBeforeTax": 179000000,
        "incomeBeforeTaxRatio": 0.1013590034,
        "incomeTaxExpense": 41000000,
        "netIncome": 133000000,
        "netIncomeRatio": 0.0753114383,
        "eps": 0.81,
        "epsdiluted": 0.8,
        "weightedAverageShsOut": 164799000,
        "weightedAverageShsOutDil": 165930000,
        "link": "https://www.sec.gov/Archives/edgar/data/812074/000110465912051451/0001104659-12-051451-index.htm",
        "finalLink": "https://www.sec.gov/Archives/edgar/data/812074/000110465912051451/a12-13422_110q.htm"
    },
    {
        "date": "2012-03-31",
        "symbol": "OI",
        "reportedCurrency": "USD",
        "cik": "0000812074",
        "fillingDate": "2012-04-26",
        "acceptedDate": "2012-04-26 16:06:45",
        "calendarYear": "2012",
        "period": "Q1",
        "revenue": 1739000000,
        "costOfRevenue": 1361000000,
        "grossProfit": 378000000,
        "grossProfitRatio": 0.2173663025,
        "researchAndDevelopmentExpenses": 15000000,
        "generalAndAdministrativeExpenses": 140000000,
        "sellingAndMarketingExpenses": 0,
        "sellingGeneralAndAdministrativeExpenses": 140000000,
        "otherExpenses": 0,
        "operatingExpenses": 155000000,
        "costAndExpenses": 1516000000,
        "interestIncome": 3000000,
        "interestExpense": 64000000,
        "depreciationAndAmortization": 105000000,
        "ebitda": 339000000,
        "ebitdaratio": 0.1949396205,
        "operatingIncome": 223000000,
        "operatingIncomeRatio": 0.1282346176,
        "totalOtherIncomeExpensesNet": -57000000,
        "incomeBeforeTax": 170000000,
        "incomeBeforeTaxRatio": 0.0977573318,
        "incomeTaxExpense": 44000000,
        "netIncome": 121000000,
        "netIncomeRatio": 0.0695802185,
        "eps": 0.73,
        "epsdiluted": 0.72,
        "weightedAverageShsOut": 164241000,
        "weightedAverageShsOutDil": 166206000,
        "link": "https://www.sec.gov/Archives/edgar/data/812074/000110465912029050/0001104659-12-029050-index.htm",
        "finalLink": "https://www.sec.gov/Archives/edgar/data/812074/000110465912029050/a12-7097_110q.htm"
    },
    {
        "date": "2011-12-31",
        "symbol": "OI",
        "reportedCurrency": "USD",
        "cik": "0000812074",
        "fillingDate": "2012-02-09",
        "acceptedDate": "2012-02-09 16:20:36",
        "calendarYear": "2011",
        "period": "Q4",
        "revenue": 1818000000,
        "costOfRevenue": 1514000000,
        "grossProfit": 304000000,
        "grossProfitRatio": 0.1672167217,
        "researchAndDevelopmentExpenses": 19000000,
        "generalAndAdministrativeExpenses": 130000000,
        "sellingAndMarketingExpenses": 0,
        "sellingGeneralAndAdministrativeExpenses": 130000000,
        "otherExpenses": 0,
        "operatingExpenses": 149000000,
        "costAndExpenses": 1663000000,
        "interestIncome": 3000000,
        "interestExpense": 68000000,
        "depreciationAndAmortization": 101000000,
        "ebitda": -600000000,
        "ebitdaratio": -0.3300330033,
        "operatingIncome": 155000000,
        "operatingIncomeRatio": 0.0852585259,
        "totalOtherIncomeExpensesNet": -924000000,
        "incomeBeforeTax": -769000000,
        "incomeBeforeTaxRatio": -0.4229922992,
        "incomeTaxExpense": 0,
        "netIncome": -771000000,
        "netIncomeRatio": -0.4240924092,
        "eps": -4.7,
        "epsdiluted": -4.7,
        "weightedAverageShsOut": 163957000,
        "weightedAverageShsOutDil": 163957000,
        "link": "https://www.sec.gov/Archives/edgar/data/812074/000104746912000772/0001047469-12-000772-index.htm",
        "finalLink": "https://www.sec.gov/Archives/edgar/data/812074/000104746912000772/a2207097z10-k.htm"
    },
    {
        "date": "2011-09-30",
        "symbol": "OI",
        "reportedCurrency": "USD",
        "cik": "0000812074",
        "fillingDate": "2011-10-27",
        "acceptedDate": "2011-10-27 16:08:39",
        "calendarYear": "2011",
        "period": "Q3",
        "revenue": 1862000000,
        "costOfRevenue": 1475000000,
        "grossProfit": 387000000,
        "grossProfitRatio": 0.2078410311,
        "researchAndDevelopmentExpenses": 18000000,
        "generalAndAdministrativeExpenses": 138000000,
        "sellingAndMarketingExpenses": 0,
        "sellingGeneralAndAdministrativeExpenses": 138000000,
        "otherExpenses": 0,
        "operatingExpenses": 156000000,
        "costAndExpenses": 1631000000,
        "interestIncome": 2000000,
        "interestExpense": 70000000,
        "depreciationAndAmortization": 104000000,
        "ebitda": 322000000,
        "ebitdaratio": 0.1729323308,
        "operatingIncome": 231000000,
        "operatingIncomeRatio": 0.1240601504,
        "totalOtherIncomeExpensesNet": -83000000,
        "incomeBeforeTax": 148000000,
        "incomeBeforeTaxRatio": 0.0794844253,
        "incomeTaxExpense": 25000000,
        "netIncome": 116000000,
        "netIncomeRatio": 0.0622986037,
        "eps": 0.71,
        "epsdiluted": 0.7,
        "weightedAverageShsOut": 163812000,
        "weightedAverageShsOutDil": 165695000,
        "link": "https://www.sec.gov/Archives/edgar/data/812074/000110465911058460/0001104659-11-058460-index.htm",
        "finalLink": "https://www.sec.gov/Archives/edgar/data/812074/000110465911058460/a11-25568_110q.htm"
    },
    {
        "date": "2011-06-30",
        "symbol": "OI",
        "reportedCurrency": "USD",
        "cik": "0000812074",
        "fillingDate": "2011-07-28",
        "acceptedDate": "2011-07-28 16:13:17",
        "calendarYear": "2011",
        "period": "Q2",
        "revenue": 1959000000,
        "costOfRevenue": 1604000000,
        "grossProfit": 355000000,
        "grossProfitRatio": 0.1812149056,
        "researchAndDevelopmentExpenses": 18000000,
        "generalAndAdministrativeExpenses": 146000000,
        "sellingAndMarketingExpenses": 0,
        "sellingGeneralAndAdministrativeExpenses": 146000000,
        "otherExpenses": 0,
        "operatingExpenses": 164000000,
        "costAndExpenses": 1768000000,
        "interestIncome": 3000000,
        "interestExpense": 100000000,
        "depreciationAndAmortization": 111000000,
        "ebitda": 213000000,
        "ebitdaratio": 0.1087289433,
        "operatingIncome": 94000000,
        "operatingIncomeRatio": 0.0479836651,
        "totalOtherIncomeExpensesNet": -81000000,
        "incomeBeforeTax": 110000000,
        "incomeBeforeTaxRatio": 0.0561510975,
        "incomeTaxExpense": 32000000,
        "netIncome": 73000000,
        "netIncomeRatio": 0.0372639102,
        "eps": 0.44,
        "epsdiluted": 0.43,
        "weightedAverageShsOut": 163633000,
        "weightedAverageShsOutDil": 166271000,
        "link": "https://www.sec.gov/Archives/edgar/data/812074/000110465911041506/0001104659-11-041506-index.htm",
        "finalLink": "https://www.sec.gov/Archives/edgar/data/812074/000110465911041506/a11-12031_110q.htm"
    },
    {
        "date": "2011-03-31",
        "symbol": "OI",
        "reportedCurrency": "USD",
        "cik": "0000812074",
        "fillingDate": "2011-04-28",
        "acceptedDate": "2011-04-28 16:20:30",
        "calendarYear": "2011",
        "period": "Q1",
        "revenue": 1719000000,
        "costOfRevenue": 1386000000,
        "grossProfit": 333000000,
        "grossProfitRatio": 0.1937172775,
        "researchAndDevelopmentExpenses": 16000000,
        "generalAndAdministrativeExpenses": 142000000,
        "sellingAndMarketingExpenses": 0,
        "sellingGeneralAndAdministrativeExpenses": 142000000,
        "otherExpenses": 0,
        "operatingExpenses": 158000000,
        "costAndExpenses": 1544000000,
        "interestIncome": 3000000,
        "interestExpense": 76000000,
        "depreciationAndAmortization": 106000000,
        "ebitda": 297000000,
        "ebitdaratio": 0.1727748691,
        "operatingIncome": 175000000,
        "operatingIncomeRatio": 0.1018033741,
        "totalOtherIncomeExpensesNet": -70000000,
        "incomeBeforeTax": 105000000,
        "incomeBeforeTaxRatio": 0.0610820244,
        "incomeTaxExpense": 28000000,
        "netIncome": 72000000,
        "netIncomeRatio": 0.0418848168,
        "eps": 0.5,
        "epsdiluted": 0.5,
        "weightedAverageShsOut": 163355000,
        "weightedAverageShsOutDil": 166114000,
        "link": "https://www.sec.gov/Archives/edgar/data/812074/000110465911023681/0001104659-11-023681-index.htm",
        "finalLink": "https://www.sec.gov/Archives/edgar/data/812074/000110465911023681/a11-8277_110q.htm"
    },
    {
        "date": "2010-12-31",
        "symbol": "OI",
        "reportedCurrency": "USD",
        "cik": "0000812074",
        "fillingDate": "2011-02-10",
        "acceptedDate": "2011-02-10 16:21:01",
        "calendarYear": "2010",
        "period": "Q4",
        "revenue": 1598400000,
        "costOfRevenue": 1333200000,
        "grossProfit": 265200000,
        "grossProfitRatio": 0.1659159159,
        "researchAndDevelopmentExpenses": 18700000,
        "generalAndAdministrativeExpenses": 120000000,
        "sellingAndMarketingExpenses": 0,
        "sellingGeneralAndAdministrativeExpenses": 120000000,
        "otherExpenses": 0,
        "operatingExpenses": 138700000,
        "costAndExpenses": 1471900000,
        "interestIncome": 2300000,
        "interestExpense": 72400000,
        "depreciationAndAmortization": 102900000,
        "ebitda": 53100000,
        "ebitdaratio": 0.0332207207,
        "operatingIncome": 126500000,
        "operatingIncomeRatio": 0.0791416416,
        "totalOtherIncomeExpensesNet": -248700000,
        "incomeBeforeTax": -122200000,
        "incomeBeforeTaxRatio": -0.0764514515,
        "incomeTaxExpense": -17200000,
        "netIncome": -412100000,
        "netIncomeRatio": -0.2578203203,
        "eps": -2.53,
        "epsdiluted": -2.52,
        "weightedAverageShsOut": 163170000,
        "weightedAverageShsOutDil": 163355000,
        "link": "https://www.sec.gov/Archives/edgar/data/812074/000104746911000741/0001047469-11-000741-index.htm",
        "finalLink": "https://www.sec.gov/Archives/edgar/data/812074/000104746911000741/a2201749z10-k.htm"
    },
    {
        "date": "2010-09-30",
        "symbol": "OI",
        "reportedCurrency": "USD",
        "cik": "0000812074",
        "fillingDate": "2010-10-28",
        "acceptedDate": "2010-10-28 16:32:46",
        "calendarYear": "2010",
        "period": "Q3",
        "revenue": 1741200000,
        "costOfRevenue": 1364100000,
        "grossProfit": 377100000,
        "grossProfitRatio": 0.216574776,
        "researchAndDevelopmentExpenses": 14200000,
        "generalAndAdministrativeExpenses": 124000000,
        "sellingAndMarketingExpenses": 1400000,
        "sellingGeneralAndAdministrativeExpenses": 125400000,
        "otherExpenses": 0,
        "operatingExpenses": 139600000,
        "costAndExpenses": 1503700000,
        "interestIncome": 2500000,
        "interestExpense": 61000000,
        "depreciationAndAmortization": 98100000,
        "ebitda": 346000000,
        "ebitdaratio": 0.1987135309,
        "operatingIncome": 222000000,
        "operatingIncomeRatio": 0.1274982771,
        "totalOtherIncomeExpensesNet": -14000000,
        "incomeBeforeTax": 208000000,
        "incomeBeforeTaxRatio": 0.1194578452,
        "incomeTaxExpense": 57300000,
        "netIncome": 138700000,
        "netIncomeRatio": 0.0796577073,
        "eps": 0.85,
        "epsdiluted": 0.84,
        "weightedAverageShsOut": 163079000,
        "weightedAverageShsOutDil": 165591000,
        "link": "https://www.sec.gov/Archives/edgar/data/812074/000110465910054354/0001104659-10-054354-index.htm",
        "finalLink": "https://www.sec.gov/Archives/edgar/data/812074/000110465910054354/a10-17236_110q.htm"
    },
    {
        "date": "2010-06-30",
        "symbol": "OI",
        "reportedCurrency": "USD",
        "cik": "0000812074",
        "fillingDate": "2010-07-29",
        "acceptedDate": "2010-07-29 16:33:26",
        "calendarYear": "2010",
        "period": "Q2",
        "revenue": 1710900000,
        "costOfRevenue": 1314000000,
        "grossProfit": 396900000,
        "grossProfitRatio": 0.2319831668,
        "researchAndDevelopmentExpenses": 15200000,
        "generalAndAdministrativeExpenses": 125600000,
        "sellingAndMarketingExpenses": 0,
        "sellingGeneralAndAdministrativeExpenses": 125600000,
        "otherExpenses": 0,
        "operatingExpenses": 140800000,
        "costAndExpenses": 1454800000,
        "interestIncome": 3800000,
        "interestExpense": 60000000,
        "depreciationAndAmortization": 93800000,
        "ebitda": 347000000,
        "ebitdaratio": 0.2028172307,
        "operatingIncome": 256100000,
        "operatingIncomeRatio": 0.1496872991,
        "totalOtherIncomeExpensesNet": -46500000,
        "incomeBeforeTax": 209600000,
        "incomeBeforeTaxRatio": 0.1225086212,
        "incomeTaxExpense": 54700000,
        "netIncome": 141100000,
        "netIncomeRatio": 0.082471214,
        "eps": 0.86,
        "epsdiluted": 0.85,
        "weightedAverageShsOut": 163501000,
        "weightedAverageShsOutDil": 166459000,
        "link": "https://www.sec.gov/Archives/edgar/data/812074/000110465910040529/0001104659-10-040529-index.htm",
        "finalLink": "https://www.sec.gov/Archives/edgar/data/812074/000110465910040529/a10-11898_110q.htm"
    },
    {
        "date": "2010-03-31",
        "symbol": "OI",
        "reportedCurrency": "USD",
        "cik": "0000812074",
        "fillingDate": "2010-04-29",
        "acceptedDate": "2010-04-29 16:30:49",
        "calendarYear": "2010",
        "period": "Q1",
        "revenue": 1582500000,
        "costOfRevenue": 1271700000,
        "grossProfit": 310800000,
        "grossProfitRatio": 0.1963981043,
        "researchAndDevelopmentExpenses": 13900000,
        "generalAndAdministrativeExpenses": 121000000,
        "sellingAndMarketingExpenses": 0,
        "sellingGeneralAndAdministrativeExpenses": 121000000,
        "otherExpenses": 0,
        "operatingExpenses": 134900000,
        "costAndExpenses": 1406600000,
        "interestIncome": 4400000,
        "interestExpense": 55600000,
        "depreciationAndAmortization": 96200000,
        "ebitda": 274000000,
        "ebitdaratio": 0.1731437599,
        "operatingIncome": 175900000,
        "operatingIncomeRatio": 0.1111532385,
        "totalOtherIncomeExpensesNet": -47300000,
        "incomeBeforeTax": 128600000,
        "incomeBeforeTaxRatio": 0.0812638231,
        "incomeTaxExpense": 34200000,
        "netIncome": 85300000,
        "netIncomeRatio": 0.0539020537,
        "eps": 0.51,
        "epsdiluted": 0.5,
        "weightedAverageShsOut": 167381000,
        "weightedAverageShsOutDil": 170671000,
        "link": "https://www.sec.gov/Archives/edgar/data/812074/000110465910023370/0001104659-10-023370-index.htm",
        "finalLink": "https://www.sec.gov/Archives/edgar/data/812074/000110465910023370/a10-5710_110q.htm"
    },
    {
        "date": "2009-12-31",
        "symbol": "OI",
        "reportedCurrency": "USD",
        "cik": "0000812074",
        "fillingDate": "2010-02-10",
        "acceptedDate": "2010-02-10 16:34:31",
        "calendarYear": "2009",
        "period": "Q4",
        "revenue": 1865900000,
        "costOfRevenue": 1534900000,
        "grossProfit": 331000000,
        "grossProfitRatio": 0.1773942869,
        "researchAndDevelopmentExpenses": 16500000,
        "generalAndAdministrativeExpenses": 137300000,
        "sellingAndMarketingExpenses": 0,
        "sellingGeneralAndAdministrativeExpenses": 137300000,
        "otherExpenses": 0,
        "operatingExpenses": 153800000,
        "costAndExpenses": 1688700000,
        "interestIncome": 7500000,
        "interestExpense": 57100000,
        "depreciationAndAmortization": 103600000,
        "ebitda": 301300000,
        "ebitdaratio": 0.1614770352,
        "operatingIncome": 177200000,
        "operatingIncomeRatio": 0.094967576,
        "totalOtherIncomeExpensesNet": -346700000,
        "incomeBeforeTax": -169500000,
        "incomeBeforeTaxRatio": -0.0908408811,
        "incomeTaxExpense": -17000000,
        "netIncome": -159300000,
        "netIncomeRatio": -0.0853743502,
        "eps": -0.95,
        "epsdiluted": -0.95,
        "weightedAverageShsOut": 167381000,
        "weightedAverageShsOutDil": 167381000,
        "link": "https://www.sec.gov/Archives/edgar/data/812074/000110465910006102/0001104659-10-006102-index.htm",
        "finalLink": "https://www.sec.gov/Archives/edgar/data/812074/000110465910006102/a09-35364_110k.htm"
    },
    {
        "date": "2009-09-30",
        "symbol": "OI",
        "reportedCurrency": "USD",
        "cik": "0000812074",
        "fillingDate": "2009-10-29",
        "acceptedDate": "2009-10-29 16:38:18",
        "calendarYear": "2009",
        "period": "Q3",
        "revenue": 1874600000,
        "costOfRevenue": 1425900000,
        "grossProfit": 448700000,
        "grossProfitRatio": 0.2393577296,
        "researchAndDevelopmentExpenses": 14300000,
        "generalAndAdministrativeExpenses": 128200000,
        "sellingAndMarketingExpenses": 0,
        "sellingGeneralAndAdministrativeExpenses": 128200000,
        "otherExpenses": 0,
        "operatingExpenses": 142500000,
        "costAndExpenses": 1568400000,
        "interestIncome": 6100000,
        "interestExpense": 58600000,
        "depreciationAndAmortization": 100800000,
        "ebitda": 352200000,
        "ebitdaratio": 0.1878800811,
        "operatingIncome": 306200000,
        "operatingIncomeRatio": 0.1633415129,
        "totalOtherIncomeExpensesNet": -113400000,
        "incomeBeforeTax": 192800000,
        "incomeBeforeTaxRatio": 0.1028486077,
        "incomeTaxExpense": 63800000,
        "netIncome": 126700000,
        "netIncomeRatio": 0.0675877521,
        "eps": 0.75,
        "epsdiluted": 0.74,
        "weightedAverageShsOut": 167877000,
        "weightedAverageShsOutDil": 171543000,
        "link": "https://www.sec.gov/Archives/edgar/data/812074/000110465909061200/0001104659-09-061200-index.htm",
        "finalLink": "https://www.sec.gov/Archives/edgar/data/812074/000110465909061200/a09-24240_110q.htm"
    },
    {
        "date": "2009-06-30",
        "symbol": "OI",
        "reportedCurrency": "USD",
        "cik": "0000812074",
        "fillingDate": "2009-08-07",
        "acceptedDate": "2009-08-07 10:40:26",
        "calendarYear": "2009",
        "period": "Q2",
        "revenue": 1807000000,
        "costOfRevenue": 1399600000,
        "grossProfit": 407400000,
        "grossProfitRatio": 0.2254565578,
        "researchAndDevelopmentExpenses": 14100000,
        "generalAndAdministrativeExpenses": 122400000,
        "sellingAndMarketingExpenses": 0,
        "sellingGeneralAndAdministrativeExpenses": 122400000,
        "otherExpenses": 0,
        "operatingExpenses": 136500000,
        "costAndExpenses": 1536100000,
        "interestIncome": 6500000,
        "interestExpense": 57900000,
        "depreciationAndAmortization": 98800000,
        "ebitda": 368700000,
        "ebitdaratio": 0.204039845,
        "operatingIncome": 270900000,
        "operatingIncomeRatio": 0.1499169895,
        "totalOtherIncomeExpensesNet": -58900000,
        "incomeBeforeTax": 212000000,
        "incomeBeforeTaxRatio": 0.1173215274,
        "incomeTaxExpense": 49500000,
        "netIncome": 162500000,
        "netIncomeRatio": 0.0899280576,
        "eps": 0.89,
        "epsdiluted": 0.88,
        "weightedAverageShsOut": 167764000,
        "weightedAverageShsOutDil": 170493000,
        "link": "https://www.sec.gov/Archives/edgar/data/812074/000110465909048054/0001104659-09-048054-index.htm",
        "finalLink": "https://www.sec.gov/Archives/edgar/data/812074/000110465909048054/a09-16165_110q.htm"
    },
    {
        "date": "2009-03-31",
        "symbol": "OI",
        "reportedCurrency": "USD",
        "cik": "0000812074",
        "fillingDate": "2009-05-06",
        "acceptedDate": "2009-05-06 16:14:26",
        "calendarYear": "2009",
        "period": "Q1",
        "revenue": 1519000000,
        "costOfRevenue": 1222200000,
        "grossProfit": 296800000,
        "grossProfitRatio": 0.1953917051,
        "researchAndDevelopmentExpenses": 13900000,
        "generalAndAdministrativeExpenses": 118500000,
        "sellingAndMarketingExpenses": 0,
        "sellingGeneralAndAdministrativeExpenses": 118500000,
        "otherExpenses": 0,
        "operatingExpenses": 132400000,
        "costAndExpenses": 1354600000,
        "interestIncome": 8500000,
        "interestExpense": 48100000,
        "depreciationAndAmortization": 92700000,
        "ebitda": 230800000,
        "ebitdaratio": 0.1519420671,
        "operatingIncome": 164400000,
        "operatingIncomeRatio": 0.1082290981,
        "totalOtherIncomeExpensesNet": -74400000,
        "incomeBeforeTax": 90000000,
        "incomeBeforeTaxRatio": 0.0592495063,
        "incomeTaxExpense": 31200000,
        "netIncome": 45100000,
        "netIncomeRatio": 0.0296905859,
        "eps": 0.27,
        "epsdiluted": 0.27,
        "weightedAverageShsOut": 167080000,
        "weightedAverageShsOutDil": 168469000,
        "link": "https://www.sec.gov/Archives/edgar/data/812074/000110465909030006/0001104659-09-030006-index.htm",
        "finalLink": "https://www.sec.gov/Archives/edgar/data/812074/000110465909030006/a09-9069_110q.htm"
    },
    {
        "date": "2008-12-31",
        "symbol": "OI",
        "reportedCurrency": "USD",
        "cik": "0000812074",
        "fillingDate": "2009-02-17",
        "acceptedDate": "2009-02-17 14:39:32",
        "calendarYear": "2008",
        "period": "Q4",
        "revenue": 1705000000,
        "costOfRevenue": 1417700000,
        "grossProfit": 287300000,
        "grossProfitRatio": 0.1685043988,
        "researchAndDevelopmentExpenses": 15600000,
        "generalAndAdministrativeExpenses": 132500000,
        "sellingAndMarketingExpenses": 0,
        "sellingGeneralAndAdministrativeExpenses": 132500000,
        "otherExpenses": 0,
        "operatingExpenses": 148100000,
        "costAndExpenses": 1565800000,
        "interestIncome": 0,
        "interestExpense": 0,
        "depreciationAndAmortization": 64200000,
        "ebitda": -83300000,
        "ebitdaratio": -0.048856305,
        "operatingIncome": 139200000,
        "operatingIncomeRatio": 0.0816422287,
        "totalOtherIncomeExpensesNet": -295300000,
        "incomeBeforeTax": -156100000,
        "incomeBeforeTaxRatio": -0.0915542522,
        "incomeTaxExpense": 53700000,
        "netIncome": -229700000,
        "netIncomeRatio": -0.1347214076,
        "eps": -1.39,
        "epsdiluted": -1.37,
        "weightedAverageShsOut": 165542000,
        "weightedAverageShsOutDil": 167080000,
        "link": "https://www.sec.gov/Archives/edgar/data/812074/000110465909010082/0001104659-09-010082-index.htm",
        "finalLink": "https://www.sec.gov/Archives/edgar/data/812074/000110465909010082/a09-1539_110k.htm"
    },
    {
        "date": "2008-09-30",
        "symbol": "OI",
        "reportedCurrency": "USD",
        "cik": "0000812074",
        "fillingDate": "2008-11-07",
        "acceptedDate": "2008-11-07 13:10:42",
        "calendarYear": "2008",
        "period": "Q3",
        "revenue": 2008600000,
        "costOfRevenue": 1601300000,
        "grossProfit": 407300000,
        "grossProfitRatio": 0.2027780544,
        "researchAndDevelopmentExpenses": 17100000,
        "generalAndAdministrativeExpenses": 120800000,
        "sellingAndMarketingExpenses": 0,
        "sellingGeneralAndAdministrativeExpenses": 120800000,
        "otherExpenses": 0,
        "operatingExpenses": 137900000,
        "costAndExpenses": 1739200000,
        "interestIncome": 0,
        "interestExpense": 0,
        "depreciationAndAmortization": 119300000,
        "ebitda": 392700000,
        "ebitdaratio": 0.19550931,
        "operatingIncome": 269400000,
        "operatingIncomeRatio": 0.1341232699,
        "totalOtherIncomeExpensesNet": -130600000,
        "incomeBeforeTax": 138800000,
        "incomeBeforeTaxRatio": 0.0691028577,
        "incomeTaxExpense": 42200000,
        "netIncome": 78600000,
        "netIncomeRatio": 0.0391317335,
        "eps": 0.47,
        "epsdiluted": 0.46,
        "weightedAverageShsOut": 165462000,
        "weightedAverageShsOutDil": 170058000,
        "link": "https://www.sec.gov/Archives/edgar/data/812074/000110465908069074/0001104659-08-069074-index.htm",
        "finalLink": "https://www.sec.gov/Archives/edgar/data/812074/000110465908069074/a08-25802_110q.htm"
    },
    {
        "date": "2008-06-30",
        "symbol": "OI",
        "reportedCurrency": "USD",
        "cik": "0000812074",
        "fillingDate": "2008-08-08",
        "acceptedDate": "2008-08-08 16:38:53",
        "calendarYear": "2008",
        "period": "Q2",
        "revenue": 2210600000,
        "costOfRevenue": 1685400000,
        "grossProfit": 525200000,
        "grossProfitRatio": 0.2375825568,
        "researchAndDevelopmentExpenses": 17900000,
        "generalAndAdministrativeExpenses": 130800000,
        "sellingAndMarketingExpenses": 0,
        "sellingGeneralAndAdministrativeExpenses": 130800000,
        "otherExpenses": 0,
        "operatingExpenses": 148700000,
        "costAndExpenses": 1834100000,
        "interestIncome": 10000000,
        "interestExpense": 69200000,
        "depreciationAndAmortization": 124400000,
        "ebitda": 512100000,
        "ebitdaratio": 0.2316565638,
        "operatingIncome": 376500000,
        "operatingIncomeRatio": 0.1703157514,
        "totalOtherIncomeExpensesNet": -55900000,
        "incomeBeforeTax": 320600000,
        "incomeBeforeTaxRatio": 0.1450284991,
        "incomeTaxExpense": 75900000,
        "netIncome": 231300000,
        "netIncomeRatio": 0.1046322265,
        "eps": 1.39,
        "epsdiluted": 1.35,
        "weightedAverageShsOut": 165350000,
        "weightedAverageShsOutDil": 170550000,
        "link": "https://www.sec.gov/Archives/edgar/data/812074/000110465908051405/0001104659-08-051405-index.htm",
        "finalLink": "https://www.sec.gov/Archives/edgar/data/812074/000110465908051405/a08-19187_110q.htm"
    },
    {
        "date": "2008-03-31",
        "symbol": "OI",
        "reportedCurrency": "USD",
        "cik": "0000812074",
        "fillingDate": "2008-05-09",
        "acceptedDate": "2008-05-09 08:02:01",
        "calendarYear": "2008",
        "period": "Q1",
        "revenue": 1960500000,
        "costOfRevenue": 1503700000,
        "grossProfit": 456800000,
        "grossProfitRatio": 0.2330017853,
        "researchAndDevelopmentExpenses": 16000000,
        "generalAndAdministrativeExpenses": 127800000,
        "sellingAndMarketingExpenses": 0,
        "sellingGeneralAndAdministrativeExpenses": 127800000,
        "otherExpenses": 0,
        "operatingExpenses": 143800000,
        "costAndExpenses": 1647500000,
        "interestIncome": 8700000,
        "interestExpense": 64300000,
        "depreciationAndAmortization": 123100000,
        "ebitda": 440600000,
        "ebitdaratio": 0.2247385871,
        "operatingIncome": 313000000,
        "operatingIncomeRatio": 0.1596531497,
        "totalOtherIncomeExpensesNet": -57900000,
        "incomeBeforeTax": 255100000,
        "incomeBeforeTaxRatio": 0.1301198674,
        "incomeTaxExpense": 64900000,
        "netIncome": 178100000,
        "netIncomeRatio": 0.0908441724,
        "eps": 1.09,
        "epsdiluted": 1.04,
        "weightedAverageShsOut": 156324000,
        "weightedAverageShsOutDil": 170517000,
        "link": "https://www.sec.gov/Archives/edgar/data/812074/000110465908031530/0001104659-08-031530-index.htm",
        "finalLink": "https://www.sec.gov/Archives/edgar/data/812074/000110465908031530/a08-13771_110q.htm"
    },
    {
        "date": "2007-12-31",
        "symbol": "OI",
        "reportedCurrency": "USD",
        "cik": "0000812074",
        "fillingDate": "2008-02-29",
        "acceptedDate": "2008-02-29 14:44:55",
        "calendarYear": "2007",
        "period": "Q4",
        "revenue": 1994000000,
        "costOfRevenue": 1536400000,
        "grossProfit": 457600000,
        "grossProfitRatio": 0.2294884654,
        "researchAndDevelopmentExpenses": 19300000,
        "generalAndAdministrativeExpenses": 132300000,
        "sellingAndMarketingExpenses": 0,
        "sellingGeneralAndAdministrativeExpenses": 132300000,
        "otherExpenses": 0,
        "operatingExpenses": 151600000,
        "costAndExpenses": 1688000000,
        "interestIncome": 0,
        "interestExpense": 0,
        "depreciationAndAmortization": 114500000,
        "ebitda": 420500000,
        "ebitdaratio": 0.2108826479,
        "operatingIncome": 306000000,
        "operatingIncomeRatio": 0.1534603811,
        "totalOtherIncomeExpensesNet": -251800000,
        "incomeBeforeTax": 54200000,
        "incomeBeforeTaxRatio": 0.0271815446,
        "incomeTaxExpense": 24300000,
        "netIncome": -18800000,
        "netIncomeRatio": -0.0094282849,
        "eps": -0.12,
        "epsdiluted": -0.12,
        "weightedAverageShsOut": 155629076,
        "weightedAverageShsOutDil": 156324000,
        "link": "https://www.sec.gov/Archives/edgar/data/812074/000110465908014206/0001104659-08-014206-index.htm",
        "finalLink": "https://www.sec.gov/Archives/edgar/data/812074/000110465908014206/a08-2811_110k.htm"
    },
    {
        "date": "2007-09-30",
        "symbol": "OI",
        "reportedCurrency": "USD",
        "cik": "0000812074",
        "fillingDate": "2007-11-09",
        "acceptedDate": "2007-11-09 14:13:48",
        "calendarYear": "2007",
        "period": "Q3",
        "revenue": 1967100000,
        "costOfRevenue": 1511200000,
        "grossProfit": 455900000,
        "grossProfitRatio": 0.231762493,
        "researchAndDevelopmentExpenses": 15300000,
        "generalAndAdministrativeExpenses": 130500000,
        "sellingAndMarketingExpenses": 0,
        "sellingGeneralAndAdministrativeExpenses": 130500000,
        "otherExpenses": 0,
        "operatingExpenses": 145800000,
        "costAndExpenses": 1657000000,
        "interestIncome": 0,
        "interestExpense": 0,
        "depreciationAndAmortization": 121100000,
        "ebitda": 392500000,
        "ebitdaratio": 0.1995323064,
        "operatingIncome": 310100000,
        "operatingIncomeRatio": 0.1576432312,
        "totalOtherIncomeExpensesNet": -131000000,
        "incomeBeforeTax": 140400000,
        "incomeBeforeTaxRatio": 0.071374104,
        "incomeTaxExpense": 46700000,
        "netIncome": 1156500000,
        "netIncomeRatio": 0.5879213055,
        "eps": 7.44,
        "epsdiluted": 6.86,
        "weightedAverageShsOut": 154730000,
        "weightedAverageShsOutDil": 168681000,
        "link": "https://www.sec.gov/Archives/edgar/data/812074/000104746907008867/0001047469-07-008867-index.htm",
        "finalLink": "https://www.sec.gov/Archives/edgar/data/812074/000104746907008867/a2180915z10-q.htm"
    },
    {
        "date": "2007-06-30",
        "symbol": "OI",
        "reportedCurrency": "USD",
        "cik": "0000812074",
        "fillingDate": "2007-08-07",
        "acceptedDate": "2007-08-07 15:53:23",
        "calendarYear": "2007",
        "period": "Q2",
        "revenue": 2017100000,
        "costOfRevenue": 1567600000,
        "grossProfit": 449500000,
        "grossProfitRatio": 0.222844678,
        "researchAndDevelopmentExpenses": 16500000,
        "generalAndAdministrativeExpenses": 130600000,
        "sellingAndMarketingExpenses": 0,
        "sellingGeneralAndAdministrativeExpenses": 130600000,
        "otherExpenses": 0,
        "operatingExpenses": 147100000,
        "costAndExpenses": 1714700000,
        "interestIncome": 0,
        "interestExpense": 0,
        "depreciationAndAmortization": 105500000,
        "ebitda": 400200000,
        "ebitdaratio": 0.1984036488,
        "operatingIncome": 302400000,
        "operatingIncomeRatio": 0.1499181994,
        "totalOtherIncomeExpensesNet": -94400000,
        "incomeBeforeTax": 206600000,
        "incomeBeforeTaxRatio": 0.1024242725,
        "incomeTaxExpense": 38200000,
        "netIncome": 149700000,
        "netIncomeRatio": 0.0742154578,
        "eps": 0.94,
        "epsdiluted": 0.89,
        "weightedAverageShsOut": 153547000,
        "weightedAverageShsOutDil": 167218000,
        "link": "https://www.sec.gov/Archives/edgar/data/812074/000110465907059666/0001104659-07-059666-index.htm",
        "finalLink": "https://www.sec.gov/Archives/edgar/data/812074/000110465907059666/a07-19142_110q.htm"
    },
    {
        "date": "2007-03-31",
        "symbol": "OI",
        "reportedCurrency": "USD",
        "cik": "0000812074",
        "fillingDate": "2007-05-10",
        "acceptedDate": "2007-05-10 13:24:48",
        "calendarYear": "2007",
        "period": "Q1",
        "revenue": 1877500000,
        "costOfRevenue": 1500500000,
        "grossProfit": 377000000,
        "grossProfitRatio": 0.2007989348,
        "researchAndDevelopmentExpenses": 18500000,
        "generalAndAdministrativeExpenses": 135400000,
        "sellingAndMarketingExpenses": 0,
        "sellingGeneralAndAdministrativeExpenses": 135400000,
        "otherExpenses": 0,
        "operatingExpenses": 153900000,
        "costAndExpenses": 1654400000,
        "interestIncome": 0,
        "interestExpense": 0,
        "depreciationAndAmortization": 119800000,
        "ebitda": 293300000,
        "ebitdaratio": 0.1562183755,
        "operatingIncome": 223100000,
        "operatingIncomeRatio": 0.118828229,
        "totalOtherIncomeExpensesNet": -94300000,
        "incomeBeforeTax": 103100000,
        "incomeBeforeTaxRatio": 0.0549134487,
        "incomeTaxExpense": 38400000,
        "netIncome": 53200000,
        "netIncomeRatio": 0.0283355526,
        "eps": 0.31,
        "epsdiluted": 0.3,
        "weightedAverageShsOut": 152936000,
        "weightedAverageShsOutDil": 156993000,
        "link": "https://www.sec.gov/Archives/edgar/data/812074/000110465907038099/0001104659-07-038099-index.htm",
        "finalLink": "https://www.sec.gov/Archives/edgar/data/812074/000110465907038099/a07-11167_110q.htm"
    },
    {
        "date": "2006-12-31",
        "symbol": "OI",
        "reportedCurrency": "USD",
        "cik": "0000812074",
        "fillingDate": "2007-03-01",
        "acceptedDate": "2007-03-01 13:49:27",
        "calendarYear": "2006",
        "period": "Q4",
        "revenue": 1911600000,
        "costOfRevenue": 1558200000,
        "grossProfit": 353400000,
        "grossProfitRatio": 0.184871312,
        "researchAndDevelopmentExpenses": 12500000,
        "generalAndAdministrativeExpenses": 163700000,
        "sellingAndMarketingExpenses": 0,
        "sellingGeneralAndAdministrativeExpenses": 163700000,
        "otherExpenses": 0,
        "operatingExpenses": 176200000,
        "costAndExpenses": 1734400000,
        "interestIncome": 0,
        "interestExpense": 0,
        "depreciationAndAmortization": 125500000,
        "ebitda": 302700000,
        "ebitdaratio": 0.158349027,
        "operatingIncome": 177200000,
        "operatingIncomeRatio": 0.092697217,
        "totalOtherIncomeExpensesNet": -248700000,
        "incomeBeforeTax": -71500000,
        "incomeBeforeTaxRatio": -0.0374032224,
        "incomeTaxExpense": 19600000,
        "netIncome": -102800000,
        "netIncomeRatio": -0.0537769408,
        "eps": -0.67,
        "epsdiluted": -0.67,
        "weightedAverageShsOut": 152473000,
        "weightedAverageShsOutDil": 152936000,
        "link": "https://www.sec.gov/Archives/edgar/data/812074/000110465907015390/0001104659-07-015390-index.htm",
        "finalLink": "https://www.sec.gov/Archives/edgar/data/812074/000110465907015390/a07-5962_110k.htm"
    },
    {
        "date": "2006-09-30",
        "symbol": "OI",
        "reportedCurrency": "USD",
        "cik": "0000812074",
        "fillingDate": "2006-11-09",
        "acceptedDate": "2006-11-09 11:35:07",
        "calendarYear": "2006",
        "period": "Q3",
        "revenue": 1933200000,
        "costOfRevenue": 1555200000,
        "grossProfit": 378000000,
        "grossProfitRatio": 0.1955307263,
        "researchAndDevelopmentExpenses": 18800000,
        "generalAndAdministrativeExpenses": 137200000,
        "sellingAndMarketingExpenses": 0,
        "sellingGeneralAndAdministrativeExpenses": 137200000,
        "otherExpenses": 0,
        "operatingExpenses": 156000000,
        "costAndExpenses": 1711200000,
        "interestIncome": 0,
        "interestExpense": 0,
        "depreciationAndAmortization": 127400000,
        "ebitda": 304500000,
        "ebitdaratio": 0.1575108628,
        "operatingIncome": 222000000,
        "operatingIncomeRatio": 0.1148355059,
        "totalOtherIncomeExpensesNet": -135100000,
        "incomeBeforeTax": 67700000,
        "incomeBeforeTaxRatio": 0.0350196565,
        "incomeTaxExpense": 46400000,
        "netIncome": 8400000,
        "netIncomeRatio": 0.0043451273,
        "eps": 0.02,
        "epsdiluted": 0.02,
        "weightedAverageShsOut": 152150000,
        "weightedAverageShsOutDil": 153876000,
        "link": "https://www.sec.gov/Archives/edgar/data/812074/000110465906073320/0001104659-06-073320-index.htm",
        "finalLink": "https://www.sec.gov/Archives/edgar/data/812074/000110465906073320/a06-22071_110q.htm"
    },
    {
        "date": "2006-06-30",
        "symbol": "OI",
        "reportedCurrency": "USD",
        "cik": "0000812074",
        "fillingDate": "2006-08-08",
        "acceptedDate": "2006-08-08 16:31:12",
        "calendarYear": "2006",
        "period": "Q2",
        "revenue": 1965600000,
        "costOfRevenue": 1585600000,
        "grossProfit": 380000000,
        "grossProfitRatio": 0.1933251933,
        "researchAndDevelopmentExpenses": 16300000,
        "generalAndAdministrativeExpenses": 134600000,
        "sellingAndMarketingExpenses": 0,
        "sellingGeneralAndAdministrativeExpenses": 134600000,
        "otherExpenses": 0,
        "operatingExpenses": 150900000,
        "costAndExpenses": 1736500000,
        "interestIncome": 0,
        "interestExpense": 0,
        "depreciationAndAmortization": 128700000,
        "ebitda": 296300000,
        "ebitdaratio": 0.1507427757,
        "operatingIncome": 229100000,
        "operatingIncomeRatio": 0.1165547416,
        "totalOtherIncomeExpensesNet": -105900000,
        "incomeBeforeTax": 89700000,
        "incomeBeforeTaxRatio": 0.0456349206,
        "incomeTaxExpense": 37200000,
        "netIncome": 42600000,
        "netIncomeRatio": 0.0216727717,
        "eps": 0.25,
        "epsdiluted": 0.24,
        "weightedAverageShsOut": 151975000,
        "weightedAverageShsOutDil": 153960000,
        "link": "https://www.sec.gov/Archives/edgar/data/812074/000110465906052532/0001104659-06-052532-index.htm",
        "finalLink": "https://www.sec.gov/Archives/edgar/data/812074/000110465906052532/a06-15797_110q.htm"
    },
    {
        "date": "2006-03-31",
        "symbol": "OI",
        "reportedCurrency": "USD",
        "cik": "0000812074",
        "fillingDate": "2006-05-10",
        "acceptedDate": "2006-05-10 13:24:11",
        "calendarYear": "2006",
        "period": "Q1",
        "revenue": 1692200000,
        "costOfRevenue": 1385000000,
        "grossProfit": 307200000,
        "grossProfitRatio": 0.1815388252,
        "researchAndDevelopmentExpenses": 16200000,
        "generalAndAdministrativeExpenses": 129300000,
        "sellingAndMarketingExpenses": 0,
        "sellingGeneralAndAdministrativeExpenses": 129300000,
        "otherExpenses": 0,
        "operatingExpenses": 145500000,
        "costAndExpenses": 1530500000,
        "interestIncome": 0,
        "interestExpense": 0,
        "depreciationAndAmortization": 127600000,
        "ebitda": 289300000,
        "ebitdaratio": 0.1709608793,
        "operatingIncome": 161700000,
        "operatingIncomeRatio": 0.0955560808,
        "totalOtherIncomeExpensesNet": -105000000,
        "incomeBeforeTax": 56700000,
        "incomeBeforeTaxRatio": 0.0335066777,
        "incomeTaxExpense": 23300000,
        "netIncome": 24300000,
        "netIncomeRatio": 0.0143600047,
        "eps": 0.12,
        "epsdiluted": 0.12,
        "weightedAverageShsOut": 151679000,
        "weightedAverageShsOutDil": 154005000,
        "link": "https://www.sec.gov/Archives/edgar/data/812074/000110465906033112/0001104659-06-033112-index.htm",
        "finalLink": "https://www.sec.gov/Archives/edgar/data/812074/000110465906033112/a06-11360_110q.htm"
    },
    {
        "date": "2005-12-31",
        "symbol": "OI",
        "reportedCurrency": "USD",
        "cik": "0000812074",
        "fillingDate": "2006-03-16",
        "acceptedDate": "2006-03-16 10:12:09",
        "calendarYear": "2005",
        "period": "Q4",
        "revenue": 1783000000,
        "costOfRevenue": 1482600000,
        "grossProfit": 300400000,
        "grossProfitRatio": 0.1684800897,
        "researchAndDevelopmentExpenses": 10800000,
        "generalAndAdministrativeExpenses": 136600000,
        "sellingAndMarketingExpenses": 0,
        "sellingGeneralAndAdministrativeExpenses": 136600000,
        "otherExpenses": 1135300000,
        "operatingExpenses": 1282700000,
        "costAndExpenses": 2765300000,
        "interestIncome": 0,
        "interestExpense": 0,
        "depreciationAndAmortization": 132400000,
        "ebitda": -849900000,
        "ebitdaratio": -0.4766685362,
        "operatingIncome": -982300000,
        "operatingIncomeRatio": -0.5509254066,
        "totalOtherIncomeExpensesNet": 373800000,
        "incomeBeforeTax": -608500000,
        "incomeBeforeTaxRatio": -0.3412787437,
        "incomeTaxExpense": 262500000,
        "netIncome": -881900000,
        "netIncomeRatio": -0.494615816,
        "eps": -5.82,
        "epsdiluted": -5.81,
        "weightedAverageShsOut": 151459000,
        "weightedAverageShsOutDil": 151679000,
        "link": "https://www.sec.gov/Archives/edgar/data/812074/000110465906017125/0001104659-06-017125-index.htm",
        "finalLink": "https://www.sec.gov/Archives/edgar/data/812074/000110465906017125/a06-6864_110k.htm"
    },
    {
        "date": "2005-09-30",
        "symbol": "OI",
        "reportedCurrency": "USD",
        "cik": "0000812074",
        "fillingDate": "2005-11-09",
        "acceptedDate": "2005-11-09 10:27:58",
        "calendarYear": "2005",
        "period": "Q3",
        "revenue": 1825500000,
        "costOfRevenue": 1473500000,
        "grossProfit": 352000000,
        "grossProfitRatio": 0.1928238839,
        "researchAndDevelopmentExpenses": 6600000,
        "generalAndAdministrativeExpenses": 131200000,
        "sellingAndMarketingExpenses": 0,
        "sellingGeneralAndAdministrativeExpenses": 131200000,
        "otherExpenses": 0,
        "operatingExpenses": 137800000,
        "costAndExpenses": 1611300000,
        "interestIncome": 0,
        "interestExpense": 0,
        "depreciationAndAmortization": 129200000,
        "ebitda": 343400000,
        "ebitdaratio": 0.1881128458,
        "operatingIncome": 214200000,
        "operatingIncomeRatio": 0.1173377157,
        "totalOtherIncomeExpensesNet": -125300000,
        "incomeBeforeTax": 88900000,
        "incomeBeforeTaxRatio": 0.0486989866,
        "incomeTaxExpense": 22700000,
        "netIncome": 119600000,
        "netIncomeRatio": 0.0655162969,
        "eps": 0.75,
        "epsdiluted": 0.75,
        "weightedAverageShsOut": 151280000,
        "weightedAverageShsOutDil": 153357000,
        "link": "https://www.sec.gov/Archives/edgar/data/812074/000110465905053826/0001104659-05-053826-index.htm",
        "finalLink": "https://www.sec.gov/Archives/edgar/data/812074/000110465905053826/a05-18551_210q.htm"
    },
    {
        "date": "2005-06-30",
        "symbol": "OI",
        "reportedCurrency": "USD",
        "cik": "0000812074",
        "fillingDate": "2005-08-09",
        "acceptedDate": "2005-08-09 14:54:08",
        "calendarYear": "2005",
        "period": "Q2",
        "revenue": 1872800000,
        "costOfRevenue": 1474900000,
        "grossProfit": 397900000,
        "grossProfitRatio": 0.2124626228,
        "researchAndDevelopmentExpenses": 15700000,
        "generalAndAdministrativeExpenses": 119000000,
        "sellingAndMarketingExpenses": 0,
        "sellingGeneralAndAdministrativeExpenses": 119000000,
        "otherExpenses": 0,
        "operatingExpenses": 134700000,
        "costAndExpenses": 1609600000,
        "interestIncome": 0,
        "interestExpense": 0,
        "depreciationAndAmortization": 121200000,
        "ebitda": 384400000,
        "ebitdaratio": 0.2052541649,
        "operatingIncome": 263200000,
        "operatingIncomeRatio": 0.1405382315,
        "totalOtherIncomeExpensesNet": -123200000,
        "incomeBeforeTax": 140000000,
        "incomeBeforeTaxRatio": 0.0747543785,
        "incomeTaxExpense": 45500000,
        "netIncome": 86200000,
        "netIncomeRatio": 0.0460273387,
        "eps": 0.54,
        "epsdiluted": 0.53,
        "weightedAverageShsOut": 150804000,
        "weightedAverageShsOutDil": 153141000,
        "link": "https://www.sec.gov/Archives/edgar/data/812074/000110465905037801/0001104659-05-037801-index.htm",
        "finalLink": "https://www.sec.gov/Archives/edgar/data/812074/000110465905037801/a05-14446_110q.htm"
    },
    {
        "date": "2005-03-31",
        "symbol": "OI",
        "reportedCurrency": "USD",
        "cik": "0000812074",
        "fillingDate": "2005-05-10",
        "acceptedDate": "2005-05-10 14:42:20",
        "calendarYear": "2005",
        "period": "Q1",
        "revenue": 1708400000,
        "costOfRevenue": 1288500000,
        "grossProfit": 419900000,
        "grossProfitRatio": 0.2457855303,
        "researchAndDevelopmentExpenses": 6200000,
        "generalAndAdministrativeExpenses": 134200000,
        "sellingAndMarketingExpenses": 0,
        "sellingGeneralAndAdministrativeExpenses": 134200000,
        "otherExpenses": 0,
        "operatingExpenses": 140400000,
        "costAndExpenses": 1428900000,
        "interestIncome": 0,
        "interestExpense": 0,
        "depreciationAndAmortization": 141200000,
        "ebitda": 386800000,
        "ebitdaratio": 0.2264106767,
        "operatingIncome": 279500000,
        "operatingIncomeRatio": 0.1636033716,
        "totalOtherIncomeExpensesNet": -91700000,
        "incomeBeforeTax": 161000000,
        "incomeBeforeTaxRatio": 0.0942402248,
        "incomeTaxExpense": 36400000,
        "netIncome": 117500000,
        "netIncomeRatio": 0.0687778038,
        "eps": 0.75,
        "epsdiluted": 0.73,
        "weightedAverageShsOut": 150079000,
        "weightedAverageShsOutDil": 161010000,
        "link": "https://www.sec.gov/Archives/edgar/data/812074/000104746905014152/0001047469-05-014152-index.htm",
        "finalLink": "https://www.sec.gov/Archives/edgar/data/812074/000104746905014152/a2157769z10-q.htm"
    },
    {
        "date": "2004-12-31",
        "symbol": "OI",
        "reportedCurrency": "USD",
        "cik": "0000812074",
        "fillingDate": "2005-03-16",
        "acceptedDate": "2005-03-16 15:58:01",
        "calendarYear": "2004",
        "period": "Q4",
        "revenue": 1778500000,
        "costOfRevenue": 1375100000,
        "grossProfit": 403400000,
        "grossProfitRatio": 0.2268203542,
        "researchAndDevelopmentExpenses": 7200000,
        "generalAndAdministrativeExpenses": 149600000,
        "sellingAndMarketingExpenses": 0,
        "sellingGeneralAndAdministrativeExpenses": 149600000,
        "otherExpenses": 673400000,
        "operatingExpenses": 830200000,
        "costAndExpenses": 2205300000,
        "interestIncome": 0,
        "interestExpense": 685200000,
        "depreciationAndAmortization": 127800000,
        "ebitda": -299000000,
        "ebitdaratio": -0.1681192016,
        "operatingIncome": -426800000,
        "operatingIncomeRatio": -0.2399775091,
        "totalOtherIncomeExpensesNet": 341800000,
        "incomeBeforeTax": -85000000,
        "incomeBeforeTaxRatio": -0.0477930841,
        "incomeTaxExpense": -76800000,
        "netIncome": 35500000,
        "netIncomeRatio": 0.019960641,
        "eps": 0.24,
        "epsdiluted": 0.24,
        "weightedAverageShsOut": 149170664,
        "weightedAverageShsOutDil": 150079000,
        "link": "https://www.sec.gov/Archives/edgar/data/812074/000104746905006751/0001047469-05-006751-index.htm",
        "finalLink": "https://www.sec.gov/Archives/edgar/data/812074/000104746905006751/a2153665z10-k.htm"
    },
    {
        "date": "2004-09-30",
        "symbol": "OI",
        "reportedCurrency": "USD",
        "cik": "0000812074",
        "fillingDate": "2004-11-09",
        "acceptedDate": "2004-11-09 16:14:55",
        "calendarYear": "2004",
        "period": "Q3",
        "revenue": 1738000000,
        "costOfRevenue": 1390000000,
        "grossProfit": 348000000,
        "grossProfitRatio": 0.2002301496,
        "researchAndDevelopmentExpenses": 5200000,
        "generalAndAdministrativeExpenses": 105900000,
        "sellingAndMarketingExpenses": 0,
        "sellingGeneralAndAdministrativeExpenses": 105900000,
        "otherExpenses": 0,
        "operatingExpenses": 111100000,
        "costAndExpenses": 1501100000,
        "interestIncome": 0,
        "interestExpense": 93800000,
        "depreciationAndAmortization": 81000000,
        "ebitda": 329200000,
        "ebitdaratio": 0.1894131185,
        "operatingIncome": 236900000,
        "operatingIncomeRatio": 0.136306099,
        "totalOtherIncomeExpensesNet": -144000000,
        "incomeBeforeTax": 104200000,
        "incomeBeforeTaxRatio": 0.0599539701,
        "incomeTaxExpense": 29800000,
        "netIncome": 69000000,
        "netIncomeRatio": 0.0397008055,
        "eps": 0.48,
        "epsdiluted": 0.47,
        "weightedAverageShsOut": 148053000,
        "weightedAverageShsOutDil": 149923000,
        "link": "https://www.sec.gov/Archives/edgar/data/812074/000104746904033588/0001047469-04-033588-index.htm",
        "finalLink": "https://www.sec.gov/Archives/edgar/data/812074/000104746904033588/a2146257z10-q.htm"
    },
    {
        "date": "2004-06-30",
        "symbol": "OI",
        "reportedCurrency": "USD",
        "cik": "0000812074",
        "fillingDate": "2004-08-09",
        "acceptedDate": "2004-08-09 15:45:10",
        "calendarYear": "2004",
        "period": "Q2",
        "revenue": 1762000000,
        "costOfRevenue": 1393900000,
        "grossProfit": 368100000,
        "grossProfitRatio": 0.2089103292,
        "researchAndDevelopmentExpenses": 11700000,
        "generalAndAdministrativeExpenses": 94900000,
        "sellingAndMarketingExpenses": 0,
        "sellingGeneralAndAdministrativeExpenses": 94900000,
        "otherExpenses": 0,
        "operatingExpenses": 106600000,
        "costAndExpenses": 1500500000,
        "interestIncome": 0,
        "interestExpense": 0,
        "depreciationAndAmortization": 129700000,
        "ebitda": 386800000,
        "ebitdaratio": 0.219523269,
        "operatingIncome": 261500000,
        "operatingIncomeRatio": 0.1484108967,
        "totalOtherIncomeExpensesNet": -116500000,
        "incomeBeforeTax": 123400000,
        "incomeBeforeTaxRatio": 0.0700340522,
        "incomeTaxExpense": 33800000,
        "netIncome": 82000000,
        "netIncomeRatio": 0.046538025,
        "eps": 0.52,
        "epsdiluted": 0.52,
        "weightedAverageShsOut": 147582000,
        "weightedAverageShsOutDil": 149245000,
        "link": "https://www.sec.gov/Archives/edgar/data/812074/000104746904025814/0001047469-04-025814-index.htm",
        "finalLink": "https://www.sec.gov/Archives/edgar/data/812074/000104746904025814/a2141574z10-q.htm"
    },
    {
        "date": "2004-03-31",
        "symbol": "OI",
        "reportedCurrency": "USD",
        "cik": "0000812074",
        "fillingDate": "2004-05-10",
        "acceptedDate": "2004-05-10 15:16:13",
        "calendarYear": "2004",
        "period": "Q1",
        "revenue": 1567200000,
        "costOfRevenue": 1260100000,
        "grossProfit": 307100000,
        "grossProfitRatio": 0.1959545687,
        "researchAndDevelopmentExpenses": 10300000,
        "generalAndAdministrativeExpenses": 99900000,
        "sellingAndMarketingExpenses": 0,
        "sellingGeneralAndAdministrativeExpenses": 99900000,
        "otherExpenses": 0,
        "operatingExpenses": 110200000,
        "costAndExpenses": 1370300000,
        "interestIncome": 0,
        "interestExpense": 0,
        "depreciationAndAmortization": 136300000,
        "ebitda": 287600000,
        "ebitdaratio": 0.1835119959,
        "operatingIncome": 196900000,
        "operatingIncomeRatio": 0.1256380807,
        "totalOtherIncomeExpensesNet": -103700000,
        "incomeBeforeTax": 78300000,
        "incomeBeforeTaxRatio": 0.0499617152,
        "incomeTaxExpense": 23400000,
        "netIncome": 49000000,
        "netIncomeRatio": 0.031265952,
        "eps": 0.33,
        "epsdiluted": 0.33,
        "weightedAverageShsOut": 147042000,
        "weightedAverageShsOutDil": 148120000,
        "link": "https://www.sec.gov/Archives/edgar/data/812074/000104746904016641/0001047469-04-016641-index.htm",
        "finalLink": "https://www.sec.gov/Archives/edgar/data/812074/000104746904016641/a2136020z10-q.htm"
    },
    {
        "date": "2003-12-31",
        "symbol": "OI",
        "reportedCurrency": "USD",
        "cik": "0000812074",
        "fillingDate": "2004-03-15",
        "acceptedDate": "2004-03-15 14:31:54",
        "calendarYear": "2003",
        "period": "Q4",
        "revenue": 1556000000,
        "costOfRevenue": 1248800000,
        "grossProfit": 307200000,
        "grossProfitRatio": 0.1974293059,
        "researchAndDevelopmentExpenses": -12700000,
        "generalAndAdministrativeExpenses": 137200000,
        "sellingAndMarketingExpenses": 0,
        "sellingGeneralAndAdministrativeExpenses": 137200000,
        "otherExpenses": -6495100000,
        "operatingExpenses": -6370600000,
        "costAndExpenses": -5121800000,
        "interestIncome": 0,
        "interestExpense": 0,
        "depreciationAndAmortization": 138800000,
        "ebitda": 6816600000,
        "ebitdaratio": 4.380848329,
        "operatingIncome": 6677800000,
        "operatingIncomeRatio": 4.2916452442,
        "totalOtherIncomeExpensesNet": -7940700000,
        "incomeBeforeTax": -1262900000,
        "incomeBeforeTaxRatio": -0.8116323907,
        "incomeTaxExpense": -175100000,
        "netIncome": -1071100000,
        "netIncomeRatio": -0.6883676093,
        "eps": -7.29,
        "epsdiluted": -7.28,
        "weightedAverageShsOut": 147010308,
        "weightedAverageShsOutDil": 147042000,
        "link": "https://www.sec.gov/Archives/edgar/data/812074/000104746904007941/0001047469-04-007941-index.htm",
        "finalLink": "https://www.sec.gov/Archives/edgar/data/812074/000104746904007941/a2130443z10-k.htm"
    },
    {
        "date": "2003-09-30",
        "symbol": "OI",
        "reportedCurrency": "USD",
        "cik": "0000812074",
        "fillingDate": "2003-11-13",
        "acceptedDate": "2003-11-12 17:36:04",
        "calendarYear": "2003",
        "period": "Q3",
        "revenue": 1588500000,
        "costOfRevenue": 1257600000,
        "grossProfit": 330900000,
        "grossProfitRatio": 0.2083097262,
        "researchAndDevelopmentExpenses": 20200000,
        "generalAndAdministrativeExpenses": 88900000,
        "sellingAndMarketingExpenses": 0,
        "sellingGeneralAndAdministrativeExpenses": 88900000,
        "otherExpenses": 0,
        "operatingExpenses": 109100000,
        "costAndExpenses": 1366700000,
        "interestIncome": 0,
        "interestExpense": 0,
        "depreciationAndAmortization": 129100000,
        "ebitda": 350900000,
        "ebitdaratio": 0.2209002203,
        "operatingIncome": 221800000,
        "operatingIncomeRatio": 0.1396285804,
        "totalOtherIncomeExpensesNet": -187400000,
        "incomeBeforeTax": 42400000,
        "incomeBeforeTaxRatio": 0.0266918477,
        "incomeTaxExpense": 5500000,
        "netIncome": 28900000,
        "netIncomeRatio": 0.0181932641,
        "eps": 0.16,
        "epsdiluted": 0.16,
        "weightedAverageShsOut": 146936000,
        "weightedAverageShsOutDil": 147827000,
        "link": "https://www.sec.gov/Archives/edgar/data/812074/000110465903025888/0001104659-03-025888-index.htm",
        "finalLink": "https://www.sec.gov/Archives/edgar/data/812074/000110465903025888/a03-5179_110q.htm"
    },
    {
        "date": "2003-06-30",
        "symbol": "OI",
        "reportedCurrency": "USD",
        "cik": "0000812074",
        "fillingDate": "2003-08-14",
        "acceptedDate": "2003-08-14 13:18:44",
        "calendarYear": "2003",
        "period": "Q2",
        "revenue": 1604100000,
        "costOfRevenue": 1270700000,
        "grossProfit": 333400000,
        "grossProfitRatio": 0.2078424038,
        "researchAndDevelopmentExpenses": 12400000,
        "generalAndAdministrativeExpenses": 89800000,
        "sellingAndMarketingExpenses": 0,
        "sellingGeneralAndAdministrativeExpenses": 89800000,
        "otherExpenses": 0,
        "operatingExpenses": 102200000,
        "costAndExpenses": 1372900000,
        "interestIncome": 0,
        "interestExpense": 0,
        "depreciationAndAmortization": 128900000,
        "ebitda": 360100000,
        "ebitdaratio": 0.2244872514,
        "operatingIncome": 231200000,
        "operatingIncomeRatio": 0.1441306652,
        "totalOtherIncomeExpensesNet": -187500000,
        "incomeBeforeTax": 43700000,
        "incomeBeforeTaxRatio": 0.0272426906,
        "incomeTaxExpense": 26700000,
        "netIncome": 17000000,
        "netIncomeRatio": 0.010597843,
        "eps": 0.08,
        "epsdiluted": 0.08,
        "weightedAverageShsOut": 146891000,
        "weightedAverageShsOutDil": 147526000,
        "link": "https://www.sec.gov/Archives/edgar/data/812074/000104746903027660/0001047469-03-027660-index.htm",
        "finalLink": "https://www.sec.gov/Archives/edgar/data/812074/000104746903027660/a2116551z10-q.htm"
    },
    {
        "date": "2003-03-31",
        "symbol": "OI",
        "reportedCurrency": "USD",
        "cik": "0000812074",
        "fillingDate": "2003-05-15",
        "acceptedDate": "2003-05-15 10:52:20",
        "calendarYear": "2003",
        "period": "Q1",
        "revenue": 1411900000,
        "costOfRevenue": 1140100000,
        "grossProfit": 271800000,
        "grossProfitRatio": 0.1925065515,
        "researchAndDevelopmentExpenses": 9900000,
        "generalAndAdministrativeExpenses": 93800000,
        "sellingAndMarketingExpenses": 0,
        "sellingGeneralAndAdministrativeExpenses": 93800000,
        "otherExpenses": 0,
        "operatingExpenses": 103700000,
        "costAndExpenses": 1243800000,
        "interestIncome": 0,
        "interestExpense": 77900000,
        "depreciationAndAmortization": 128400000,
        "ebitda": 296500000,
        "ebitdaratio": 0.2100007083,
        "operatingIncome": 168100000,
        "operatingIncomeRatio": 0.1190594235,
        "totalOtherIncomeExpensesNet": -113600000,
        "incomeBeforeTax": 54500000,
        "incomeBeforeTaxRatio": 0.0386004675,
        "incomeTaxExpense": 17200000,
        "netIncome": 34400000,
        "netIncomeRatio": 0.0243643318,
        "eps": 0.2,
        "epsdiluted": 0.2,
        "weightedAverageShsOut": 146853000,
        "weightedAverageShsOutDil": 147518000,
        "link": "https://www.sec.gov/Archives/edgar/data/812074/000104746903018679/0001047469-03-018679-index.htm",
        "finalLink": "https://www.sec.gov/Archives/edgar/data/812074/000104746903018679/a2110911z10-q.htm"
    },
    {
        "date": "2002-12-31",
        "symbol": "OI",
        "reportedCurrency": "USD",
        "cik": "0000812074",
        "fillingDate": "2003-03-27",
        "acceptedDate": "2003-03-27 16:49:59",
        "calendarYear": "2002",
        "period": "Q4",
        "revenue": 1398200000,
        "costOfRevenue": 601000000,
        "grossProfit": 797200000,
        "grossProfitRatio": 0.5701616364,
        "researchAndDevelopmentExpenses": -18000000,
        "generalAndAdministrativeExpenses": 626000000,
        "sellingAndMarketingExpenses": 0,
        "sellingGeneralAndAdministrativeExpenses": 626000000,
        "otherExpenses": 0,
        "operatingExpenses": 608000000,
        "costAndExpenses": 1209000000,
        "interestIncome": 0,
        "interestExpense": 438300000,
        "depreciationAndAmortization": 122900000,
        "ebitda": 312100000,
        "ebitdaratio": 0.2232155629,
        "operatingIncome": 189200000,
        "operatingIncomeRatio": 0.1353168359,
        "totalOtherIncomeExpensesNet": -107700000,
        "incomeBeforeTax": 81500000,
        "incomeBeforeTaxRatio": 0.058289229,
        "incomeTaxExpense": 18400000,
        "netIncome": 50300000,
        "netIncomeRatio": 0.0359748248,
        "eps": 0.34,
        "epsdiluted": 0.34,
        "weightedAverageShsOut": 146560000,
        "weightedAverageShsOutDil": 146853000,
        "link": "https://www.sec.gov/Archives/edgar/data/812074/000104746903010557/0001047469-03-010557-index.htm",
        "finalLink": "https://www.sec.gov/Archives/edgar/data/812074/000104746903010557/a2106089z10-k.htm"
    },
    {
        "date": "2002-09-30",
        "symbol": "OI",
        "reportedCurrency": "USD",
        "cik": "0000812074",
        "fillingDate": "2002-11-14",
        "acceptedDate": "2002-11-14 12:09:32",
        "calendarYear": "2002",
        "period": "Q3",
        "revenue": 1500600000,
        "costOfRevenue": 1144600000,
        "grossProfit": 356000000,
        "grossProfitRatio": 0.237238438,
        "researchAndDevelopmentExpenses": 21600000,
        "generalAndAdministrativeExpenses": 76600000,
        "sellingAndMarketingExpenses": 0,
        "sellingGeneralAndAdministrativeExpenses": 76600000,
        "otherExpenses": 0,
        "operatingExpenses": 98200000,
        "costAndExpenses": 1242800000,
        "interestIncome": 0,
        "interestExpense": 73800000,
        "depreciationAndAmortization": 115600000,
        "ebitda": 373400000,
        "ebitdaratio": 0.2488337998,
        "operatingIncome": 257800000,
        "operatingIncomeRatio": 0.1717979475,
        "totalOtherIncomeExpensesNet": -83700000,
        "incomeBeforeTax": 150900000,
        "incomeBeforeTaxRatio": 0.1005597761,
        "incomeTaxExpense": 47700000,
        "netIncome": 97900000,
        "netIncomeRatio": 0.0652405704,
        "eps": 0.63,
        "epsdiluted": 0.63,
        "weightedAverageShsOut": 146749000,
        "weightedAverageShsOutDil": 147474000,
        "link": "https://www.sec.gov/Archives/edgar/data/812074/000091205702042289/0000912057-02-042289-index.htm",
        "finalLink": "https://www.sec.gov/Archives/edgar/data/812074/000091205702042289/a2093370z10-q.htm"
    },
    {
        "date": "2002-06-30",
        "symbol": "OI",
        "reportedCurrency": "USD",
        "cik": "0000812074",
        "fillingDate": "2002-08-09",
        "acceptedDate": "2002-08-09 16:09:35",
        "calendarYear": "2002",
        "period": "Q2",
        "revenue": 1523000000,
        "costOfRevenue": 1153100000,
        "grossProfit": 369900000,
        "grossProfitRatio": 0.2428759028,
        "researchAndDevelopmentExpenses": 18900000,
        "generalAndAdministrativeExpenses": 83900000,
        "sellingAndMarketingExpenses": 0,
        "sellingGeneralAndAdministrativeExpenses": 83900000,
        "otherExpenses": 0,
        "operatingExpenses": 102800000,
        "costAndExpenses": 1255900000,
        "interestIncome": 0,
        "interestExpense": 0,
        "depreciationAndAmortization": 122600000,
        "ebitda": 389700000,
        "ebitdaratio": 0.2558765594,
        "operatingIncome": 267100000,
        "operatingIncomeRatio": 0.1753775443,
        "totalOtherIncomeExpensesNet": -117100000,
        "incomeBeforeTax": 150000000,
        "incomeBeforeTaxRatio": 0.0984898227,
        "incomeTaxExpense": 47300000,
        "netIncome": 96900000,
        "netIncomeRatio": 0.0636244255,
        "eps": 0.62,
        "epsdiluted": 0.62,
        "weightedAverageShsOut": 146659000,
        "weightedAverageShsOutDil": 148222000,
        "link": "https://www.sec.gov/Archives/edgar/data/812074/000091205702030770/0000912057-02-030770-index.htm",
        "finalLink": "https://www.sec.gov/Archives/edgar/data/812074/000091205702030770/a2086392z10-q.txt"
    },
    {
        "date": "2002-03-31",
        "symbol": "OI",
        "reportedCurrency": "USD",
        "cik": "0000812074",
        "fillingDate": "2002-05-15",
        "acceptedDate": "2002-05-15 16:10:18",
        "calendarYear": "2002",
        "period": "Q1",
        "revenue": 1338300000,
        "costOfRevenue": 1019800000,
        "grossProfit": 318500000,
        "grossProfitRatio": 0.2379884929,
        "researchAndDevelopmentExpenses": 18600000,
        "generalAndAdministrativeExpenses": 80800000,
        "sellingAndMarketingExpenses": 0,
        "sellingGeneralAndAdministrativeExpenses": 80800000,
        "otherExpenses": 0,
        "operatingExpenses": 99400000,
        "costAndExpenses": 1119200000,
        "interestIncome": 0,
        "interestExpense": 0,
        "depreciationAndAmortization": 119600000,
        "ebitda": 338700000,
        "ebitdaratio": 0.2530822685,
        "operatingIncome": 219100000,
        "operatingIncomeRatio": 0.163715161,
        "totalOtherIncomeExpensesNet": -584900000,
        "incomeBeforeTax": -365800000,
        "incomeBeforeTaxRatio": -0.2733318389,
        "incomeTaxExpense": -131700000,
        "netIncome": -705300000,
        "netIncomeRatio": -0.5270118807,
        "eps": -4.82,
        "epsdiluted": -4.82,
        "weightedAverageShsOut": 146267000,
        "weightedAverageShsOutDil": 146267000,
        "link": "https://www.sec.gov/Archives/edgar/data/812074/000091205702020774/0000912057-02-020774-index.htm",
        "finalLink": "https://www.sec.gov/Archives/edgar/data/812074/000091205702020774/a2080087z10-q.txt"
    },
    {
        "date": "2001-12-31",
        "symbol": "OI",
        "reportedCurrency": "USD",
        "cik": "0000812074",
        "fillingDate": "2002-04-01",
        "acceptedDate": "2002-04-01 00:00:00",
        "calendarYear": "2001",
        "period": "Q4",
        "revenue": 1371700000,
        "costOfRevenue": 1070500000,
        "grossProfit": 301200000,
        "grossProfitRatio": 0.2195815412,
        "researchAndDevelopmentExpenses": -11800000,
        "generalAndAdministrativeExpenses": 403400000,
        "sellingAndMarketingExpenses": 0,
        "sellingGeneralAndAdministrativeExpenses": 403400000,
        "otherExpenses": 0,
        "operatingExpenses": 391600000,
        "costAndExpenses": 1462100000,
        "interestIncome": 0,
        "interestExpense": 0,
        "depreciationAndAmortization": 143400000,
        "ebitda": 53000000,
        "ebitdaratio": 0.0386381862,
        "operatingIncome": -90400000,
        "operatingIncomeRatio": -0.0659036232,
        "totalOtherIncomeExpensesNet": 90900000,
        "incomeBeforeTax": 500000,
        "incomeBeforeTaxRatio": 0.0003645112,
        "incomeTaxExpense": 18500000,
        "netIncome": -5200000,
        "netIncomeRatio": -0.0037909164,
        "eps": -0.0356,
        "epsdiluted": -0.0356,
        "weightedAverageShsOut": 146267000,
        "weightedAverageShsOutDil": 146267000,
        "link": "https://www.sec.gov/Archives/edgar/data/812074/000091205702012968/0000912057-02-012968-index.htm",
        "finalLink": "https://www.sec.gov/Archives/edgar/data/812074/000091205702012968/a2074786z10-k405.txt"
    },
    {
        "date": "2001-09-30",
        "symbol": "OI",
        "reportedCurrency": "USD",
        "cik": "0000812074",
        "fillingDate": "2001-11-14",
        "acceptedDate": "2001-11-14 00:00:00",
        "calendarYear": "2001",
        "period": "Q3",
        "revenue": 1383800000,
        "costOfRevenue": 1036900000,
        "grossProfit": 346900000,
        "grossProfitRatio": 0.2506865154,
        "researchAndDevelopmentExpenses": 17900000,
        "generalAndAdministrativeExpenses": 69200000,
        "sellingAndMarketingExpenses": 0,
        "sellingGeneralAndAdministrativeExpenses": 69200000,
        "otherExpenses": 0,
        "operatingExpenses": 87100000,
        "costAndExpenses": 1124000000,
        "interestIncome": 0,
        "interestExpense": 0,
        "depreciationAndAmortization": 133500000,
        "ebitda": 393300000,
        "ebitdaratio": 0.2842173725,
        "operatingIncome": 259800000,
        "operatingIncomeRatio": 0.1877438936,
        "totalOtherIncomeExpensesNet": -136200000,
        "incomeBeforeTax": 123600000,
        "incomeBeforeTaxRatio": 0.0893192658,
        "incomeTaxExpense": 47600000,
        "netIncome": 69400000,
        "netIncomeRatio": 0.050151756,
        "eps": 0.44,
        "epsdiluted": 0.44,
        "weightedAverageShsOut": 146150000,
        "weightedAverageShsOutDil": 146230000,
        "link": "https://www.sec.gov/Archives/edgar/data/812074/000091205701539638/0000912057-01-539638-index.htm",
        "finalLink": "https://www.sec.gov/Archives/edgar/data/812074/000091205701539638/a2063263z10-q.txt"
    },
    {
        "date": "2001-06-30",
        "symbol": "OI",
        "reportedCurrency": "USD",
        "cik": "0000812074",
        "fillingDate": "2001-08-14",
        "acceptedDate": "2001-08-14 00:00:00",
        "calendarYear": "2001",
        "period": "Q2",
        "revenue": 1893300000,
        "costOfRevenue": 1083300000,
        "grossProfit": 810000000,
        "grossProfitRatio": 0.4278244335,
        "researchAndDevelopmentExpenses": 18100000,
        "generalAndAdministrativeExpenses": 101500000,
        "sellingAndMarketingExpenses": 0,
        "sellingGeneralAndAdministrativeExpenses": 101500000,
        "otherExpenses": 0,
        "operatingExpenses": 119600000,
        "costAndExpenses": 1202900000,
        "interestIncome": 0,
        "interestExpense": 0,
        "depreciationAndAmortization": 133300000,
        "ebitda": 823700000,
        "ebitdaratio": 0.4350604764,
        "operatingIncome": 690400000,
        "operatingIncomeRatio": 0.3646543073,
        "totalOtherIncomeExpensesNet": -248400000,
        "incomeBeforeTax": 442000000,
        "incomeBeforeTaxRatio": 0.2334548143,
        "incomeTaxExpense": 193100000,
        "netIncome": 243500000,
        "netIncomeRatio": 0.1286114192,
        "eps": 1.64,
        "epsdiluted": 1.58,
        "weightedAverageShsOut": 144872000,
        "weightedAverageShsOutDil": 153697000,
        "link": "https://www.sec.gov/Archives/edgar/data/812074/000091205701528582/0000912057-01-528582-index.htm",
        "finalLink": "https://www.sec.gov/Archives/edgar/data/812074/000091205701528582/a2056945z10-q.txt"
    },
    {
        "date": "2001-03-31",
        "symbol": "OI",
        "reportedCurrency": "USD",
        "cik": "0000812074",
        "fillingDate": "2001-05-15",
        "acceptedDate": "2001-05-15 00:00:00",
        "calendarYear": "2001",
        "period": "Q1",
        "revenue": 1364500000,
        "costOfRevenue": 1027700000,
        "grossProfit": 336800000,
        "grossProfitRatio": 0.2468303408,
        "researchAndDevelopmentExpenses": 17000000,
        "generalAndAdministrativeExpenses": 78400000,
        "sellingAndMarketingExpenses": 0,
        "sellingGeneralAndAdministrativeExpenses": 78400000,
        "otherExpenses": 0,
        "operatingExpenses": 95400000,
        "costAndExpenses": 1123100000,
        "interestIncome": 0,
        "interestExpense": 0,
        "depreciationAndAmortization": 133500000,
        "ebitda": 374900000,
        "ebitdaratio": 0.2747526567,
        "operatingIncome": 241400000,
        "operatingIncomeRatio": 0.1769146207,
        "totalOtherIncomeExpensesNet": -160400000,
        "incomeBeforeTax": 81000000,
        "incomeBeforeTaxRatio": 0.0593624038,
        "incomeTaxExpense": 27200000,
        "netIncome": 48900000,
        "netIncomeRatio": 0.035837303,
        "eps": 0.3,
        "epsdiluted": 0.3,
        "weightedAverageShsOut": 144639000,
        "weightedAverageShsOutDil": 144662000,
        "link": "https://www.sec.gov/Archives/edgar/data/812074/000091205701516062/0000912057-01-516062-index.htm",
        "finalLink": "https://www.sec.gov/Archives/edgar/data/812074/000091205701516062/a2048893z10-q.txt"
    },
    {
        "date": "2000-12-31",
        "symbol": "OI",
        "reportedCurrency": "USD",
        "cik": "0000812074",
        "fillingDate": "2001-04-02",
        "acceptedDate": "2001-04-02 00:00:00",
        "calendarYear": "2000",
        "period": "Q4",
        "revenue": 1327000000,
        "costOfRevenue": 948600000,
        "grossProfit": 378400000,
        "grossProfitRatio": 0.2851544838,
        "researchAndDevelopmentExpenses": -14900000,
        "generalAndAdministrativeExpenses": 1099400000,
        "sellingAndMarketingExpenses": 0,
        "sellingGeneralAndAdministrativeExpenses": 1099400000,
        "otherExpenses": 130600000,
        "operatingExpenses": 1215100000,
        "costAndExpenses": 2163700000,
        "interestIncome": 0,
        "interestExpense": 0,
        "depreciationAndAmortization": 130600000,
        "ebitda": -706100000,
        "ebitdaratio": -0.5321024868,
        "operatingIncome": -836700000,
        "operatingIncomeRatio": -0.6305199699,
        "totalOtherIncomeExpensesNet": 871700000,
        "incomeBeforeTax": 35000000,
        "incomeBeforeTaxRatio": 0.0263752826,
        "incomeTaxExpense": 2700000,
        "netIncome": 32300000,
        "netIncomeRatio": 0.0243406179,
        "eps": 0.22,
        "epsdiluted": 0.22,
        "weightedAverageShsOut": 144639000,
        "weightedAverageShsOutDil": 144639000,
        "link": "https://www.sec.gov/Archives/edgar/data/812074/000091205701506253/0000912057-01-506253-index.htm",
        "finalLink": "https://www.sec.gov/Archives/edgar/data/812074/000091205701506253/a2043253z10-k.txt"
    },
    {
        "date": "2000-09-30",
        "symbol": "OI",
        "reportedCurrency": "USD",
        "cik": "0000812074",
        "fillingDate": "2000-11-14",
        "acceptedDate": "2000-11-14 00:00:00",
        "calendarYear": "2000",
        "period": "Q3",
        "revenue": 1430300000,
        "costOfRevenue": 988300000,
        "grossProfit": 442000000,
        "grossProfitRatio": 0.3090260784,
        "researchAndDevelopmentExpenses": 18500000,
        "generalAndAdministrativeExpenses": 73600000,
        "sellingAndMarketingExpenses": 0,
        "sellingGeneralAndAdministrativeExpenses": 73600000,
        "otherExpenses": 138100000,
        "operatingExpenses": 230200000,
        "costAndExpenses": 1218500000,
        "interestIncome": 0,
        "interestExpense": 0,
        "depreciationAndAmortization": 138100000,
        "ebitda": 349900000,
        "ebitdaratio": 0.2446339929,
        "operatingIncome": 211800000,
        "operatingIncomeRatio": 0.1480808222,
        "totalOtherIncomeExpensesNet": -908400000,
        "incomeBeforeTax": -696600000,
        "incomeBeforeTaxRatio": -0.4870306929,
        "incomeTaxExpense": -247400000,
        "netIncome": -449200000,
        "netIncomeRatio": -0.3140599874,
        "eps": -3.08,
        "epsdiluted": -3.08,
        "weightedAverageShsOut": 145720000,
        "weightedAverageShsOutDil": 145720000,
        "link": "https://www.sec.gov/Archives/edgar/data/812074/000091205700050108/0000912057-00-050108-index.htm",
        "finalLink": "https://www.sec.gov/Archives/edgar/data/812074/000091205700050108/a2030803z10-q.txt"
    },
    {
        "date": "2000-06-30",
        "symbol": "OI",
        "reportedCurrency": "USD",
        "cik": "0000812074",
        "fillingDate": "2000-08-14",
        "acceptedDate": "2000-08-14 00:00:00",
        "calendarYear": "2000",
        "period": "Q2",
        "revenue": 1449200000,
        "costOfRevenue": 1025700000,
        "grossProfit": 423500000,
        "grossProfitRatio": 0.292230196,
        "researchAndDevelopmentExpenses": 13100000,
        "generalAndAdministrativeExpenses": 65600000,
        "sellingAndMarketingExpenses": 0,
        "sellingGeneralAndAdministrativeExpenses": 65600000,
        "otherExpenses": 140200000,
        "operatingExpenses": 218900000,
        "costAndExpenses": 1244600000,
        "interestIncome": 0,
        "interestExpense": 0,
        "depreciationAndAmortization": 140200000,
        "ebitda": 344800000,
        "ebitdaratio": 0.2379243721,
        "operatingIncome": 204600000,
        "operatingIncomeRatio": 0.1411813414,
        "totalOtherIncomeExpensesNet": -55800000,
        "incomeBeforeTax": 148800000,
        "incomeBeforeTaxRatio": 0.1026773392,
        "incomeTaxExpense": 60300000,
        "netIncome": 88500000,
        "netIncomeRatio": 0.0610681755,
        "eps": 0.57,
        "epsdiluted": 0.57,
        "weightedAverageShsOut": 146441000,
        "weightedAverageShsOutDil": 146917000,
        "link": "https://www.sec.gov/Archives/edgar/data/812074/000081207400000012/0000812074-00-000012-index.htm",
        "finalLink": "https://www.sec.gov/Archives/edgar/data/812074/000081207400000012/0000812074-00-000012-0001.txt"
    },
    {
        "date": "2000-03-31",
        "symbol": "OI",
        "reportedCurrency": "USD",
        "cik": "0000812074",
        "fillingDate": "2000-05-15",
        "acceptedDate": "2000-05-15 00:00:00",
        "calendarYear": "2000",
        "period": "Q1",
        "revenue": 1345600000,
        "costOfRevenue": 967200000,
        "grossProfit": 378400000,
        "grossProfitRatio": 0.2812128419,
        "researchAndDevelopmentExpenses": 10500000,
        "generalAndAdministrativeExpenses": 75300000,
        "sellingAndMarketingExpenses": 0,
        "sellingGeneralAndAdministrativeExpenses": 75300000,
        "otherExpenses": 140600000,
        "operatingExpenses": 226400000,
        "costAndExpenses": 1193600000,
        "interestIncome": 0,
        "interestExpense": 0,
        "depreciationAndAmortization": 140600000,
        "ebitda": 357100000,
        "ebitdaratio": 0.2653834721,
        "operatingIncome": 152000000,
        "operatingIncomeRatio": 0.112960761,
        "totalOtherIncomeExpensesNet": -52800000,
        "incomeBeforeTax": 99200000,
        "incomeBeforeTaxRatio": 0.0737217598,
        "incomeTaxExpense": 40500000,
        "netIncome": 58700000,
        "netIncomeRatio": 0.0436236623,
        "eps": 0.36,
        "epsdiluted": 0.36,
        "weightedAverageShsOut": 146585000,
        "weightedAverageShsOutDil": 147184000,
        "link": "https://www.sec.gov/Archives/edgar/data/812074/000081207400000005/0000812074-00-000005-index.html",
        "finalLink": "https://www.sec.gov/Archives/edgar/data/812074/000081207400000005/"
    },
    {
        "date": "1999-12-31",
        "symbol": "OI",
        "reportedCurrency": "USD",
        "cik": "0000812074",
        "fillingDate": "2000-03-30",
        "acceptedDate": "2000-03-30 00:00:00",
        "calendarYear": "1999",
        "period": "Q4",
        "revenue": 1366600000,
        "costOfRevenue": 978700000,
        "grossProfit": 387900000,
        "grossProfitRatio": 0.2838431143,
        "researchAndDevelopmentExpenses": 6900000,
        "generalAndAdministrativeExpenses": 290900000,
        "sellingAndMarketingExpenses": 0,
        "sellingGeneralAndAdministrativeExpenses": 290900000,
        "otherExpenses": 137300000,
        "operatingExpenses": 435100000,
        "costAndExpenses": 1413800000,
        "interestIncome": 0,
        "interestExpense": 0,
        "depreciationAndAmortization": 137300000,
        "ebitda": 90100000,
        "ebitdaratio": 0.0659300454,
        "operatingIncome": -47200000,
        "operatingIncomeRatio": -0.0345382702,
        "totalOtherIncomeExpensesNet": 106500000,
        "incomeBeforeTax": 59300000,
        "incomeBeforeTaxRatio": 0.0433923606,
        "incomeTaxExpense": 17900000,
        "netIncome": 40600000,
        "netIncomeRatio": 0.0297087663,
        "eps": 0.28,
        "epsdiluted": 0.28,
        "weightedAverageShsOut": 146585000,
        "weightedAverageShsOutDil": 146585000,
        "link": "https://www.sec.gov/Archives/edgar/data/812074/000081207400000003/0000812074-00-000003-index.html",
        "finalLink": "https://www.sec.gov/Archives/edgar/data/812074/000081207400000003/"
    },
    {
        "date": "1999-09-30",
        "symbol": "OI",
        "reportedCurrency": "USD",
        "cik": "0000812074",
        "fillingDate": "1999-11-12",
        "acceptedDate": "1999-11-12 00:00:00",
        "calendarYear": "1999",
        "period": "Q3",
        "revenue": 1426200000,
        "costOfRevenue": 1112200000,
        "grossProfit": 314000000,
        "grossProfitRatio": 0.2201654747,
        "researchAndDevelopmentExpenses": 10900000,
        "generalAndAdministrativeExpenses": 81400000,
        "sellingAndMarketingExpenses": 0,
        "sellingGeneralAndAdministrativeExpenses": 81400000,
        "otherExpenses": 0,
        "operatingExpenses": 92300000,
        "costAndExpenses": 1204500000,
        "interestIncome": 0,
        "interestExpense": 0,
        "depreciationAndAmortization": 139600000,
        "ebitda": 361300000,
        "ebitdaratio": 0.2533305287,
        "operatingIncome": 221700000,
        "operatingIncomeRatio": 0.1554480438,
        "totalOtherIncomeExpensesNet": -95000000,
        "incomeBeforeTax": 126700000,
        "incomeBeforeTaxRatio": 0.0888374702,
        "incomeTaxExpense": 49200000,
        "netIncome": 77500000,
        "netIncomeRatio": 0.0543402047,
        "eps": 0.46,
        "epsdiluted": 0.46,
        "weightedAverageShsOut": 168478261,
        "weightedAverageShsOutDil": 168478261,
        "link": "https://www.sec.gov/Archives/edgar/data/812074/000081207499000011/0000812074-99-000011-index.html",
        "finalLink": "https://www.sec.gov/Archives/edgar/data/812074/000081207499000011/"
    },
    {
        "date": "1999-06-30",
        "symbol": "OI",
        "reportedCurrency": "USD",
        "cik": "0000812074",
        "fillingDate": "1999-08-13",
        "acceptedDate": "1999-08-13 00:00:00",
        "calendarYear": "1999",
        "period": "Q2",
        "revenue": 1423100000,
        "costOfRevenue": 936700000,
        "grossProfit": 486400000,
        "grossProfitRatio": 0.3417890521,
        "researchAndDevelopmentExpenses": 10100000,
        "generalAndAdministrativeExpenses": 144800000,
        "sellingAndMarketingExpenses": 0,
        "sellingGeneralAndAdministrativeExpenses": 144800000,
        "otherExpenses": 131700000,
        "operatingExpenses": 286600000,
        "costAndExpenses": 1223300000,
        "interestIncome": 0,
        "interestExpense": 0,
        "depreciationAndAmortization": 131700000,
        "ebitda": 331500000,
        "ebitdaratio": 0.2329421685,
        "operatingIncome": 199800000,
        "operatingIncomeRatio": 0.1403977233,
        "totalOtherIncomeExpensesNet": -16700000,
        "incomeBeforeTax": 183100000,
        "incomeBeforeTaxRatio": 0.1286627784,
        "incomeTaxExpense": 72200000,
        "netIncome": 110900000,
        "netIncomeRatio": 0.077928466,
        "eps": 0.68,
        "epsdiluted": 0.67,
        "weightedAverageShsOut": 155873000,
        "weightedAverageShsOutDil": 165976000,
        "link": "https://www.sec.gov/Archives/edgar/data/812074/000081207499000008/0000812074-99-000008-index.html",
        "finalLink": "https://www.sec.gov/Archives/edgar/data/812074/000081207499000008/"
    },
    {
        "date": "1999-03-31",
        "symbol": "OI",
        "reportedCurrency": "USD",
        "cik": "0000812074",
        "fillingDate": "1999-05-14",
        "acceptedDate": "1999-05-14 00:00:00",
        "calendarYear": "1999",
        "period": "Q1",
        "revenue": 1307000000,
        "costOfRevenue": 916000000,
        "grossProfit": 391000000,
        "grossProfitRatio": 0.299158378,
        "researchAndDevelopmentExpenses": 9600000,
        "generalAndAdministrativeExpenses": 66600000,
        "sellingAndMarketingExpenses": 0,
        "sellingGeneralAndAdministrativeExpenses": 66600000,
        "otherExpenses": 136700000,
        "operatingExpenses": 212900000,
        "costAndExpenses": 1128900000,
        "interestIncome": 0,
        "interestExpense": 0,
        "depreciationAndAmortization": 136700000,
        "ebitda": 314800000,
        "ebitdaratio": 0.2408569243,
        "operatingIncome": 178100000,
        "operatingIncomeRatio": 0.1362662586,
        "totalOtherIncomeExpensesNet": -62600000,
        "incomeBeforeTax": 115500000,
        "incomeBeforeTaxRatio": 0.0883703137,
        "incomeTaxExpense": 46200000,
        "netIncome": 69300000,
        "netIncomeRatio": 0.0530221882,
        "eps": 0.41,
        "epsdiluted": 0.41,
        "weightedAverageShsOut": 169024390,
        "weightedAverageShsOutDil": 169024390,
        "link": "https://www.sec.gov/Archives/edgar/data/812074/000081207499000005/0000812074-99-000005-index.html",
        "finalLink": "https://www.sec.gov/Archives/edgar/data/812074/"
    },
    {
        "date": "1998-12-31",
        "symbol": "OI",
        "reportedCurrency": "USD",
        "cik": "0000812074",
        "fillingDate": "1999-03-31",
        "acceptedDate": "1999-03-31 00:00:00",
        "calendarYear": "1998",
        "period": "Q4",
        "revenue": 1369200000,
        "costOfRevenue": 954500000,
        "grossProfit": 414700000,
        "grossProfitRatio": 0.3028775928,
        "researchAndDevelopmentExpenses": -14800000,
        "generalAndAdministrativeExpenses": 598800000,
        "sellingAndMarketingExpenses": 0,
        "sellingGeneralAndAdministrativeExpenses": 598800000,
        "otherExpenses": 122700000,
        "operatingExpenses": 706700000,
        "costAndExpenses": 1661200000,
        "interestIncome": 0,
        "interestExpense": 0,
        "depreciationAndAmortization": 122700000,
        "ebitda": -169300000,
        "ebitdaratio": -0.123648846,
        "operatingIncome": -292000000,
        "operatingIncomeRatio": -0.2132632194,
        "totalOtherIncomeExpensesNet": 17700000,
        "incomeBeforeTax": -274300000,
        "incomeBeforeTaxRatio": -0.2003359626,
        "incomeTaxExpense": -87400000,
        "netIncome": -186900000,
        "netIncomeRatio": -0.1365030675,
        "eps": -1.11,
        "epsdiluted": -1.11,
        "weightedAverageShsOut": 169024390,
        "weightedAverageShsOutDil": 169024390,
        "link": "https://www.sec.gov/Archives/edgar/data/812074/000081207499000004/0000812074-99-000004-index.html",
        "finalLink": "https://www.sec.gov/Archives/edgar/data/812074/"
    },
    {
        "date": "1998-09-30",
        "symbol": "OI",
        "reportedCurrency": "USD",
        "cik": "0000812074",
        "fillingDate": "1998-11-16",
        "acceptedDate": "1998-11-16 00:00:00",
        "calendarYear": "1998",
        "period": "Q3",
        "revenue": 1453600000,
        "costOfRevenue": 972500000,
        "grossProfit": 481100000,
        "grossProfitRatio": 0.3309713814,
        "researchAndDevelopmentExpenses": 18200000,
        "generalAndAdministrativeExpenses": 72400000,
        "sellingAndMarketingExpenses": 0,
        "sellingGeneralAndAdministrativeExpenses": 72400000,
        "otherExpenses": 133200000,
        "operatingExpenses": 223800000,
        "costAndExpenses": 1196300000,
        "interestIncome": 0,
        "interestExpense": 0,
        "depreciationAndAmortization": 133200000,
        "ebitda": 390500000,
        "ebitdaratio": 0.2686433682,
        "operatingIncome": 257300000,
        "operatingIncomeRatio": 0.1770088057,
        "totalOtherIncomeExpensesNet": -80400000,
        "incomeBeforeTax": 176900000,
        "incomeBeforeTaxRatio": 0.1216978536,
        "incomeTaxExpense": 63300000,
        "netIncome": 113600000,
        "netIncomeRatio": 0.078150798,
        "eps": 0.7,
        "epsdiluted": 0.69,
        "weightedAverageShsOut": 162285714,
        "weightedAverageShsOutDil": 164637681,
        "link": "https://www.sec.gov/Archives/edgar/data/812074/000081207498000014/0000812074-98-000014-index.html",
        "finalLink": "https://www.sec.gov/Archives/edgar/data/812074/"
    },
    {
        "date": "1998-06-30",
        "symbol": "OI",
        "reportedCurrency": "USD",
        "cik": "0000812074",
        "fillingDate": "1998-08-14",
        "acceptedDate": "1998-08-14 00:00:00",
        "calendarYear": "1998",
        "period": "Q2",
        "revenue": 1385000000,
        "costOfRevenue": 913600000,
        "grossProfit": 471400000,
        "grossProfitRatio": 0.3403610108,
        "researchAndDevelopmentExpenses": 8900000,
        "generalAndAdministrativeExpenses": 108200000,
        "sellingAndMarketingExpenses": 0,
        "sellingGeneralAndAdministrativeExpenses": 108200000,
        "otherExpenses": 118000000,
        "operatingExpenses": 235100000,
        "costAndExpenses": 1148700000,
        "interestIncome": 0,
        "interestExpense": 0,
        "depreciationAndAmortization": 118000000,
        "ebitda": 354300000,
        "ebitdaratio": 0.2558122744,
        "operatingIncome": 236300000,
        "operatingIncomeRatio": 0.1706137184,
        "totalOtherIncomeExpensesNet": -59300000,
        "incomeBeforeTax": 177000000,
        "incomeBeforeTaxRatio": 0.1277978339,
        "incomeTaxExpense": 62000000,
        "netIncome": 100900000,
        "netIncomeRatio": 0.0728519856,
        "eps": 0.66,
        "epsdiluted": 0.66,
        "weightedAverageShsOut": 152878788,
        "weightedAverageShsOutDil": 152878788,
        "link": "https://www.sec.gov/Archives/edgar/data/812074/000081207498000012/0000812074-98-000012-index.html",
        "finalLink": "https://www.sec.gov/Archives/edgar/data/812074/"
    },
    {
        "date": "1998-03-31",
        "symbol": "OI",
        "reportedCurrency": "USD",
        "cik": "0000812074",
        "fillingDate": "1998-05-13",
        "acceptedDate": "1998-05-13 00:00:00",
        "calendarYear": "1998",
        "period": "Q1",
        "revenue": 1098500000,
        "costOfRevenue": 815800000,
        "grossProfit": 282700000,
        "grossProfitRatio": 0.2573509331,
        "researchAndDevelopmentExpenses": 7700000,
        "generalAndAdministrativeExpenses": 62400000,
        "sellingAndMarketingExpenses": 0,
        "sellingGeneralAndAdministrativeExpenses": 62400000,
        "otherExpenses": 90000000,
        "operatingExpenses": 160100000,
        "costAndExpenses": 975900000,
        "interestIncome": 0,
        "interestExpense": 0,
        "depreciationAndAmortization": 90000000,
        "ebitda": 212600000,
        "ebitdaratio": 0.1935366409,
        "operatingIncome": 122600000,
        "operatingIncomeRatio": 0.1116067365,
        "totalOtherIncomeExpensesNet": -13400000,
        "incomeBeforeTax": 109200000,
        "incomeBeforeTaxRatio": 0.099408284,
        "incomeTaxExpense": 28800000,
        "netIncome": 80400000,
        "netIncomeRatio": 0.0731907146,
        "eps": 0.57,
        "epsdiluted": 0.56,
        "weightedAverageShsOut": 141052632,
        "weightedAverageShsOutDil": 143571429,
        "link": "https://www.sec.gov/Archives/edgar/data/812074/000081207498000010/0000812074-98-000010-index.html",
        "finalLink": "https://www.sec.gov/Archives/edgar/data/812074/"
    },
    {
        "date": "1997-12-31",
        "symbol": "OI",
        "reportedCurrency": "USD",
        "cik": "0000812074",
        "fillingDate": "1998-03-30",
        "acceptedDate": "1998-03-30 00:00:00",
        "calendarYear": "1997",
        "period": "Q4",
        "revenue": 1138200000,
        "costOfRevenue": 838400000,
        "grossProfit": 299800000,
        "grossProfitRatio": 0.2633983483,
        "researchAndDevelopmentExpenses": 6300000,
        "generalAndAdministrativeExpenses": 104500000,
        "sellingAndMarketingExpenses": 0,
        "sellingGeneralAndAdministrativeExpenses": 104500000,
        "otherExpenses": 92000000,
        "operatingExpenses": 202800000,
        "costAndExpenses": 1041200000,
        "interestIncome": 0,
        "interestExpense": 0,
        "depreciationAndAmortization": 92000000,
        "ebitda": 189000000,
        "ebitdaratio": 0.1660516605,
        "operatingIncome": 97000000,
        "operatingIncomeRatio": 0.0852222808,
        "totalOtherIncomeExpensesNet": -35100000,
        "incomeBeforeTax": 61900000,
        "incomeBeforeTaxRatio": 0.0543841153,
        "incomeTaxExpense": 22800000,
        "netIncome": 35500000,
        "netIncomeRatio": 0.0311895976,
        "eps": 0.25,
        "epsdiluted": 0.25,
        "weightedAverageShsOut": 136067879,
        "weightedAverageShsOutDil": 141052632,
        "link": "https://www.sec.gov/Archives/edgar/data/812074/000081207498000005/0000812074-98-000005-index.html",
        "finalLink": "https://www.sec.gov/Archives/edgar/data/812074/"
    },
    {
        "date": "1997-09-30",
        "symbol": "OI",
        "reportedCurrency": "USD",
        "cik": "0000812074",
        "fillingDate": "1997-11-13",
        "acceptedDate": "1997-11-13 00:00:00",
        "calendarYear": "1997",
        "period": "Q3",
        "revenue": 1239500000,
        "costOfRevenue": 874500000,
        "grossProfit": 365000000,
        "grossProfitRatio": 0.2944735781,
        "researchAndDevelopmentExpenses": 7900000,
        "generalAndAdministrativeExpenses": 89300000,
        "sellingAndMarketingExpenses": 0,
        "sellingGeneralAndAdministrativeExpenses": 89300000,
        "otherExpenses": 86900000,
        "operatingExpenses": 184100000,
        "costAndExpenses": 1058600000,
        "interestIncome": 0,
        "interestExpense": 0,
        "depreciationAndAmortization": 86900000,
        "ebitda": 267800000,
        "ebitdaratio": 0.2160548608,
        "operatingIncome": 180900000,
        "operatingIncomeRatio": 0.1459459459,
        "totalOtherIncomeExpensesNet": -37600000,
        "incomeBeforeTax": 143300000,
        "incomeBeforeTaxRatio": 0.1156111335,
        "incomeTaxExpense": 51500000,
        "netIncome": 75400000,
        "netIncomeRatio": 0.0608309802,
        "eps": 0.53,
        "epsdiluted": 0.53,
        "weightedAverageShsOut": 142264151,
        "weightedAverageShsOutDil": 142264151,
        "link": "https://www.sec.gov/Archives/edgar/data/812074/000081207497000021/0000812074-97-000021-index.html",
        "finalLink": "https://www.sec.gov/Archives/edgar/data/812074/"
    },
    {
        "date": "1997-06-30",
        "symbol": "OI",
        "reportedCurrency": "USD",
        "cik": "0000812074",
        "fillingDate": "1997-08-14",
        "acceptedDate": "1997-08-14 00:00:00",
        "calendarYear": "1997",
        "period": "Q2",
        "revenue": 1224500000,
        "costOfRevenue": 831900000,
        "grossProfit": 392600000,
        "grossProfitRatio": 0.3206206615,
        "researchAndDevelopmentExpenses": 6900000,
        "generalAndAdministrativeExpenses": 91100000,
        "sellingAndMarketingExpenses": 0,
        "sellingGeneralAndAdministrativeExpenses": 91100000,
        "otherExpenses": 97800000,
        "operatingExpenses": 195800000,
        "costAndExpenses": 1027700000,
        "interestIncome": 0,
        "interestExpense": 0,
        "depreciationAndAmortization": 82600000,
        "ebitda": 294600000,
        "ebitdaratio": 0.2405879951,
        "operatingIncome": 196800000,
        "operatingIncomeRatio": 0.1607186607,
        "totalOtherIncomeExpensesNet": -59100000,
        "incomeBeforeTax": 137700000,
        "incomeBeforeTaxRatio": 0.1124540629,
        "incomeTaxExpense": 50800000,
        "netIncome": 2400000,
        "netIncomeRatio": 0.0019599837,
        "eps": 0.02,
        "epsdiluted": 0.02,
        "weightedAverageShsOut": 120000000,
        "weightedAverageShsOutDil": 120000000,
        "link": "https://www.sec.gov/Archives/edgar/data/812074/000081207497000019/0000812074-97-000019-index.html",
        "finalLink": "https://www.sec.gov/Archives/edgar/data/812074/"
    },
    {
        "date": "1997-03-31",
        "symbol": "OI",
        "reportedCurrency": "USD",
        "cik": "0000812074",
        "fillingDate": "1997-05-09",
        "acceptedDate": "1997-05-09 00:00:00",
        "calendarYear": "1997",
        "period": "Q1",
        "revenue": 1056300000,
        "costOfRevenue": 762900000,
        "grossProfit": 293400000,
        "grossProfitRatio": 0.2777619994,
        "researchAndDevelopmentExpenses": 7800000,
        "generalAndAdministrativeExpenses": 93200000,
        "sellingAndMarketingExpenses": 0,
        "sellingGeneralAndAdministrativeExpenses": 93200000,
        "otherExpenses": 82000000,
        "operatingExpenses": 183000000,
        "costAndExpenses": 945900000,
        "interestIncome": 0,
        "interestExpense": 0,
        "depreciationAndAmortization": 82000000,
        "ebitda": 192400000,
        "ebitdaratio": 0.1821452239,
        "operatingIncome": 110400000,
        "operatingIncomeRatio": 0.1045157626,
        "totalOtherIncomeExpensesNet": -32400000,
        "incomeBeforeTax": 78000000,
        "incomeBeforeTaxRatio": 0.0738426583,
        "incomeTaxExpense": 23400000,
        "netIncome": 54600000,
        "netIncomeRatio": 0.0516898608,
        "eps": 0.44,
        "epsdiluted": 0.44,
        "weightedAverageShsOut": 124090909,
        "weightedAverageShsOutDil": 124090909,
        "link": "https://www.sec.gov/Archives/edgar/data/812074/000081207497000014/0000812074-97-000014-index.html",
        "finalLink": "https://www.sec.gov/Archives/edgar/data/812074/"
    },
    {
        "date": "1996-12-31",
        "symbol": "OI",
        "reportedCurrency": "USD",
        "cik": "0000812074",
        "fillingDate": "1997-03-31",
        "acceptedDate": "1997-03-31 00:00:00",
        "calendarYear": "1996",
        "period": "Q4",
        "revenue": 962100000,
        "costOfRevenue": 754100000,
        "grossProfit": 208000000,
        "grossProfitRatio": 0.2161937429,
        "researchAndDevelopmentExpenses": 14400000,
        "generalAndAdministrativeExpenses": 49000000,
        "sellingAndMarketingExpenses": 0,
        "sellingGeneralAndAdministrativeExpenses": 49000000,
        "otherExpenses": 69200000,
        "operatingExpenses": 132600000,
        "costAndExpenses": 886700000,
        "interestIncome": 0,
        "interestExpense": 0,
        "depreciationAndAmortization": 69200000,
        "ebitda": 144600000,
        "ebitdaratio": 0.150296227,
        "operatingIncome": 75400000,
        "operatingIncomeRatio": 0.0783702318,
        "totalOtherIncomeExpensesNet": -45500000,
        "incomeBeforeTax": 29900000,
        "incomeBeforeTaxRatio": 0.0310778505,
        "incomeTaxExpense": 7000000,
        "netIncome": 22900000,
        "netIncomeRatio": 0.0238020996,
        "eps": 0.18,
        "epsdiluted": 0.18,
        "weightedAverageShsOut": 120775886,
        "weightedAverageShsOutDil": 124090909,
        "link": "https://www.sec.gov/Archives/edgar/data/812074/000081207497000010/0000812074-97-000010-index.html",
        "finalLink": "https://www.sec.gov/Archives/edgar/data/812074/"
    },
    {
        "date": "1996-09-30",
        "symbol": "OI",
        "reportedCurrency": "USD",
        "cik": "0000812074",
        "fillingDate": "1996-11-01",
        "acceptedDate": "1996-11-01 00:00:00",
        "calendarYear": "1996",
        "period": "Q3",
        "revenue": 1014100000,
        "costOfRevenue": 734400000,
        "grossProfit": 279700000,
        "grossProfitRatio": 0.275811064,
        "researchAndDevelopmentExpenses": 14000000,
        "generalAndAdministrativeExpenses": 47600000,
        "sellingAndMarketingExpenses": 0,
        "sellingGeneralAndAdministrativeExpenses": 47600000,
        "otherExpenses": 69900000,
        "operatingExpenses": 131500000,
        "costAndExpenses": 865900000,
        "interestIncome": 0,
        "interestExpense": 0,
        "depreciationAndAmortization": 69900000,
        "ebitda": 218100000,
        "ebitdaratio": 0.2150675476,
        "operatingIncome": 148200000,
        "operatingIncomeRatio": 0.146139434,
        "totalOtherIncomeExpensesNet": -53500000,
        "incomeBeforeTax": 94700000,
        "incomeBeforeTaxRatio": 0.0933832955,
        "incomeTaxExpense": 32700000,
        "netIncome": 62000000,
        "netIncomeRatio": 0.0611379548,
        "eps": 0.51,
        "epsdiluted": 0.5,
        "weightedAverageShsOut": 121568627,
        "weightedAverageShsOutDil": 124000000,
        "link": "https://www.sec.gov/Archives/edgar/data/812074/000081207496000018/0000812074-96-000018-index.html",
        "finalLink": "https://www.sec.gov/Archives/edgar/data/812074/"
    },
    {
        "date": "1996-06-30",
        "symbol": "OI",
        "reportedCurrency": "USD",
        "cik": "0000812074",
        "fillingDate": "1996-08-13",
        "acceptedDate": "1996-08-13 00:00:00",
        "calendarYear": "1996",
        "period": "Q2",
        "revenue": 963700000,
        "costOfRevenue": 686200000,
        "grossProfit": 277500000,
        "grossProfitRatio": 0.2879526824,
        "researchAndDevelopmentExpenses": 13700000,
        "generalAndAdministrativeExpenses": 41300000,
        "sellingAndMarketingExpenses": 0,
        "sellingGeneralAndAdministrativeExpenses": 41300000,
        "otherExpenses": 66800000,
        "operatingExpenses": 121800000,
        "costAndExpenses": 808000000,
        "interestIncome": 0,
        "interestExpense": 0,
        "depreciationAndAmortization": 66800000,
        "ebitda": 222500000,
        "ebitdaratio": 0.2308809796,
        "operatingIncome": 155700000,
        "operatingIncomeRatio": 0.1615648023,
        "totalOtherIncomeExpensesNet": -49800000,
        "incomeBeforeTax": 105900000,
        "incomeBeforeTaxRatio": 0.1098889696,
        "incomeTaxExpense": 39300000,
        "netIncome": 66600000,
        "netIncomeRatio": 0.0691086438,
        "eps": 0.55,
        "epsdiluted": 0.54,
        "weightedAverageShsOut": 121090909,
        "weightedAverageShsOutDil": 123333333,
        "link": "https://www.sec.gov/Archives/edgar/data/812074/000081207496000016/0000812074-96-000016-index.html",
        "finalLink": "https://www.sec.gov/Archives/edgar/data/812074/"
    },
    {
        "date": "1996-03-31",
        "symbol": "OI",
        "reportedCurrency": "USD",
        "cik": "0000812074",
        "fillingDate": "1996-05-15",
        "acceptedDate": "1996-05-15 00:00:00",
        "calendarYear": "1996",
        "period": "Q1",
        "revenue": 905800000,
        "costOfRevenue": 657900000,
        "grossProfit": 247900000,
        "grossProfitRatio": 0.2736807242,
        "researchAndDevelopmentExpenses": 14600000,
        "generalAndAdministrativeExpenses": 50700000,
        "sellingAndMarketingExpenses": 0,
        "sellingGeneralAndAdministrativeExpenses": 50700000,
        "otherExpenses": 65700000,
        "operatingExpenses": 131000000,
        "costAndExpenses": 788900000,
        "interestIncome": 0,
        "interestExpense": 0,
        "depreciationAndAmortization": 65700000,
        "ebitda": 182600000,
        "ebitdaratio": 0.2015897549,
        "operatingIncome": 116900000,
        "operatingIncomeRatio": 0.129057187,
        "totalOtherIncomeExpensesNet": -51400000,
        "incomeBeforeTax": 65500000,
        "incomeBeforeTaxRatio": 0.0723117686,
        "incomeTaxExpense": 25900000,
        "netIncome": 39600000,
        "netIncomeRatio": 0.0437182601,
        "eps": 0.33,
        "epsdiluted": 0.32,
        "weightedAverageShsOut": 120000000,
        "weightedAverageShsOutDil": 123750000,
        "link": "https://www.sec.gov/Archives/edgar/data/812074/000081207496000013/0000812074-96-000013-index.html",
        "finalLink": "https://www.sec.gov/Archives/edgar/data/812074/"
    },
    {
        "date": "1995-12-31",
        "symbol": "OI",
        "reportedCurrency": "USD",
        "cik": "0000812074",
        "fillingDate": "1996-03-29",
        "acceptedDate": "1996-03-29 00:00:00",
        "calendarYear": "1995",
        "period": "Q4",
        "revenue": 892400000,
        "costOfRevenue": 662600000,
        "grossProfit": 229800000,
        "grossProfitRatio": 0.257507844,
        "researchAndDevelopmentExpenses": 12500000,
        "generalAndAdministrativeExpenses": 54800000,
        "sellingAndMarketingExpenses": 0,
        "sellingGeneralAndAdministrativeExpenses": 54800000,
        "otherExpenses": 53100000,
        "operatingExpenses": 120400000,
        "costAndExpenses": 783000000,
        "interestIncome": 0,
        "interestExpense": 0,
        "depreciationAndAmortization": 53100000,
        "ebitda": 162500000,
        "ebitdaratio": 0.1820932317,
        "operatingIncome": 109400000,
        "operatingIncomeRatio": 0.1225907665,
        "totalOtherIncomeExpensesNet": -83400000,
        "incomeBeforeTax": 26000000,
        "incomeBeforeTaxRatio": 0.0291349171,
        "incomeTaxExpense": 5300000,
        "netIncome": 20700000,
        "netIncomeRatio": 0.0231958763,
        "eps": 0.17,
        "epsdiluted": 0.17,
        "weightedAverageShsOut": 120000000,
        "weightedAverageShsOutDil": 120000000,
        "link": "https://www.sec.gov/Archives/edgar/data/812074/000081207496000010/0000812074-96-000010-index.html",
        "finalLink": "https://www.sec.gov/Archives/edgar/data/812074/"
    },
    {
        "date": "1995-09-30",
        "symbol": "OI",
        "reportedCurrency": "USD",
        "cik": "0000812074",
        "fillingDate": "1995-11-09",
        "acceptedDate": "1995-11-09 00:00:00",
        "calendarYear": "1995",
        "period": "Q3",
        "revenue": 962200000,
        "costOfRevenue": 687500000,
        "grossProfit": 274700000,
        "grossProfitRatio": 0.2854915818,
        "researchAndDevelopmentExpenses": 13800000,
        "generalAndAdministrativeExpenses": 43300000,
        "sellingAndMarketingExpenses": 0,
        "sellingGeneralAndAdministrativeExpenses": 43300000,
        "otherExpenses": 60400000,
        "operatingExpenses": 117500000,
        "costAndExpenses": 805000000,
        "interestIncome": 0,
        "interestExpense": 0,
        "depreciationAndAmortization": 60400000,
        "ebitda": 217600000,
        "ebitdaratio": 0.2261484099,
        "operatingIncome": 157200000,
        "operatingIncomeRatio": 0.1633755976,
        "totalOtherIncomeExpensesNet": -71200000,
        "incomeBeforeTax": 86000000,
        "incomeBeforeTaxRatio": 0.0893785076,
        "incomeTaxExpense": 29900000,
        "netIncome": 56100000,
        "netIncomeRatio": 0.0583038869,
        "eps": 0.46,
        "epsdiluted": 0.46,
        "weightedAverageShsOut": 121956522,
        "weightedAverageShsOutDil": 121956522,
        "link": "https://www.sec.gov/Archives/edgar/data/812074/000081207495000016/0000812074-95-000016-index.html",
        "finalLink": "https://www.sec.gov/Archives/edgar/data/812074/"
    },
    {
        "date": "1995-06-30",
        "symbol": "OI",
        "reportedCurrency": "USD",
        "cik": "0000812074",
        "fillingDate": "1995-08-14",
        "acceptedDate": "1995-08-14 00:00:00",
        "calendarYear": "1995",
        "period": "Q2",
        "revenue": 985000000,
        "costOfRevenue": 691900000,
        "grossProfit": 293100000,
        "grossProfitRatio": 0.2975634518,
        "researchAndDevelopmentExpenses": 14100000,
        "generalAndAdministrativeExpenses": 42100000,
        "sellingAndMarketingExpenses": 0,
        "sellingGeneralAndAdministrativeExpenses": 42100000,
        "otherExpenses": 61100000,
        "operatingExpenses": 117300000,
        "costAndExpenses": 809200000,
        "interestIncome": 0,
        "interestExpense": 0,
        "depreciationAndAmortization": 61100000,
        "ebitda": 236900000,
        "ebitdaratio": 0.2405076142,
        "operatingIncome": 175800000,
        "operatingIncomeRatio": 0.1784771574,
        "totalOtherIncomeExpensesNet": -77300000,
        "incomeBeforeTax": 98500000,
        "incomeBeforeTaxRatio": 0.1,
        "incomeTaxExpense": 39500000,
        "netIncome": 59000000,
        "netIncomeRatio": 0.0598984772,
        "eps": 0.49,
        "epsdiluted": 0.49,
        "weightedAverageShsOut": 120408163,
        "weightedAverageShsOutDil": 120408163,
        "link": "https://www.sec.gov/Archives/edgar/data/812074/000081207495000013/0000812074-95-000013-index.html",
        "finalLink": "https://www.sec.gov/Archives/edgar/data/812074/"
    },
    {
        "date": "1995-03-31",
        "symbol": "OI",
        "reportedCurrency": "USD",
        "cik": "0000812074",
        "fillingDate": "1995-05-15",
        "acceptedDate": "1995-05-15 00:00:00",
        "calendarYear": "1995",
        "period": "Q1",
        "revenue": 923600000,
        "costOfRevenue": 668400000,
        "grossProfit": 255200000,
        "grossProfitRatio": 0.2763100909,
        "researchAndDevelopmentExpenses": 14400000,
        "generalAndAdministrativeExpenses": 47600000,
        "sellingAndMarketingExpenses": 0,
        "sellingGeneralAndAdministrativeExpenses": 47600000,
        "otherExpenses": 63500000,
        "operatingExpenses": 125500000,
        "costAndExpenses": 793900000,
        "interestIncome": 0,
        "interestExpense": 0,
        "depreciationAndAmortization": 63500000,
        "ebitda": 193200000,
        "ebitdaratio": 0.2091814638,
        "operatingIncome": 129700000,
        "operatingIncomeRatio": 0.140428757,
        "totalOtherIncomeExpensesNet": -70300000,
        "incomeBeforeTax": 59400000,
        "incomeBeforeTaxRatio": 0.0643135557,
        "incomeTaxExpense": 26100000,
        "netIncome": 33300000,
        "netIncomeRatio": 0.0360545691,
        "eps": 0.28,
        "epsdiluted": 0.28,
        "weightedAverageShsOut": 118928571,
        "weightedAverageShsOutDil": 118928571,
        "link": "https://www.sec.gov/Archives/edgar/data/812074/000081207495000009/0000812074-95-000009-index.html",
        "finalLink": "https://www.sec.gov/Archives/edgar/data/812074/"
    },
    {
        "date": "1994-12-31",
        "symbol": "OI",
        "reportedCurrency": "USD",
        "cik": "0000812074",
        "fillingDate": "1995-03-30",
        "acceptedDate": "1995-03-30 00:00:00",
        "calendarYear": "1994",
        "period": "Q4",
        "revenue": 884800000,
        "costOfRevenue": 655800000,
        "grossProfit": 229000000,
        "grossProfitRatio": 0.2588155515,
        "researchAndDevelopmentExpenses": 13600000,
        "generalAndAdministrativeExpenses": 51900000,
        "sellingAndMarketingExpenses": 0,
        "sellingGeneralAndAdministrativeExpenses": 51900000,
        "otherExpenses": 59100000,
        "operatingExpenses": 124600000,
        "costAndExpenses": 780400000,
        "interestIncome": 0,
        "interestExpense": 0,
        "depreciationAndAmortization": 59100000,
        "ebitda": 163500000,
        "ebitdaratio": 0.1847875226,
        "operatingIncome": 104400000,
        "operatingIncomeRatio": 0.1179927667,
        "totalOtherIncomeExpensesNet": -179200000,
        "incomeBeforeTax": -74800000,
        "incomeBeforeTaxRatio": -0.0845388788,
        "incomeTaxExpense": -27200000,
        "netIncome": -47600000,
        "netIncomeRatio": -0.0537974684,
        "eps": -0.4,
        "epsdiluted": -0.4,
        "weightedAverageShsOut": 118928571,
        "weightedAverageShsOutDil": 118928571,
        "link": "https://www.sec.gov/Archives/edgar/data/812074/000081207495000006/0000812074-95-000006-index.html",
        "finalLink": "https://www.sec.gov/Archives/edgar/data/812074/"
    },
    {
        "date": "1994-09-30",
        "symbol": "OI",
        "reportedCurrency": "USD",
        "cik": "0000812074",
        "fillingDate": "1994-11-14",
        "acceptedDate": "1994-11-14 00:00:00",
        "calendarYear": "1994",
        "period": "Q3",
        "revenue": 927900000,
        "costOfRevenue": 665300000,
        "grossProfit": 262600000,
        "grossProfitRatio": 0.2830046341,
        "researchAndDevelopmentExpenses": 16000000,
        "generalAndAdministrativeExpenses": 46200000,
        "sellingAndMarketingExpenses": 0,
        "sellingGeneralAndAdministrativeExpenses": 46200000,
        "otherExpenses": 56800000,
        "operatingExpenses": 119000000,
        "costAndExpenses": 784300000,
        "interestIncome": 0,
        "interestExpense": 0,
        "depreciationAndAmortization": 56800000,
        "ebitda": 200400000,
        "ebitdaratio": 0.2159715487,
        "operatingIncome": 143600000,
        "operatingIncomeRatio": 0.1547580558,
        "totalOtherIncomeExpensesNet": -61800000,
        "incomeBeforeTax": 81800000,
        "incomeBeforeTaxRatio": 0.0881560513,
        "incomeTaxExpense": 35400000,
        "netIncome": 46400000,
        "netIncomeRatio": 0.0500053885,
        "eps": 0.39,
        "epsdiluted": 0.39,
        "weightedAverageShsOut": 118974359,
        "weightedAverageShsOutDil": 118974359,
        "link": "https://www.sec.gov/Archives/edgar/data/812074/000081207494000020/0000812074-94-000020-index.html",
        "finalLink": "https://www.sec.gov/Archives/edgar/data/812074/"
    },
    {
        "date": "1994-06-30",
        "symbol": "OI",
        "reportedCurrency": "USD",
        "cik": "0000812074",
        "fillingDate": "1994-08-15",
        "acceptedDate": "1994-08-15 00:00:00",
        "calendarYear": "1994",
        "period": "Q2",
        "revenue": 915400000,
        "costOfRevenue": 656100000,
        "grossProfit": 259300000,
        "grossProfitRatio": 0.2832641468,
        "researchAndDevelopmentExpenses": 12200000,
        "generalAndAdministrativeExpenses": 46900000,
        "sellingAndMarketingExpenses": 0,
        "sellingGeneralAndAdministrativeExpenses": 46900000,
        "otherExpenses": 57100000,
        "operatingExpenses": 116200000,
        "costAndExpenses": 772300000,
        "interestIncome": 0,
        "interestExpense": 0,
        "depreciationAndAmortization": 57100000,
        "ebitda": 200200000,
        "ebitdaratio": 0.2187022067,
        "operatingIncome": 143100000,
        "operatingIncomeRatio": 0.1563251038,
        "totalOtherIncomeExpensesNet": -55000000,
        "incomeBeforeTax": 88100000,
        "incomeBeforeTaxRatio": 0.09624208,
        "incomeTaxExpense": 36700000,
        "netIncome": 51400000,
        "netIncomeRatio": 0.0561503168,
        "eps": 0.43,
        "epsdiluted": 0.43,
        "weightedAverageShsOut": 119534884,
        "weightedAverageShsOutDil": 119534884,
        "link": "https://www.sec.gov/Archives/edgar/data/812074/000081207494000017/0000812074-94-000017-index.html",
        "finalLink": "https://www.sec.gov/Archives/edgar/data/812074/"
    },
    {
        "date": "1994-03-31",
        "symbol": "OI",
        "reportedCurrency": "USD",
        "cik": "0000812074",
        "fillingDate": "1994-05-13",
        "acceptedDate": "1994-05-13 00:00:00",
        "calendarYear": "1994",
        "period": "Q1",
        "revenue": 839200000,
        "costOfRevenue": 613500000,
        "grossProfit": 225700000,
        "grossProfitRatio": 0.2689466158,
        "researchAndDevelopmentExpenses": 12800000,
        "generalAndAdministrativeExpenses": 48500000,
        "sellingAndMarketingExpenses": 0,
        "sellingGeneralAndAdministrativeExpenses": 48500000,
        "otherExpenses": 60600000,
        "operatingExpenses": 121900000,
        "costAndExpenses": 735400000,
        "interestIncome": 0,
        "interestExpense": 0,
        "depreciationAndAmortization": 60600000,
        "ebitda": 164400000,
        "ebitdaratio": 0.195900858,
        "operatingIncome": 103800000,
        "operatingIncomeRatio": 0.1236892278,
        "totalOtherIncomeExpensesNet": -51700000,
        "incomeBeforeTax": 52100000,
        "incomeBeforeTaxRatio": 0.0620829361,
        "incomeTaxExpense": 24000000,
        "netIncome": 28100000,
        "netIncomeRatio": 0.0334842707,
        "eps": 0.23,
        "epsdiluted": 0.23,
        "weightedAverageShsOut": 122173913,
        "weightedAverageShsOutDil": 122173913,
        "link": "https://www.sec.gov/Archives/edgar/data/812074/000081207494000008/0000812074-94-000008-index.html",
        "finalLink": "https://www.sec.gov/Archives/edgar/data/812074/"
    },
    {
        "date": "1993-12-31",
        "symbol": "OI",
        "reportedCurrency": "USD",
        "cik": "0000812074",
        "fillingDate": "1994-03-30",
        "acceptedDate": "1994-03-30 00:00:00",
        "calendarYear": "1993",
        "period": "Q4",
        "revenue": 873300000,
        "costOfRevenue": 640900000,
        "grossProfit": 232400000,
        "grossProfitRatio": 0.2661170274,
        "researchAndDevelopmentExpenses": 0,
        "generalAndAdministrativeExpenses": 0,
        "sellingAndMarketingExpenses": 0,
        "sellingGeneralAndAdministrativeExpenses": 678700000,
        "otherExpenses": 55100000,
        "operatingExpenses": 733800000,
        "costAndExpenses": 1374700000,
        "interestIncome": 0,
        "interestExpense": 0,
        "depreciationAndAmortization": 55100000,
        "ebitda": -446300000,
        "ebitdaratio": -0.5110500401,
        "operatingIncome": -501400000,
        "operatingIncomeRatio": -0.5741440513,
        "totalOtherIncomeExpensesNet": -11900000,
        "incomeBeforeTax": -513300000,
        "incomeBeforeTaxRatio": -0.5877705256,
        "incomeTaxExpense": -199800000,
        "netIncome": -317800000,
        "netIncomeRatio": -0.3639070194,
        "eps": -2.67,
        "epsdiluted": -2.65,
        "weightedAverageShsOut": 119077491,
        "weightedAverageShsOutDil": 119714286,
        "link": "https://www.sec.gov/Archives/edgar/data/812074/000081207494000007/0000812074-94-000007-index.html",
        "finalLink": "https://www.sec.gov/Archives/edgar/data/812074/"
    },
    {
        "date": "1993-09-30",
        "symbol": "OI",
        "reportedCurrency": "USD",
        "cik": "0000812074",
        "fillingDate": "1993-09-30",
        "acceptedDate": "1993-09-29 20:00:00",
        "calendarYear": "1993",
        "period": "Q3",
        "revenue": 914600000,
        "costOfRevenue": 670800000,
        "grossProfit": 243800000,
        "grossProfitRatio": 0.2665646184,
        "researchAndDevelopmentExpenses": 0,
        "generalAndAdministrativeExpenses": 0,
        "sellingAndMarketingExpenses": 0,
        "sellingGeneralAndAdministrativeExpenses": 53800000,
        "otherExpenses": 56400000,
        "operatingExpenses": 110200000,
        "costAndExpenses": 781000000,
        "interestIncome": 0,
        "interestExpense": 0,
        "depreciationAndAmortization": 56400000,
        "ebitda": 190000000,
        "ebitdaratio": 0.207741089,
        "operatingIncome": 133600000,
        "operatingIncomeRatio": 0.1460747868,
        "totalOtherIncomeExpensesNet": -56700000,
        "incomeBeforeTax": 76900000,
        "incomeBeforeTaxRatio": 0.0840804723,
        "incomeTaxExpense": 34000000,
        "netIncome": 41900000,
        "netIncomeRatio": 0.045812377,
        "eps": 0.35,
        "epsdiluted": 0.35,
        "weightedAverageShsOut": 119714286,
        "weightedAverageShsOutDil": 119714286,
        "link": "",
        "finalLink": ""
    },
    {
        "date": "1993-06-30",
        "symbol": "OI",
        "reportedCurrency": "USD",
        "cik": "0000812074",
        "fillingDate": "1993-06-30",
        "acceptedDate": "1993-06-29 20:00:00",
        "calendarYear": "1993",
        "period": "Q2",
        "revenue": 915000000,
        "costOfRevenue": 659800000,
        "grossProfit": 255200000,
        "grossProfitRatio": 0.2789071038,
        "researchAndDevelopmentExpenses": 0,
        "generalAndAdministrativeExpenses": 0,
        "sellingAndMarketingExpenses": 0,
        "sellingGeneralAndAdministrativeExpenses": 53500000,
        "otherExpenses": 54900000,
        "operatingExpenses": 108400000,
        "costAndExpenses": 768200000,
        "interestIncome": 0,
        "interestExpense": 0,
        "depreciationAndAmortization": 54900000,
        "ebitda": 201700000,
        "ebitdaratio": 0.2204371585,
        "operatingIncome": 146800000,
        "operatingIncomeRatio": 0.1604371585,
        "totalOtherIncomeExpensesNet": -66000000,
        "incomeBeforeTax": 80800000,
        "incomeBeforeTaxRatio": 0.0883060109,
        "incomeTaxExpense": 33700000,
        "netIncome": 259000000,
        "netIncomeRatio": 0.2830601093,
        "eps": 2.17,
        "epsdiluted": 2.17,
        "weightedAverageShsOut": 119354839,
        "weightedAverageShsOutDil": 119354839,
        "link": "",
        "finalLink": ""
    },
    {
        "date": "1993-03-31",
        "symbol": "OI",
        "reportedCurrency": "USD",
        "cik": "0000812074",
        "fillingDate": "1993-03-31",
        "acceptedDate": "1993-03-30 19:00:00",
        "calendarYear": "1993",
        "period": "Q1",
        "revenue": 889900000,
        "costOfRevenue": 647200000,
        "grossProfit": 242700000,
        "grossProfitRatio": 0.2727272727,
        "researchAndDevelopmentExpenses": 0,
        "generalAndAdministrativeExpenses": 0,
        "sellingAndMarketingExpenses": 0,
        "sellingGeneralAndAdministrativeExpenses": 58000000,
        "otherExpenses": 65900000,
        "operatingExpenses": 123900000,
        "costAndExpenses": 771100000,
        "interestIncome": 0,
        "interestExpense": 0,
        "depreciationAndAmortization": 65900000,
        "ebitda": 184700000,
        "ebitdaratio": 0.2075514103,
        "operatingIncome": 118800000,
        "operatingIncomeRatio": 0.1334981459,
        "totalOtherIncomeExpensesNet": -78700000,
        "incomeBeforeTax": 40100000,
        "incomeBeforeTaxRatio": 0.0450612428,
        "incomeTaxExpense": 18300000,
        "netIncome": 21800000,
        "netIncomeRatio": 0.0244971345,
        "eps": 0.18,
        "epsdiluted": 0.18,
        "weightedAverageShsOut": 121111111,
        "weightedAverageShsOutDil": 121111111,
        "link": "",
        "finalLink": ""
    },
    {
        "date": "1992-12-31",
        "symbol": "OI",
        "reportedCurrency": "USD",
        "cik": "0000812074",
        "fillingDate": "1992-12-31",
        "acceptedDate": "1992-12-30 19:00:00",
        "calendarYear": "1992",
        "period": "Q4",
        "revenue": 931100000,
        "costOfRevenue": 720000000,
        "grossProfit": 211100000,
        "grossProfitRatio": 0.2267210826,
        "researchAndDevelopmentExpenses": 0,
        "generalAndAdministrativeExpenses": 0,
        "sellingAndMarketingExpenses": 0,
        "sellingGeneralAndAdministrativeExpenses": 76000000,
        "otherExpenses": 82100000,
        "operatingExpenses": 158100000,
        "costAndExpenses": 878100000,
        "interestIncome": 0,
        "interestExpense": 0,
        "depreciationAndAmortization": 82100000,
        "ebitda": 135100000,
        "ebitdaratio": 0.1450971969,
        "operatingIncome": 53000000,
        "operatingIncomeRatio": 0.0569219203,
        "totalOtherIncomeExpensesNet": -78600000,
        "incomeBeforeTax": -25600000,
        "incomeBeforeTaxRatio": -0.0274943615,
        "incomeTaxExpense": -19200000,
        "netIncome": -235100000,
        "netIncomeRatio": -0.2524970465,
        "eps": -1.98,
        "epsdiluted": -1.91,
        "weightedAverageShsOut": 118926601,
        "weightedAverageShsOutDil": 123333333,
        "link": "",
        "finalLink": ""
    },
    {
        "date": "1992-09-30",
        "symbol": "OI",
        "reportedCurrency": "USD",
        "cik": "0000812074",
        "fillingDate": "1992-09-30",
        "acceptedDate": "1992-09-29 20:00:00",
        "calendarYear": "1992",
        "period": "Q3",
        "revenue": 952900000,
        "costOfRevenue": 744600000,
        "grossProfit": 208300000,
        "grossProfitRatio": 0.2185958653,
        "researchAndDevelopmentExpenses": 0,
        "generalAndAdministrativeExpenses": 0,
        "sellingAndMarketingExpenses": 0,
        "sellingGeneralAndAdministrativeExpenses": 58600000,
        "otherExpenses": 0,
        "operatingExpenses": 58600000,
        "costAndExpenses": 803200000,
        "interestIncome": 0,
        "interestExpense": 0,
        "depreciationAndAmortization": 55200000,
        "ebitda": 204900000,
        "ebitdaratio": 0.2150278098,
        "operatingIncome": 149700000,
        "operatingIncomeRatio": 0.1570993808,
        "totalOtherIncomeExpensesNet": -76200000,
        "incomeBeforeTax": 73500000,
        "incomeBeforeTaxRatio": 0.0771329625,
        "incomeTaxExpense": 34900000,
        "netIncome": 3700000,
        "netIncomeRatio": 0.0038828838,
        "eps": 0.03,
        "epsdiluted": 0.03,
        "weightedAverageShsOut": 123333333,
        "weightedAverageShsOutDil": 123333333,
        "link": "",
        "finalLink": ""
    },
    {
        "date": "1992-06-30",
        "symbol": "OI",
        "reportedCurrency": "USD",
        "cik": "0000812074",
        "fillingDate": "1992-06-30",
        "acceptedDate": "1992-06-29 20:00:00",
        "calendarYear": "1992",
        "period": "Q2",
        "revenue": 942300000,
        "costOfRevenue": 675300000,
        "grossProfit": 267000000,
        "grossProfitRatio": 0.2833492518,
        "researchAndDevelopmentExpenses": 0,
        "generalAndAdministrativeExpenses": 0,
        "sellingAndMarketingExpenses": 0,
        "sellingGeneralAndAdministrativeExpenses": 65800000,
        "otherExpenses": 56300000,
        "operatingExpenses": 122100000,
        "costAndExpenses": 797400000,
        "interestIncome": 0,
        "interestExpense": 0,
        "depreciationAndAmortization": 56300000,
        "ebitda": 201200000,
        "ebitdaratio": 0.2135201104,
        "operatingIncome": 144900000,
        "operatingIncomeRatio": 0.1537726839,
        "totalOtherIncomeExpensesNet": -70200000,
        "incomeBeforeTax": 74700000,
        "incomeBeforeTaxRatio": 0.0792741165,
        "incomeTaxExpense": 35000000,
        "netIncome": 52500000,
        "netIncomeRatio": 0.0557147405,
        "eps": 0.44,
        "epsdiluted": 0.44,
        "weightedAverageShsOut": 119318182,
        "weightedAverageShsOutDil": 119318182,
        "link": "",
        "finalLink": ""
    },
    {
        "date": "1992-03-31",
        "symbol": "OI",
        "reportedCurrency": "USD",
        "cik": "0000812074",
        "fillingDate": "1992-03-31",
        "acceptedDate": "1992-03-30 19:00:00",
        "calendarYear": "1992",
        "period": "Q1",
        "revenue": 845800000,
        "costOfRevenue": 614400000,
        "grossProfit": 231400000,
        "grossProfitRatio": 0.2735871364,
        "researchAndDevelopmentExpenses": 0,
        "generalAndAdministrativeExpenses": 0,
        "sellingAndMarketingExpenses": 0,
        "sellingGeneralAndAdministrativeExpenses": 69200000,
        "otherExpenses": 57500000,
        "operatingExpenses": 126700000,
        "costAndExpenses": 741100000,
        "interestIncome": 0,
        "interestExpense": 0,
        "depreciationAndAmortization": 57500000,
        "ebitda": 162200000,
        "ebitdaratio": 0.1917711043,
        "operatingIncome": 104700000,
        "operatingIncomeRatio": 0.1237881296,
        "totalOtherIncomeExpensesNet": -54000000,
        "incomeBeforeTax": 50700000,
        "incomeBeforeTaxRatio": 0.059943249,
        "incomeTaxExpense": 25900000,
        "netIncome": 44700000,
        "netIncomeRatio": 0.0528493734,
        "eps": 0.38,
        "epsdiluted": 0.38,
        "weightedAverageShsOut": 117631579,
        "weightedAverageShsOutDil": 117631579,
        "link": "",
        "finalLink": ""
    },
    {
        "date": "1991-12-31",
        "symbol": "OI",
        "reportedCurrency": "USD",
        "cik": "0000812074",
        "fillingDate": "1991-12-31",
        "acceptedDate": "1991-12-30 19:00:00",
        "calendarYear": "1991",
        "period": "Q4",
        "revenue": 849700000,
        "costOfRevenue": 0,
        "grossProfit": 849700000,
        "grossProfitRatio": 1,
        "researchAndDevelopmentExpenses": 0,
        "generalAndAdministrativeExpenses": 0,
        "sellingAndMarketingExpenses": 0,
        "sellingGeneralAndAdministrativeExpenses": 0,
        "otherExpenses": -3040200000,
        "operatingExpenses": -3040200000,
        "costAndExpenses": -3040200000,
        "interestIncome": 0,
        "interestExpense": 0,
        "depreciationAndAmortization": 0,
        "ebitda": -2190500000,
        "ebitdaratio": -2.5779686948,
        "operatingIncome": -2190500000,
        "operatingIncomeRatio": -2.5779686948,
        "totalOtherIncomeExpensesNet": 2190500000,
        "incomeBeforeTax": 0,
        "incomeBeforeTaxRatio": 0,
        "incomeTaxExpense": 0,
        "netIncome": 0,
        "netIncomeRatio": 0,
        "eps": 0.43,
        "epsdiluted": 0.43,
        "weightedAverageShsOut": 118982000,
        "weightedAverageShsOutDil": 118982000,
        "link": "",
        "finalLink": ""
    },
    {
        "date": "1991-09-30",
        "symbol": "OI",
        "reportedCurrency": "USD",
        "cik": "0000812074",
        "fillingDate": "1991-09-30",
        "acceptedDate": "1991-09-29 20:00:00",
        "calendarYear": "1991",
        "period": "Q3",
        "revenue": 946300000,
        "costOfRevenue": 0,
        "grossProfit": 946300000,
        "grossProfitRatio": 1,
        "researchAndDevelopmentExpenses": 0,
        "generalAndAdministrativeExpenses": 0,
        "sellingAndMarketingExpenses": 0,
        "sellingGeneralAndAdministrativeExpenses": 0,
        "otherExpenses": 0,
        "operatingExpenses": 0,
        "costAndExpenses": 0,
        "interestIncome": 0,
        "interestExpense": 0,
        "depreciationAndAmortization": 0,
        "ebitda": 946300000,
        "ebitdaratio": 1,
        "operatingIncome": 946300000,
        "operatingIncomeRatio": 1,
        "totalOtherIncomeExpensesNet": -946300000,
        "incomeBeforeTax": 0,
        "incomeBeforeTaxRatio": 0,
        "incomeTaxExpense": 0,
        "netIncome": 0,
        "netIncomeRatio": 0,
        "eps": -3.81,
        "epsdiluted": -3.81,
        "weightedAverageShsOut": 118982000,
        "weightedAverageShsOutDil": 118982000,
        "link": "",
        "finalLink": ""
    },
    {
        "date": "1991-06-30",
        "symbol": "OI",
        "reportedCurrency": "USD",
        "cik": "0000812074",
        "fillingDate": "1991-06-30",
        "acceptedDate": "1991-06-29 20:00:00",
        "calendarYear": "1991",
        "period": "Q2",
        "revenue": 889400000,
        "costOfRevenue": 0,
        "grossProfit": 889400000,
        "grossProfitRatio": 1,
        "researchAndDevelopmentExpenses": 0,
        "generalAndAdministrativeExpenses": 0,
        "sellingAndMarketingExpenses": 0,
        "sellingGeneralAndAdministrativeExpenses": 0,
        "otherExpenses": 0,
        "operatingExpenses": 0,
        "costAndExpenses": 0,
        "interestIncome": 0,
        "interestExpense": 0,
        "depreciationAndAmortization": 0,
        "ebitda": 889400000,
        "ebitdaratio": 1,
        "operatingIncome": 889400000,
        "operatingIncomeRatio": 1,
        "totalOtherIncomeExpensesNet": -889400000,
        "incomeBeforeTax": 0,
        "incomeBeforeTaxRatio": 0,
        "incomeTaxExpense": 0,
        "netIncome": 0,
        "netIncomeRatio": 0,
        "eps": 0.06,
        "epsdiluted": 0.06,
        "weightedAverageShsOut": 118982000,
        "weightedAverageShsOutDil": 118982000,
        "link": "",
        "finalLink": ""
    },
    {
        "date": "1991-03-31",
        "symbol": "OI",
        "reportedCurrency": "USD",
        "cik": "0000812074",
        "fillingDate": "1991-03-31",
        "acceptedDate": "1991-03-30 19:00:00",
        "calendarYear": "1991",
        "period": "Q1",
        "revenue": 889400000,
        "costOfRevenue": 0,
        "grossProfit": 889400000,
        "grossProfitRatio": 1,
        "researchAndDevelopmentExpenses": 0,
        "generalAndAdministrativeExpenses": 0,
        "sellingAndMarketingExpenses": 0,
        "sellingGeneralAndAdministrativeExpenses": 0,
        "otherExpenses": 0,
        "operatingExpenses": 0,
        "costAndExpenses": 0,
        "interestIncome": 0,
        "interestExpense": 0,
        "depreciationAndAmortization": 0,
        "ebitda": 889400000,
        "ebitdaratio": 1,
        "operatingIncome": 889400000,
        "operatingIncomeRatio": 1,
        "totalOtherIncomeExpensesNet": -889400000,
        "incomeBeforeTax": 0,
        "incomeBeforeTaxRatio": 0,
        "incomeTaxExpense": 0,
        "netIncome": 0,
        "netIncomeRatio": 0,
        "eps": 0.07,
        "epsdiluted": 0.07,
        "weightedAverageShsOut": 118982000,
        "weightedAverageShsOutDil": 118982000,
        "link": "",
        "finalLink": ""
    }
]