[
    {
        "date": "2025-09-30",
        "symbol": "OLN",
        "reportedCurrency": "USD",
        "cik": "0000074303",
        "fillingDate": "2025-10-28",
        "acceptedDate": "2025-10-28 12:48:59",
        "calendarYear": "2025",
        "period": "Q3",
        "revenue": 1713200000,
        "costOfRevenue": 1529800000,
        "grossProfit": 183400000,
        "grossProfitRatio": 0.1070511324,
        "researchAndDevelopmentExpenses": 0,
        "generalAndAdministrativeExpenses": 0,
        "sellingAndMarketingExpenses": 0,
        "sellingGeneralAndAdministrativeExpenses": 1695800000,
        "otherExpenses": -1597700000,
        "operatingExpenses": 98100000,
        "costAndExpenses": 1627900000,
        "interestIncome": 1600000,
        "interestExpense": 46800000,
        "depreciationAndAmortization": 133800000,
        "ebitda": 222100000,
        "ebitdaratio": 0.1296404389,
        "operatingIncome": 400000,
        "operatingIncomeRatio": 0.0002334812,
        "totalOtherIncomeExpensesNet": 41100000,
        "incomeBeforeTax": 41500000,
        "incomeBeforeTaxRatio": 0.024223675,
        "incomeTaxExpense": -2200000,
        "netIncome": 43000000,
        "netIncomeRatio": 0.0250992295,
        "eps": 0.37,
        "epsdiluted": 0.37,
        "weightedAverageShsOut": 114900000,
        "weightedAverageShsOutDil": 115600000,
        "link": "https://www.sec.gov/Archives/edgar/data/74303/000007430325000134/0000074303-25-000134-index.htm",
        "finalLink": "https://www.sec.gov/Archives/edgar/data/74303/000007430325000134/oln-20250930.htm"
    },
    {
        "date": "2025-06-30",
        "symbol": "OLN",
        "reportedCurrency": "USD",
        "cik": "0000074303",
        "fillingDate": "2025-07-29",
        "acceptedDate": "2025-07-29 15:53:45",
        "calendarYear": "2025",
        "period": "Q2",
        "revenue": 1758300000,
        "costOfRevenue": 1620200000,
        "grossProfit": 138100000,
        "grossProfitRatio": 0.0785417733,
        "researchAndDevelopmentExpenses": 0,
        "generalAndAdministrativeExpenses": 0,
        "sellingAndMarketingExpenses": 0,
        "sellingGeneralAndAdministrativeExpenses": 90300000,
        "otherExpenses": 12500000,
        "operatingExpenses": 102800000,
        "costAndExpenses": 1723000000,
        "interestIncome": 1200000,
        "interestExpense": 46800000,
        "depreciationAndAmortization": 129900000,
        "ebitda": 177500000,
        "ebitdaratio": 0.100949781,
        "operatingIncome": 35300000,
        "operatingIncomeRatio": 0.02007621,
        "totalOtherIncomeExpensesNet": -42100000,
        "incomeBeforeTax": -6800000,
        "incomeBeforeTaxRatio": -0.0038673719,
        "incomeTaxExpense": -4000000,
        "netIncome": -1300000,
        "netIncomeRatio": -0.0007393505,
        "eps": -0.0113,
        "epsdiluted": -0.0113,
        "weightedAverageShsOut": 115100000,
        "weightedAverageShsOutDil": 115900000,
        "link": "https://www.sec.gov/Archives/edgar/data/74303/000007430325000113/0000074303-25-000113-index.htm",
        "finalLink": "https://www.sec.gov/Archives/edgar/data/74303/000007430325000113/oln-20250630.htm"
    },
    {
        "date": "2025-03-31",
        "symbol": "OLN",
        "reportedCurrency": "USD",
        "cik": "0000074303",
        "fillingDate": "2025-05-02",
        "acceptedDate": "2025-05-02 11:40:03",
        "calendarYear": "2025",
        "period": "Q1",
        "revenue": 1644200000,
        "costOfRevenue": 1495500000,
        "grossProfit": 148700000,
        "grossProfitRatio": 0.0904391193,
        "researchAndDevelopmentExpenses": 0,
        "generalAndAdministrativeExpenses": 0,
        "sellingAndMarketingExpenses": 0,
        "sellingGeneralAndAdministrativeExpenses": 95300000,
        "otherExpenses": 9700000,
        "operatingExpenses": 105000000,
        "costAndExpenses": 1600500000,
        "interestIncome": 1200000,
        "interestExpense": 48500000,
        "depreciationAndAmortization": 132200000,
        "ebitda": 185600000,
        "ebitdaratio": 0.1128816446,
        "operatingIncome": 43700000,
        "operatingIncomeRatio": 0.0265782751,
        "totalOtherIncomeExpensesNet": -41600000,
        "incomeBeforeTax": 2100000,
        "incomeBeforeTaxRatio": 0.0012772169,
        "incomeTaxExpense": 900000,
        "netIncome": 1400000,
        "netIncomeRatio": 0.0008514779,
        "eps": 0.0121,
        "epsdiluted": 0.012,
        "weightedAverageShsOut": 115300000,
        "weightedAverageShsOutDil": 116600000,
        "link": "https://www.sec.gov/Archives/edgar/data/74303/000007430325000071/0000074303-25-000071-index.htm",
        "finalLink": "https://www.sec.gov/Archives/edgar/data/74303/000007430325000071/oln-20250331.htm"
    },
    {
        "date": "2024-12-31",
        "symbol": "OLN",
        "reportedCurrency": "USD",
        "cik": "0000074303",
        "fillingDate": "2025-02-20",
        "acceptedDate": "2025-02-20 16:09:42",
        "calendarYear": "2024",
        "period": "Q4",
        "revenue": 1671300000,
        "costOfRevenue": 1513400000,
        "grossProfit": 157900000,
        "grossProfitRatio": 0.094477353,
        "researchAndDevelopmentExpenses": 18400000,
        "generalAndAdministrativeExpenses": 0,
        "sellingAndMarketingExpenses": 0,
        "sellingGeneralAndAdministrativeExpenses": 93700000,
        "otherExpenses": -1500000,
        "operatingExpenses": 110600000,
        "costAndExpenses": 1624000000,
        "interestIncome": 1000000,
        "interestExpense": 44900000,
        "depreciationAndAmortization": 129200000,
        "ebitda": 193400000,
        "ebitdaratio": 0.1157183031,
        "operatingIncome": 47300000,
        "operatingIncomeRatio": 0.0283013223,
        "totalOtherIncomeExpensesNet": -37300000,
        "incomeBeforeTax": 10000000,
        "incomeBeforeTaxRatio": 0.0059833662,
        "incomeTaxExpense": -100000,
        "netIncome": 10700000,
        "netIncomeRatio": 0.0064022019,
        "eps": 0.0922,
        "epsdiluted": 0.0912,
        "weightedAverageShsOut": 117800000,
        "weightedAverageShsOutDil": 119500000,
        "link": "https://www.sec.gov/Archives/edgar/data/74303/000007430325000023/0000074303-25-000023-index.htm",
        "finalLink": "https://www.sec.gov/Archives/edgar/data/74303/000007430325000023/oln-20241231.htm"
    },
    {
        "date": "2024-09-30",
        "symbol": "OLN",
        "reportedCurrency": "USD",
        "cik": "0000074303",
        "fillingDate": "2024-10-25",
        "acceptedDate": "2024-10-25 12:27:00",
        "calendarYear": "2024",
        "period": "Q3",
        "revenue": 1589500000,
        "costOfRevenue": 1455000000,
        "grossProfit": 134500000,
        "grossProfitRatio": 0.0846178043,
        "researchAndDevelopmentExpenses": 0,
        "generalAndAdministrativeExpenses": 0,
        "sellingAndMarketingExpenses": 0,
        "sellingGeneralAndAdministrativeExpenses": 105000000,
        "otherExpenses": 14000000,
        "operatingExpenses": 119000000,
        "costAndExpenses": 1574000000,
        "interestIncome": 1000000,
        "interestExpense": 48400000,
        "depreciationAndAmortization": 130200000,
        "ebitda": 160300000,
        "ebitdaratio": 0.1008493237,
        "operatingIncome": 15500000,
        "operatingIncomeRatio": 0.0097514942,
        "totalOtherIncomeExpensesNet": -40700000,
        "incomeBeforeTax": -25200000,
        "incomeBeforeTaxRatio": -0.0158540422,
        "incomeTaxExpense": 0,
        "netIncome": -24900000,
        "netIncomeRatio": -0.0156653036,
        "eps": -0.21,
        "epsdiluted": -0.21,
        "weightedAverageShsOut": 116900000,
        "weightedAverageShsOutDil": 116900000,
        "link": "https://www.sec.gov/Archives/edgar/data/74303/000007430324000187/0000074303-24-000187-index.htm",
        "finalLink": "https://www.sec.gov/Archives/edgar/data/74303/000007430324000187/oln-20240930.htm"
    },
    {
        "date": "2024-06-30",
        "symbol": "OLN",
        "reportedCurrency": "USD",
        "cik": "0000074303",
        "fillingDate": "2024-07-26",
        "acceptedDate": "2024-07-26 11:51:21",
        "calendarYear": "2024",
        "period": "Q2",
        "revenue": 1644000000,
        "costOfRevenue": 1406200000,
        "grossProfit": 237800000,
        "grossProfitRatio": 0.1446472019,
        "researchAndDevelopmentExpenses": 0,
        "generalAndAdministrativeExpenses": 0,
        "sellingAndMarketingExpenses": 0,
        "sellingGeneralAndAdministrativeExpenses": 88700000,
        "otherExpenses": 12700000,
        "operatingExpenses": 101400000,
        "costAndExpenses": 1507600000,
        "interestIncome": 900000,
        "interestExpense": 46600000,
        "depreciationAndAmortization": 129000000,
        "ebitda": 278100000,
        "ebitdaratio": 0.1691605839,
        "operatingIncome": 136400000,
        "operatingIncomeRatio": 0.0829683698,
        "totalOtherIncomeExpensesNet": -39800000,
        "incomeBeforeTax": 96600000,
        "incomeBeforeTaxRatio": 0.0587591241,
        "incomeTaxExpense": 24300000,
        "netIncome": 74200000,
        "netIncomeRatio": 0.04513382,
        "eps": 0.63,
        "epsdiluted": 0.62,
        "weightedAverageShsOut": 118500000,
        "weightedAverageShsOutDil": 120200000,
        "link": "https://www.sec.gov/Archives/edgar/data/74303/000007430324000168/0000074303-24-000168-index.htm",
        "finalLink": "https://www.sec.gov/Archives/edgar/data/74303/000007430324000168/oln-20240630.htm"
    },
    {
        "date": "2024-03-31",
        "symbol": "OLN",
        "reportedCurrency": "USD",
        "cik": "0000074303",
        "fillingDate": "2024-04-26",
        "acceptedDate": "2024-04-26 12:59:39",
        "calendarYear": "2024",
        "period": "Q1",
        "revenue": 1635300000,
        "costOfRevenue": 1428000000,
        "grossProfit": 207300000,
        "grossProfitRatio": 0.1267657311,
        "researchAndDevelopmentExpenses": 0,
        "generalAndAdministrativeExpenses": 0,
        "sellingAndMarketingExpenses": 0,
        "sellingGeneralAndAdministrativeExpenses": 95100000,
        "otherExpenses": 14900000,
        "operatingExpenses": 110000000,
        "costAndExpenses": 1538000000,
        "interestIncome": 800000,
        "interestExpense": 44600000,
        "depreciationAndAmortization": 129700000,
        "ebitda": 242100000,
        "ebitdaratio": 0.14804623,
        "operatingIncome": 97300000,
        "operatingIncomeRatio": 0.059499786,
        "totalOtherIncomeExpensesNet": -37000000,
        "incomeBeforeTax": 60300000,
        "incomeBeforeTaxRatio": 0.0368739681,
        "incomeTaxExpense": 12500000,
        "netIncome": 48600000,
        "netIncomeRatio": 0.0297193176,
        "eps": 0.41,
        "epsdiluted": 0.4,
        "weightedAverageShsOut": 119900000,
        "weightedAverageShsOutDil": 121900000,
        "link": "https://www.sec.gov/Archives/edgar/data/74303/000007430324000105/0000074303-24-000105-index.htm",
        "finalLink": "https://www.sec.gov/Archives/edgar/data/74303/000007430324000105/oln-20240331.htm"
    },
    {
        "date": "2023-12-31",
        "symbol": "OLN",
        "reportedCurrency": "USD",
        "cik": "0000074303",
        "fillingDate": "2024-02-22",
        "acceptedDate": "2024-02-22 15:16:43",
        "calendarYear": "2023",
        "period": "Q4",
        "revenue": 1614600000,
        "costOfRevenue": 1437300000,
        "grossProfit": 177300000,
        "grossProfitRatio": 0.1098104794,
        "researchAndDevelopmentExpenses": 20000000,
        "generalAndAdministrativeExpenses": 0,
        "sellingAndMarketingExpenses": 0,
        "sellingGeneralAndAdministrativeExpenses": 95800000,
        "otherExpenses": -37500000,
        "operatingExpenses": 78300000,
        "costAndExpenses": 1515600000,
        "interestIncome": 1100000,
        "interestExpense": 47200000,
        "depreciationAndAmortization": 128500000,
        "ebitda": 210100000,
        "ebitdaratio": 0.1301251084,
        "operatingIncome": 99000000,
        "operatingIncomeRatio": 0.0613154961,
        "totalOtherIncomeExpensesNet": -39100000,
        "incomeBeforeTax": 59900000,
        "incomeBeforeTaxRatio": 0.0370989719,
        "incomeTaxExpense": 11100000,
        "netIncome": 52900000,
        "netIncomeRatio": 0.0327635328,
        "eps": 0.44,
        "epsdiluted": 0.43,
        "weightedAverageShsOut": 121000000,
        "weightedAverageShsOutDil": 123500000,
        "link": "https://www.sec.gov/Archives/edgar/data/74303/000007430324000041/0000074303-24-000041-index.htm",
        "finalLink": "https://www.sec.gov/Archives/edgar/data/74303/000007430324000041/oln-20231231.htm"
    },
    {
        "date": "2023-09-30",
        "symbol": "OLN",
        "reportedCurrency": "USD",
        "cik": "0000074303",
        "fillingDate": "2023-10-27",
        "acceptedDate": "2023-10-27 10:49:03",
        "calendarYear": "2023",
        "period": "Q3",
        "revenue": 1671400000,
        "costOfRevenue": 1402300000,
        "grossProfit": 269100000,
        "grossProfitRatio": 0.1610027522,
        "researchAndDevelopmentExpenses": 0,
        "generalAndAdministrativeExpenses": 0,
        "sellingAndMarketingExpenses": 0,
        "sellingGeneralAndAdministrativeExpenses": 85000000,
        "otherExpenses": 18100000,
        "operatingExpenses": 103100000,
        "costAndExpenses": 1505400000,
        "interestIncome": 1000000,
        "interestExpense": 46200000,
        "depreciationAndAmortization": 131000000,
        "ebitda": 314800000,
        "ebitdaratio": 0.1883450999,
        "operatingIncome": 166000000,
        "operatingIncomeRatio": 0.0993179371,
        "totalOtherIncomeExpensesNet": -39300000,
        "incomeBeforeTax": 126700000,
        "incomeBeforeTaxRatio": 0.0758047146,
        "incomeTaxExpense": 22200000,
        "netIncome": 104100000,
        "netIncomeRatio": 0.062283116,
        "eps": 0.84,
        "epsdiluted": 0.82,
        "weightedAverageShsOut": 124200000,
        "weightedAverageShsOutDil": 127000000,
        "link": "https://www.sec.gov/Archives/edgar/data/74303/000007430323000176/0000074303-23-000176-index.htm",
        "finalLink": "https://www.sec.gov/Archives/edgar/data/74303/000007430323000176/oln-20230930.htm"
    },
    {
        "date": "2023-06-30",
        "symbol": "OLN",
        "reportedCurrency": "USD",
        "cik": "0000074303",
        "fillingDate": "2023-07-28",
        "acceptedDate": "2023-07-28 12:06:27",
        "calendarYear": "2023",
        "period": "Q2",
        "revenue": 1702700000,
        "costOfRevenue": 1392600000,
        "grossProfit": 310100000,
        "grossProfitRatio": 0.1821225113,
        "researchAndDevelopmentExpenses": 0,
        "generalAndAdministrativeExpenses": 0,
        "sellingAndMarketingExpenses": 0,
        "sellingGeneralAndAdministrativeExpenses": 95800000,
        "otherExpenses": -2400000,
        "operatingExpenses": 93400000,
        "costAndExpenses": 1486000000,
        "interestIncome": 1100000,
        "interestExpense": 45300000,
        "depreciationAndAmortization": 136800000,
        "ebitda": 351100000,
        "ebitdaratio": 0.2062019146,
        "operatingIncome": 216700000,
        "operatingIncomeRatio": 0.127268456,
        "totalOtherIncomeExpensesNet": -38800000,
        "incomeBeforeTax": 177900000,
        "incomeBeforeTaxRatio": 0.1044811182,
        "incomeTaxExpense": 33200000,
        "netIncome": 146900000,
        "netIncomeRatio": 0.0862747401,
        "eps": 1.15,
        "epsdiluted": 1.13,
        "weightedAverageShsOut": 127400000,
        "weightedAverageShsOutDil": 130400000,
        "link": "https://www.sec.gov/Archives/edgar/data/74303/000007430323000138/0000074303-23-000138-index.htm",
        "finalLink": "https://www.sec.gov/Archives/edgar/data/74303/000007430323000138/oln-20230630.htm"
    },
    {
        "date": "2023-03-31",
        "symbol": "OLN",
        "reportedCurrency": "USD",
        "cik": "0000074303",
        "fillingDate": "2023-04-28",
        "acceptedDate": "2023-04-28 12:17:53",
        "calendarYear": "2023",
        "period": "Q1",
        "revenue": 1844300000,
        "costOfRevenue": 1441700000,
        "grossProfit": 402600000,
        "grossProfitRatio": 0.2182942038,
        "researchAndDevelopmentExpenses": 0,
        "generalAndAdministrativeExpenses": 0,
        "sellingAndMarketingExpenses": 0,
        "sellingGeneralAndAdministrativeExpenses": 106100000,
        "otherExpenses": 66100000,
        "operatingExpenses": 172200000,
        "costAndExpenses": 1613900000,
        "interestIncome": 1100000,
        "interestExpense": 42400000,
        "depreciationAndAmortization": 137100000,
        "ebitda": 434100000,
        "ebitdaratio": 0.2353738546,
        "operatingIncome": 230400000,
        "operatingIncomeRatio": 0.124925446,
        "totalOtherIncomeExpensesNet": -35600000,
        "incomeBeforeTax": 194800000,
        "incomeBeforeTaxRatio": 0.1056227295,
        "incomeTaxExpense": 40800000,
        "netIncome": 156300000,
        "netIncomeRatio": 0.0847476007,
        "eps": 1.19,
        "epsdiluted": 1.14,
        "weightedAverageShsOut": 131000000,
        "weightedAverageShsOutDil": 137700000,
        "link": "https://www.sec.gov/Archives/edgar/data/74303/000007430323000094/0000074303-23-000094-index.htm",
        "finalLink": "https://www.sec.gov/Archives/edgar/data/74303/000007430323000094/oln-20230331.htm"
    },
    {
        "date": "2022-12-31",
        "symbol": "OLN",
        "reportedCurrency": "USD",
        "cik": "0000074303",
        "fillingDate": "2023-02-23",
        "acceptedDate": "2023-02-23 14:16:06",
        "calendarYear": "2022",
        "period": "Q4",
        "revenue": 1977000000,
        "costOfRevenue": 1595500000,
        "grossProfit": 381500000,
        "grossProfitRatio": 0.1929691452,
        "researchAndDevelopmentExpenses": 18300000,
        "generalAndAdministrativeExpenses": 0,
        "sellingAndMarketingExpenses": 0,
        "sellingGeneralAndAdministrativeExpenses": 88200000,
        "otherExpenses": 1400000,
        "operatingExpenses": 107900000,
        "costAndExpenses": 1703400000,
        "interestIncome": 1000000,
        "interestExpense": 40500000,
        "depreciationAndAmortization": 148500000,
        "ebitda": 426200000,
        "ebitdaratio": 0.2155791603,
        "operatingIncome": 273600000,
        "operatingIncomeRatio": 0.1383915023,
        "totalOtherIncomeExpensesNet": -29800000,
        "incomeBeforeTax": 243800000,
        "incomeBeforeTaxRatio": 0.1233181588,
        "incomeTaxExpense": 47200000,
        "netIncome": 196600000,
        "netIncomeRatio": 0.0994436014,
        "eps": 1.46,
        "epsdiluted": 1.43,
        "weightedAverageShsOut": 134500000,
        "weightedAverageShsOutDil": 137700000,
        "link": "https://www.sec.gov/Archives/edgar/data/74303/000007430323000054/0000074303-23-000054-index.htm",
        "finalLink": "https://www.sec.gov/Archives/edgar/data/74303/000007430323000054/oln-20221231.htm"
    },
    {
        "date": "2022-09-30",
        "symbol": "OLN",
        "reportedCurrency": "USD",
        "cik": "0000074303",
        "fillingDate": "2022-10-27",
        "acceptedDate": "2022-10-27 11:27:01",
        "calendarYear": "2022",
        "period": "Q3",
        "revenue": 2321700000,
        "costOfRevenue": 1840900000,
        "grossProfit": 480800000,
        "grossProfitRatio": 0.2070896326,
        "researchAndDevelopmentExpenses": 0,
        "generalAndAdministrativeExpenses": 0,
        "sellingAndMarketingExpenses": 0,
        "sellingGeneralAndAdministrativeExpenses": 82800000,
        "otherExpenses": 4500000,
        "operatingExpenses": 87300000,
        "costAndExpenses": 1928200000,
        "interestIncome": 500000,
        "interestExpense": 36000000,
        "depreciationAndAmortization": 149800000,
        "ebitda": 547800000,
        "ebitdaratio": 0.2359477969,
        "operatingIncome": 393500000,
        "operatingIncomeRatio": 0.1694878753,
        "totalOtherIncomeExpensesNet": -25600000,
        "incomeBeforeTax": 367900000,
        "incomeBeforeTaxRatio": 0.1584614722,
        "incomeTaxExpense": 52700000,
        "netIncome": 315200000,
        "netIncomeRatio": 0.1357625878,
        "eps": 2.23,
        "epsdiluted": 2.18,
        "weightedAverageShsOut": 141200000,
        "weightedAverageShsOutDil": 144300000,
        "link": "https://www.sec.gov/Archives/edgar/data/74303/000007430322000146/0000074303-22-000146-index.htm",
        "finalLink": "https://www.sec.gov/Archives/edgar/data/74303/000007430322000146/oln-20220930.htm"
    },
    {
        "date": "2022-06-30",
        "symbol": "OLN",
        "reportedCurrency": "USD",
        "cik": "0000074303",
        "fillingDate": "2022-07-29",
        "acceptedDate": "2022-07-29 11:48:01",
        "calendarYear": "2022",
        "period": "Q2",
        "revenue": 2616100000,
        "costOfRevenue": 1951400000,
        "grossProfit": 664700000,
        "grossProfitRatio": 0.2540805015,
        "researchAndDevelopmentExpenses": 0,
        "generalAndAdministrativeExpenses": 0,
        "sellingAndMarketingExpenses": 0,
        "sellingGeneralAndAdministrativeExpenses": 89500000,
        "otherExpenses": 9800000,
        "operatingExpenses": 99300000,
        "costAndExpenses": 2050700000,
        "interestIncome": 300000,
        "interestExpense": 34500000,
        "depreciationAndAmortization": 148800000,
        "ebitda": 727300000,
        "ebitdaratio": 0.2780092504,
        "operatingIncome": 565400000,
        "operatingIncomeRatio": 0.2161232369,
        "totalOtherIncomeExpensesNet": -24700000,
        "incomeBeforeTax": 540700000,
        "incomeBeforeTaxRatio": 0.2066817018,
        "incomeTaxExpense": 118600000,
        "netIncome": 422100000,
        "netIncomeRatio": 0.1613470433,
        "eps": 2.83,
        "epsdiluted": 2.76,
        "weightedAverageShsOut": 149200000,
        "weightedAverageShsOutDil": 152800000,
        "link": "https://www.sec.gov/Archives/edgar/data/74303/000007430322000115/0000074303-22-000115-index.htm",
        "finalLink": "https://www.sec.gov/Archives/edgar/data/74303/000007430322000115/oln-20220630.htm"
    },
    {
        "date": "2022-03-31",
        "symbol": "OLN",
        "reportedCurrency": "USD",
        "cik": "0000074303",
        "fillingDate": "2022-04-29",
        "acceptedDate": "2022-04-29 12:34:18",
        "calendarYear": "2022",
        "period": "Q1",
        "revenue": 2461400000,
        "costOfRevenue": 1807500000,
        "grossProfit": 653900000,
        "grossProfitRatio": 0.2656618185,
        "researchAndDevelopmentExpenses": 0,
        "generalAndAdministrativeExpenses": 0,
        "sellingAndMarketingExpenses": 0,
        "sellingGeneralAndAdministrativeExpenses": 94700000,
        "otherExpenses": 12700000,
        "operatingExpenses": 107400000,
        "costAndExpenses": 1914900000,
        "interestIncome": 400000,
        "interestExpense": 32900000,
        "depreciationAndAmortization": 151700000,
        "ebitda": 710900000,
        "ebitdaratio": 0.2888193711,
        "operatingIncome": 546500000,
        "operatingIncomeRatio": 0.2220281141,
        "totalOtherIncomeExpensesNet": -22900000,
        "incomeBeforeTax": 523600000,
        "incomeBeforeTaxRatio": 0.2127244658,
        "incomeTaxExpense": 130600000,
        "netIncome": 393000000,
        "netIncomeRatio": 0.1596652312,
        "eps": 2.54,
        "epsdiluted": 2.48,
        "weightedAverageShsOut": 154700000,
        "weightedAverageShsOutDil": 158600000,
        "link": "https://www.sec.gov/Archives/edgar/data/74303/000007430322000065/0000074303-22-000065-index.htm",
        "finalLink": "https://www.sec.gov/Archives/edgar/data/74303/000007430322000065/oln-20220331.htm"
    },
    {
        "date": "2021-12-31",
        "symbol": "OLN",
        "reportedCurrency": "USD",
        "cik": "0000074303",
        "fillingDate": "2022-02-24",
        "acceptedDate": "2022-02-24 14:41:20",
        "calendarYear": "2021",
        "period": "Q4",
        "revenue": 2430400000,
        "costOfRevenue": 1800600000,
        "grossProfit": 629800000,
        "grossProfitRatio": 0.2591342989,
        "researchAndDevelopmentExpenses": 20400000,
        "generalAndAdministrativeExpenses": 0,
        "sellingAndMarketingExpenses": 0,
        "sellingGeneralAndAdministrativeExpenses": 93200000,
        "otherExpenses": -9400000,
        "operatingExpenses": 104200000,
        "costAndExpenses": 1904800000,
        "interestIncome": 0,
        "interestExpense": 143600000,
        "depreciationAndAmortization": 150100000,
        "ebitda": 686700000,
        "ebitdaratio": 0.2825460829,
        "operatingIncome": 525600000,
        "operatingIncomeRatio": 0.2162606978,
        "totalOtherIncomeExpensesNet": -134600000,
        "incomeBeforeTax": 391000000,
        "incomeBeforeTaxRatio": 0.1608788677,
        "incomeTaxExpense": 84400000,
        "netIncome": 306600000,
        "netIncomeRatio": 0.1261520737,
        "eps": 1.94,
        "epsdiluted": 1.89,
        "weightedAverageShsOut": 158400000,
        "weightedAverageShsOutDil": 162500000,
        "link": "https://www.sec.gov/Archives/edgar/data/74303/000007430322000015/0000074303-22-000015-index.htm",
        "finalLink": "https://www.sec.gov/Archives/edgar/data/74303/000007430322000015/oln-20211231.htm"
    },
    {
        "date": "2021-09-30",
        "symbol": "OLN",
        "reportedCurrency": "USD",
        "cik": "0000074303",
        "fillingDate": "2021-10-22",
        "acceptedDate": "2021-10-22 11:22:12",
        "calendarYear": "2021",
        "period": "Q3",
        "revenue": 2340100000,
        "costOfRevenue": 1679800000,
        "grossProfit": 660300000,
        "grossProfitRatio": 0.2821674287,
        "researchAndDevelopmentExpenses": 0,
        "generalAndAdministrativeExpenses": 0,
        "sellingAndMarketingExpenses": 0,
        "sellingGeneralAndAdministrativeExpenses": 98000000,
        "otherExpenses": 13300000,
        "operatingExpenses": 111300000,
        "costAndExpenses": 1791100000,
        "interestIncome": 100000,
        "interestExpense": 54000000,
        "depreciationAndAmortization": 145200000,
        "ebitda": 707000000,
        "ebitdaratio": 0.3021238409,
        "operatingIncome": 549000000,
        "operatingIncomeRatio": 0.2346053587,
        "totalOtherIncomeExpensesNet": -44700000,
        "incomeBeforeTax": 504300000,
        "incomeBeforeTaxRatio": 0.215503611,
        "incomeTaxExpense": 113600000,
        "netIncome": 390700000,
        "netIncomeRatio": 0.166958677,
        "eps": 2.44,
        "epsdiluted": 2.38,
        "weightedAverageShsOut": 160100000,
        "weightedAverageShsOutDil": 163900000,
        "link": "https://www.sec.gov/Archives/edgar/data/74303/000007430321000167/0000074303-21-000167-index.htm",
        "finalLink": "https://www.sec.gov/Archives/edgar/data/74303/000007430321000167/oln-20210930.htm"
    },
    {
        "date": "2021-06-30",
        "symbol": "OLN",
        "reportedCurrency": "USD",
        "cik": "0000074303",
        "fillingDate": "2021-07-28",
        "acceptedDate": "2021-07-28 12:07:10",
        "calendarYear": "2021",
        "period": "Q2",
        "revenue": 2221300000,
        "costOfRevenue": 1712200000,
        "grossProfit": 509100000,
        "grossProfitRatio": 0.2291901139,
        "researchAndDevelopmentExpenses": 0,
        "generalAndAdministrativeExpenses": 0,
        "sellingAndMarketingExpenses": 0,
        "sellingGeneralAndAdministrativeExpenses": 92400000,
        "otherExpenses": 21700000,
        "operatingExpenses": 114100000,
        "costAndExpenses": 1826300000,
        "interestIncome": 0,
        "interestExpense": 65900000,
        "depreciationAndAmortization": 142000000,
        "ebitda": 559200000,
        "ebitdaratio": 0.251744474,
        "operatingIncome": 395000000,
        "operatingIncomeRatio": 0.1778237969,
        "totalOtherIncomeExpensesNet": -57700000,
        "incomeBeforeTax": 337300000,
        "incomeBeforeTaxRatio": 0.1518480169,
        "incomeTaxExpense": -18500000,
        "netIncome": 355800000,
        "netIncomeRatio": 0.1601764732,
        "eps": 2.23,
        "epsdiluted": 2.17,
        "weightedAverageShsOut": 159900000,
        "weightedAverageShsOutDil": 163800000,
        "link": "https://www.sec.gov/Archives/edgar/data/74303/000007430321000141/0000074303-21-000141-index.htm",
        "finalLink": "https://www.sec.gov/Archives/edgar/data/74303/000007430321000141/oln-20210630.htm"
    },
    {
        "date": "2021-03-31",
        "symbol": "OLN",
        "reportedCurrency": "USD",
        "cik": "0000074303",
        "fillingDate": "2021-04-28",
        "acceptedDate": "2021-04-28 12:32:09",
        "calendarYear": "2021",
        "period": "Q1",
        "revenue": 1918800000,
        "costOfRevenue": 1426000000,
        "grossProfit": 492800000,
        "grossProfitRatio": 0.2568271837,
        "researchAndDevelopmentExpenses": 0,
        "generalAndAdministrativeExpenses": 0,
        "sellingAndMarketingExpenses": 0,
        "sellingGeneralAndAdministrativeExpenses": 97600000,
        "otherExpenses": 14000000,
        "operatingExpenses": 111600000,
        "costAndExpenses": 1537600000,
        "interestIncome": 100000,
        "interestExpense": 84500000,
        "depreciationAndAmortization": 145200000,
        "ebitda": 540400000,
        "ebitdaratio": 0.2816343548,
        "operatingIncome": 381200000,
        "operatingIncomeRatio": 0.1986658328,
        "totalOtherIncomeExpensesNet": -75100000,
        "incomeBeforeTax": 306100000,
        "incomeBeforeTaxRatio": 0.1595267876,
        "incomeTaxExpense": 62500000,
        "netIncome": 243600000,
        "netIncomeRatio": 0.1269543465,
        "eps": 1.54,
        "epsdiluted": 1.51,
        "weightedAverageShsOut": 158600000,
        "weightedAverageShsOutDil": 160800000,
        "link": "https://www.sec.gov/Archives/edgar/data/74303/000007430321000072/0000074303-21-000072-index.htm",
        "finalLink": "https://www.sec.gov/Archives/edgar/data/74303/000007430321000072/oln-20210331.htm"
    },
    {
        "date": "2020-12-31",
        "symbol": "OLN",
        "reportedCurrency": "USD",
        "cik": "0000074303",
        "fillingDate": "2021-02-22",
        "acceptedDate": "2021-02-22 13:54:55",
        "calendarYear": "2020",
        "period": "Q4",
        "revenue": 1654100000,
        "costOfRevenue": 1457300000,
        "grossProfit": 196800000,
        "grossProfitRatio": 0.1189770872,
        "researchAndDevelopmentExpenses": 16600000,
        "generalAndAdministrativeExpenses": 0,
        "sellingAndMarketingExpenses": 0,
        "sellingGeneralAndAdministrativeExpenses": 120700000,
        "otherExpenses": -20900000,
        "operatingExpenses": 116400000,
        "costAndExpenses": 1573700000,
        "interestIncome": 100000,
        "interestExpense": 85600000,
        "depreciationAndAmortization": 143300000,
        "ebitda": 219400000,
        "ebitdaratio": 0.1326401064,
        "operatingIncome": 80400000,
        "operatingIncomeRatio": 0.048606493,
        "totalOtherIncomeExpensesNet": -81000000,
        "incomeBeforeTax": -600000,
        "incomeBeforeTaxRatio": -0.000362735,
        "incomeTaxExpense": 32400000,
        "netIncome": -33000000,
        "netIncomeRatio": -0.0199504262,
        "eps": -0.21,
        "epsdiluted": -0.21,
        "weightedAverageShsOut": 157900000,
        "weightedAverageShsOutDil": 157900000,
        "link": "https://www.sec.gov/Archives/edgar/data/74303/000007430321000019/0000074303-21-000019-index.htm",
        "finalLink": "https://www.sec.gov/Archives/edgar/data/74303/000007430321000019/oln-20201231.htm"
    },
    {
        "date": "2020-09-30",
        "symbol": "OLN",
        "reportedCurrency": "USD",
        "cik": "0000074303",
        "fillingDate": "2020-11-05",
        "acceptedDate": "2020-11-05 16:14:37",
        "calendarYear": "2020",
        "period": "Q3",
        "revenue": 1437600000,
        "costOfRevenue": 1307400000,
        "grossProfit": 130199999,
        "grossProfitRatio": 0.090567612,
        "researchAndDevelopmentExpenses": 0,
        "generalAndAdministrativeExpenses": 0,
        "sellingAndMarketingExpenses": 0,
        "sellingGeneralAndAdministrativeExpenses": 102100000,
        "otherExpenses": 711900000,
        "operatingExpenses": 814000000,
        "costAndExpenses": 2121400000,
        "interestIncome": 100000,
        "interestExpense": 74600000,
        "depreciationAndAmortization": 142100000,
        "ebitda": 170000000,
        "ebitdaratio": 0.1182526433,
        "operatingIncome": -683800000,
        "operatingIncomeRatio": -0.4756538676,
        "totalOtherIncomeExpensesNet": -69600000,
        "incomeBeforeTax": -753400000,
        "incomeBeforeTaxRatio": -0.5240678909,
        "incomeTaxExpense": -16600000,
        "netIncome": -736800000,
        "netIncomeRatio": -0.5125208681,
        "eps": -4.67,
        "epsdiluted": -4.67,
        "weightedAverageShsOut": 157773000,
        "weightedAverageShsOutDil": 157900000,
        "link": "https://www.sec.gov/Archives/edgar/data/74303/000007430320000200/0000074303-20-000200-index.htm",
        "finalLink": "https://www.sec.gov/Archives/edgar/data/74303/000007430320000200/oln-2020930x10q.htm"
    },
    {
        "date": "2020-06-30",
        "symbol": "OLN",
        "reportedCurrency": "USD",
        "cik": "0000074303",
        "fillingDate": "2020-08-07",
        "acceptedDate": "2020-08-06 18:17:19",
        "calendarYear": "2020",
        "period": "Q2",
        "revenue": 1241200000,
        "costOfRevenue": 1235700000,
        "grossProfit": 5500000,
        "grossProfitRatio": 0.0044311956,
        "researchAndDevelopmentExpenses": 0,
        "generalAndAdministrativeExpenses": 0,
        "sellingAndMarketingExpenses": 0,
        "sellingGeneralAndAdministrativeExpenses": 94800000,
        "otherExpenses": 6500000,
        "operatingExpenses": 101300000,
        "costAndExpenses": 1337000000,
        "interestIncome": 200000,
        "interestExpense": 69400000,
        "depreciationAndAmortization": 136500000,
        "ebitda": 47300000,
        "ebitdaratio": 0.0381082823,
        "operatingIncome": -95800000,
        "operatingIncomeRatio": -0.0771833709,
        "totalOtherIncomeExpensesNet": -64300000,
        "incomeBeforeTax": -160100000,
        "incomeBeforeTaxRatio": -0.1289880761,
        "incomeTaxExpense": -40000000,
        "netIncome": -120100000,
        "netIncomeRatio": -0.0967611988,
        "eps": -0.76,
        "epsdiluted": -0.76,
        "weightedAverageShsOut": 157900000,
        "weightedAverageShsOutDil": 157900000,
        "link": "https://www.sec.gov/Archives/edgar/data/74303/000007430320000166/0000074303-20-000166-index.htm",
        "finalLink": "https://www.sec.gov/Archives/edgar/data/74303/000007430320000166/oln-2020630x10q.htm"
    },
    {
        "date": "2020-03-31",
        "symbol": "OLN",
        "reportedCurrency": "USD",
        "cik": "0000074303",
        "fillingDate": "2020-05-01",
        "acceptedDate": "2020-04-30 18:32:59",
        "calendarYear": "2020",
        "period": "Q1",
        "revenue": 1425100000,
        "costOfRevenue": 1374200000,
        "grossProfit": 50900000,
        "grossProfitRatio": 0.0357167918,
        "researchAndDevelopmentExpenses": 0,
        "generalAndAdministrativeExpenses": 0,
        "sellingAndMarketingExpenses": 0,
        "sellingGeneralAndAdministrativeExpenses": 92100000,
        "otherExpenses": 6300000,
        "operatingExpenses": 98400000,
        "costAndExpenses": 1472600000,
        "interestIncome": 100000,
        "interestExpense": 63100000,
        "depreciationAndAmortization": 146500000,
        "ebitda": 105300000,
        "ebitdaratio": 0.0738895516,
        "operatingIncome": -47500000,
        "operatingIncomeRatio": -0.0333309943,
        "totalOtherIncomeExpensesNet": -58400000,
        "incomeBeforeTax": -105900000,
        "incomeBeforeTaxRatio": -0.0743105747,
        "incomeTaxExpense": -25900000,
        "netIncome": -80000000,
        "netIncomeRatio": -0.0561364115,
        "eps": -0.51,
        "epsdiluted": -0.51,
        "weightedAverageShsOut": 156863000,
        "weightedAverageShsOutDil": 157800000,
        "link": "https://www.sec.gov/Archives/edgar/data/74303/000007430320000142/0000074303-20-000142-index.htm",
        "finalLink": "https://www.sec.gov/Archives/edgar/data/74303/000007430320000142/oln-2020331x10q.htm"
    },
    {
        "date": "2019-12-31",
        "symbol": "OLN",
        "reportedCurrency": "USD",
        "cik": "0000074303",
        "fillingDate": "2020-02-25",
        "acceptedDate": "2020-02-24 18:07:13",
        "calendarYear": "2019",
        "period": "Q4",
        "revenue": 1387100000,
        "costOfRevenue": 1270600000,
        "grossProfit": 116500000,
        "grossProfitRatio": 0.0839881768,
        "researchAndDevelopmentExpenses": 16500000,
        "generalAndAdministrativeExpenses": 0,
        "sellingAndMarketingExpenses": 0,
        "sellingGeneralAndAdministrativeExpenses": 98000000,
        "otherExpenses": 51300000,
        "operatingExpenses": 165800000,
        "costAndExpenses": 1436400000,
        "interestIncome": 300000,
        "interestExpense": 64000000,
        "depreciationAndAmortization": 137100000,
        "ebitda": 155700000,
        "ebitdaratio": 0.1122485762,
        "operatingIncome": -49300000,
        "operatingIncomeRatio": -0.0355417778,
        "totalOtherIncomeExpensesNet": -59600000,
        "incomeBeforeTax": -108900000,
        "incomeBeforeTaxRatio": -0.0785091197,
        "incomeTaxExpense": -31700000,
        "netIncome": -77200000,
        "netIncomeRatio": -0.0556556845,
        "eps": -0.49,
        "epsdiluted": -0.49,
        "weightedAverageShsOut": 158100000,
        "weightedAverageShsOutDil": 158200000,
        "link": "https://www.sec.gov/Archives/edgar/data/74303/000007430320000072/0000074303-20-000072-index.htm",
        "finalLink": "https://www.sec.gov/Archives/edgar/data/74303/000007430320000072/oln-2019x1231x10xk.htm"
    },
    {
        "date": "2019-09-30",
        "symbol": "OLN",
        "reportedCurrency": "USD",
        "cik": "0000074303",
        "fillingDate": "2019-11-01",
        "acceptedDate": "2019-11-01 15:33:56",
        "calendarYear": "2019",
        "period": "Q3",
        "revenue": 1576600000,
        "costOfRevenue": 1357600000,
        "grossProfit": 219000000,
        "grossProfitRatio": 0.1389065077,
        "researchAndDevelopmentExpenses": 0,
        "generalAndAdministrativeExpenses": 0,
        "sellingAndMarketingExpenses": 0,
        "sellingGeneralAndAdministrativeExpenses": 106700000,
        "otherExpenses": 8900000,
        "operatingExpenses": 115600000,
        "costAndExpenses": 1473200000,
        "interestIncome": 200000,
        "interestExpense": 63900000,
        "depreciationAndAmortization": 155999999,
        "ebitda": 268399999,
        "ebitdaratio": 0.1702397558,
        "operatingIncome": 103400000,
        "operatingIncomeRatio": 0.0655841685,
        "totalOtherIncomeExpensesNet": -59600000,
        "incomeBeforeTax": 43800000,
        "incomeBeforeTaxRatio": 0.0277813015,
        "incomeTaxExpense": -400000,
        "netIncome": 44200000,
        "netIncomeRatio": 0.0280350121,
        "eps": 0.27,
        "epsdiluted": 0.27,
        "weightedAverageShsOut": 161900000,
        "weightedAverageShsOutDil": 162800000,
        "link": "https://www.sec.gov/Archives/edgar/data/74303/000007430319000069/0000074303-19-000069-index.htm",
        "finalLink": "https://www.sec.gov/Archives/edgar/data/74303/000007430319000069/oln-2019930x10q.htm"
    },
    {
        "date": "2019-06-30",
        "symbol": "OLN",
        "reportedCurrency": "USD",
        "cik": "0000074303",
        "fillingDate": "2019-08-01",
        "acceptedDate": "2019-08-01 16:56:47",
        "calendarYear": "2019",
        "period": "Q2",
        "revenue": 1592900000,
        "costOfRevenue": 1468500000,
        "grossProfit": 124400000,
        "grossProfitRatio": 0.0780965535,
        "researchAndDevelopmentExpenses": 0,
        "generalAndAdministrativeExpenses": 0,
        "sellingAndMarketingExpenses": 0,
        "sellingGeneralAndAdministrativeExpenses": 92800000,
        "otherExpenses": 3100000,
        "operatingExpenses": 95900000,
        "costAndExpenses": 1564400000,
        "interestIncome": 300000,
        "interestExpense": 57900000,
        "depreciationAndAmortization": 151400000,
        "ebitda": 183100000,
        "ebitdaratio": 0.1149475799,
        "operatingIncome": 28500000,
        "operatingIncomeRatio": 0.0178918953,
        "totalOtherIncomeExpensesNet": -53400000,
        "incomeBeforeTax": -24900000,
        "incomeBeforeTaxRatio": -0.0156318664,
        "incomeTaxExpense": -4900000,
        "netIncome": -20000000,
        "netIncomeRatio": -0.012555716,
        "eps": -0.12,
        "epsdiluted": -0.12,
        "weightedAverageShsOut": 164600000,
        "weightedAverageShsOutDil": 164600000,
        "link": "https://www.sec.gov/Archives/edgar/data/74303/000007430319000051/0000074303-19-000051-index.htm",
        "finalLink": "https://www.sec.gov/Archives/edgar/data/74303/000007430319000051/oln-2019630x10q.htm"
    },
    {
        "date": "2019-03-31",
        "symbol": "OLN",
        "reportedCurrency": "USD",
        "cik": "0000074303",
        "fillingDate": "2019-05-02",
        "acceptedDate": "2019-05-01 17:42:45",
        "calendarYear": "2019",
        "period": "Q1",
        "revenue": 1553400000,
        "costOfRevenue": 1347300000,
        "grossProfit": 206100000,
        "grossProfitRatio": 0.1326767092,
        "researchAndDevelopmentExpenses": 0,
        "generalAndAdministrativeExpenses": 0,
        "sellingAndMarketingExpenses": 0,
        "sellingGeneralAndAdministrativeExpenses": 103100000,
        "otherExpenses": 7800000,
        "operatingExpenses": 110900000,
        "costAndExpenses": 1458200000,
        "interestIncome": 200000,
        "interestExpense": 57400000,
        "depreciationAndAmortization": 152900000,
        "ebitda": 256000000,
        "ebitdaratio": 0.164799794,
        "operatingIncome": 95200000,
        "operatingIncomeRatio": 0.0612849234,
        "totalOtherIncomeExpensesNet": -42100000,
        "incomeBeforeTax": 53100000,
        "incomeBeforeTaxRatio": 0.0341830823,
        "incomeTaxExpense": 11400000,
        "netIncome": 41700000,
        "netIncomeRatio": 0.0268443414,
        "eps": 0.25,
        "epsdiluted": 0.25,
        "weightedAverageShsOut": 165000000,
        "weightedAverageShsOutDil": 166100000,
        "link": "https://www.sec.gov/Archives/edgar/data/74303/000007430319000032/0000074303-19-000032-index.htm",
        "finalLink": "https://www.sec.gov/Archives/edgar/data/74303/000007430319000032/oln-2019331x10q.htm"
    },
    {
        "date": "2018-12-31",
        "symbol": "OLN",
        "reportedCurrency": "USD",
        "cik": "0000074303",
        "fillingDate": "2019-02-25",
        "acceptedDate": "2019-02-25 16:26:55",
        "calendarYear": "2018",
        "period": "Q4",
        "revenue": 1635000000,
        "costOfRevenue": 1392000000,
        "grossProfit": 243000000,
        "grossProfitRatio": 0.1486238532,
        "researchAndDevelopmentExpenses": 14900000,
        "generalAndAdministrativeExpenses": 0,
        "sellingAndMarketingExpenses": 0,
        "sellingGeneralAndAdministrativeExpenses": 103500000,
        "otherExpenses": -2200000,
        "operatingExpenses": 116200000,
        "costAndExpenses": 1508200000,
        "interestIncome": 500000,
        "interestExpense": 59200000,
        "depreciationAndAmortization": 150400000,
        "ebitda": 290200000,
        "ebitdaratio": 0.1774923547,
        "operatingIncome": 126800000,
        "operatingIncomeRatio": 0.0775535168,
        "totalOtherIncomeExpensesNet": -52700000,
        "incomeBeforeTax": 74100000,
        "incomeBeforeTaxRatio": 0.0453211009,
        "incomeTaxExpense": 20800000,
        "netIncome": 53300000,
        "netIncomeRatio": 0.0325993884,
        "eps": 0.32,
        "epsdiluted": 0.32,
        "weightedAverageShsOut": 166100000,
        "weightedAverageShsOutDil": 167300000,
        "link": "https://www.sec.gov/Archives/edgar/data/74303/000007430319000018/0000074303-19-000018-index.htm",
        "finalLink": "https://www.sec.gov/Archives/edgar/data/74303/000007430319000018/oln-2018x1231x10xk.htm"
    },
    {
        "date": "2018-09-30",
        "symbol": "OLN",
        "reportedCurrency": "USD",
        "cik": "0000074303",
        "fillingDate": "2018-10-30",
        "acceptedDate": "2018-10-30 15:57:30",
        "calendarYear": "2018",
        "period": "Q3",
        "revenue": 1872400000,
        "costOfRevenue": 1551700000,
        "grossProfit": 320700000,
        "grossProfitRatio": 0.1712775048,
        "researchAndDevelopmentExpenses": 0,
        "generalAndAdministrativeExpenses": 0,
        "sellingAndMarketingExpenses": 0,
        "sellingGeneralAndAdministrativeExpenses": 105400000,
        "otherExpenses": -99200000,
        "operatingExpenses": 6200000,
        "costAndExpenses": 1557900000,
        "interestIncome": 300000,
        "interestExpense": 59200000,
        "depreciationAndAmortization": 153600000,
        "ebitda": 368900000,
        "ebitdaratio": 0.1970198675,
        "operatingIncome": 314500000,
        "operatingIncomeRatio": 0.1679662465,
        "totalOtherIncomeExpensesNet": -53100000,
        "incomeBeforeTax": 261399999,
        "incomeBeforeTaxRatio": 0.1396069211,
        "incomeTaxExpense": 66300000,
        "netIncome": 195100000,
        "netIncomeRatio": 0.104197821,
        "eps": 1.17,
        "epsdiluted": 1.16,
        "weightedAverageShsOut": 167000000,
        "weightedAverageShsOutDil": 168600000,
        "link": "https://www.sec.gov/Archives/edgar/data/74303/000007430318000059/0000074303-18-000059-index.htm",
        "finalLink": "https://www.sec.gov/Archives/edgar/data/74303/000007430318000059/oln-2018930x10q.htm"
    },
    {
        "date": "2018-06-30",
        "symbol": "OLN",
        "reportedCurrency": "USD",
        "cik": "0000074303",
        "fillingDate": "2018-08-01",
        "acceptedDate": "2018-08-01 15:37:18",
        "calendarYear": "2018",
        "period": "Q2",
        "revenue": 1728400000,
        "costOfRevenue": 1460700000,
        "grossProfit": 267700000,
        "grossProfitRatio": 0.1548831289,
        "researchAndDevelopmentExpenses": 0,
        "generalAndAdministrativeExpenses": 0,
        "sellingAndMarketingExpenses": 0,
        "sellingGeneralAndAdministrativeExpenses": 104900000,
        "otherExpenses": 12100000,
        "operatingExpenses": 117000000,
        "costAndExpenses": 1577700000,
        "interestIncome": 400000,
        "interestExpense": 61100000,
        "depreciationAndAmortization": 150700000,
        "ebitda": 313500000,
        "ebitdaratio": 0.1813816246,
        "operatingIncome": 150700000,
        "operatingIncomeRatio": 0.0871904652,
        "totalOtherIncomeExpensesNet": -76400000,
        "incomeBeforeTax": 74300000,
        "incomeBeforeTaxRatio": 0.0429877343,
        "incomeTaxExpense": 15700000,
        "netIncome": 58600000,
        "netIncomeRatio": 0.0339041888,
        "eps": 0.35,
        "epsdiluted": 0.35,
        "weightedAverageShsOut": 167100000,
        "weightedAverageShsOutDil": 168800000,
        "link": "https://www.sec.gov/Archives/edgar/data/74303/000007430318000042/0000074303-18-000042-index.htm",
        "finalLink": "https://www.sec.gov/Archives/edgar/data/74303/000007430318000042/oln-2018630x10q.htm"
    },
    {
        "date": "2018-03-31",
        "symbol": "OLN",
        "reportedCurrency": "USD",
        "cik": "0000074303",
        "fillingDate": "2018-05-02",
        "acceptedDate": "2018-05-02 15:04:12",
        "calendarYear": "2018",
        "period": "Q1",
        "revenue": 1710300000,
        "costOfRevenue": 1528700000,
        "grossProfit": 181600000,
        "grossProfitRatio": 0.1061802023,
        "researchAndDevelopmentExpenses": 0,
        "generalAndAdministrativeExpenses": 0,
        "sellingAndMarketingExpenses": 0,
        "sellingGeneralAndAdministrativeExpenses": 95100000,
        "otherExpenses": 1600000,
        "operatingExpenses": 96700000,
        "costAndExpenses": 1625400000,
        "interestIncome": 400000,
        "interestExpense": 63700000,
        "depreciationAndAmortization": 146700000,
        "ebitda": 233300000,
        "ebitdaratio": 0.1364088172,
        "operatingIncome": 84900000,
        "operatingIncomeRatio": 0.049640414,
        "totalOtherIncomeExpensesNet": -57400000,
        "incomeBeforeTax": 27500000,
        "incomeBeforeTaxRatio": 0.0160790505,
        "incomeTaxExpense": 6600000,
        "netIncome": 20900000,
        "netIncomeRatio": 0.0122200783,
        "eps": 0.13,
        "epsdiluted": 0.12,
        "weightedAverageShsOut": 167200000,
        "weightedAverageShsOutDil": 169200000,
        "link": "https://www.sec.gov/Archives/edgar/data/74303/000007430318000021/0000074303-18-000021-index.htm",
        "finalLink": "https://www.sec.gov/Archives/edgar/data/74303/000007430318000021/oln-2018331x10q.htm"
    },
    {
        "date": "2017-12-31",
        "symbol": "OLN",
        "reportedCurrency": "USD",
        "cik": "0000074303",
        "fillingDate": "2018-02-26",
        "acceptedDate": "2018-02-26 17:19:30",
        "calendarYear": "2017",
        "period": "Q4",
        "revenue": 1619900000,
        "costOfRevenue": 1347300000,
        "grossProfit": 272600000,
        "grossProfitRatio": 0.1682819927,
        "researchAndDevelopmentExpenses": 14500000,
        "generalAndAdministrativeExpenses": 0,
        "sellingAndMarketingExpenses": 0,
        "sellingGeneralAndAdministrativeExpenses": 92100000,
        "otherExpenses": 55900000,
        "operatingExpenses": 162500000,
        "costAndExpenses": 1509800000,
        "interestIncome": 800000,
        "interestExpense": 59400000,
        "depreciationAndAmortization": 147500000,
        "ebitda": 328300000,
        "ebitdaratio": 0.2026668313,
        "operatingIncome": 110100000,
        "operatingIncomeRatio": 0.0679671585,
        "totalOtherIncomeExpensesNet": -49400000,
        "incomeBeforeTax": 60700000,
        "incomeBeforeTaxRatio": 0.0374714489,
        "incomeTaxExpense": -428600000,
        "netIncome": 489300000,
        "netIncomeRatio": 0.3020556824,
        "eps": 2.93,
        "epsdiluted": 2.89,
        "weightedAverageShsOut": 167100000,
        "weightedAverageShsOutDil": 169500000,
        "link": "https://www.sec.gov/Archives/edgar/data/74303/000007430318000007/0000074303-18-000007-index.htm",
        "finalLink": "https://www.sec.gov/Archives/edgar/data/74303/000007430318000007/oln-2017x1231x10xk.htm"
    },
    {
        "date": "2017-09-30",
        "symbol": "OLN",
        "reportedCurrency": "USD",
        "cik": "0000074303",
        "fillingDate": "2017-10-31",
        "acceptedDate": "2017-10-31 16:22:36",
        "calendarYear": "2017",
        "period": "Q3",
        "revenue": 1554900000,
        "costOfRevenue": 1349300000,
        "grossProfit": 205600000,
        "grossProfitRatio": 0.1322271529,
        "researchAndDevelopmentExpenses": 0,
        "generalAndAdministrativeExpenses": 0,
        "sellingAndMarketingExpenses": 0,
        "sellingGeneralAndAdministrativeExpenses": 82700000,
        "otherExpenses": 18700000,
        "operatingExpenses": 101400000,
        "costAndExpenses": 1450700000,
        "interestIncome": 400000,
        "interestExpense": 53100000,
        "depreciationAndAmortization": 139200000,
        "ebitda": 262100000,
        "ebitdaratio": 0.1685638948,
        "operatingIncome": 104200000,
        "operatingIncomeRatio": 0.0670139559,
        "totalOtherIncomeExpensesNet": -43800000,
        "incomeBeforeTax": 60400000,
        "incomeBeforeTaxRatio": 0.0388449418,
        "incomeTaxExpense": 7700000,
        "netIncome": 52700000,
        "netIncomeRatio": 0.0338928548,
        "eps": 0.32,
        "epsdiluted": 0.31,
        "weightedAverageShsOut": 166300000,
        "weightedAverageShsOutDil": 168500000,
        "link": "https://www.sec.gov/Archives/edgar/data/74303/000007430317000073/0000074303-17-000073-index.htm",
        "finalLink": "https://www.sec.gov/Archives/edgar/data/74303/000007430317000073/oln-2017930x10q.htm"
    },
    {
        "date": "2017-06-30",
        "symbol": "OLN",
        "reportedCurrency": "USD",
        "cik": "0000074303",
        "fillingDate": "2017-08-01",
        "acceptedDate": "2017-08-01 15:48:26",
        "calendarYear": "2017",
        "period": "Q2",
        "revenue": 1526500000,
        "costOfRevenue": 1407900000,
        "grossProfit": 118600000,
        "grossProfitRatio": 0.0776940714,
        "researchAndDevelopmentExpenses": 0,
        "generalAndAdministrativeExpenses": 0,
        "sellingAndMarketingExpenses": 0,
        "sellingGeneralAndAdministrativeExpenses": 76200000,
        "otherExpenses": 21200000,
        "operatingExpenses": 97400000,
        "costAndExpenses": 1505300000,
        "interestIncome": 400000,
        "interestExpense": 52500000,
        "depreciationAndAmortization": 137100000,
        "ebitda": 179800000,
        "ebitdaratio": 0.1177857845,
        "operatingIncome": 21200000,
        "operatingIncomeRatio": 0.013887979,
        "totalOtherIncomeExpensesNet": -43000000,
        "incomeBeforeTax": -21800000,
        "incomeBeforeTaxRatio": -0.014281035,
        "incomeTaxExpense": -15900000,
        "netIncome": -5900000,
        "netIncomeRatio": -0.0038650508,
        "eps": -0.0355,
        "epsdiluted": -0.0355,
        "weightedAverageShsOut": 166100000,
        "weightedAverageShsOutDil": 166100000,
        "link": "https://www.sec.gov/Archives/edgar/data/74303/000007430317000063/0000074303-17-000063-index.htm",
        "finalLink": "https://www.sec.gov/Archives/edgar/data/74303/000007430317000063/oln-2017630x10q.htm"
    },
    {
        "date": "2017-03-31",
        "symbol": "OLN",
        "reportedCurrency": "USD",
        "cik": "0000074303",
        "fillingDate": "2017-05-03",
        "acceptedDate": "2017-05-03 16:09:02",
        "calendarYear": "2017",
        "period": "Q1",
        "revenue": 1567100000,
        "costOfRevenue": 1397500000,
        "grossProfit": 169600000,
        "grossProfitRatio": 0.1082253845,
        "researchAndDevelopmentExpenses": 0,
        "generalAndAdministrativeExpenses": 0,
        "sellingAndMarketingExpenses": 0,
        "sellingGeneralAndAdministrativeExpenses": 84400000,
        "otherExpenses": 24100000,
        "operatingExpenses": 108500000,
        "costAndExpenses": 1506000000,
        "interestIncome": 200000,
        "interestExpense": 52400000,
        "depreciationAndAmortization": 135100000,
        "ebitda": 219900000,
        "ebitdaratio": 0.1403228894,
        "operatingIncome": 61100000,
        "operatingIncomeRatio": 0.0389892157,
        "totalOtherIncomeExpensesNet": -43200000,
        "incomeBeforeTax": 17900000,
        "incomeBeforeTaxRatio": 0.0114223725,
        "incomeTaxExpense": 4500000,
        "netIncome": 13400000,
        "netIncomeRatio": 0.0085508264,
        "eps": 0.08,
        "epsdiluted": 0.08,
        "weightedAverageShsOut": 165600000,
        "weightedAverageShsOutDil": 167900000,
        "link": "https://www.sec.gov/Archives/edgar/data/74303/000007430317000047/0000074303-17-000047-index.htm",
        "finalLink": "https://www.sec.gov/Archives/edgar/data/74303/000007430317000047/oln-2017331x10q.htm"
    },
    {
        "date": "2016-12-31",
        "symbol": "OLN",
        "reportedCurrency": "USD",
        "cik": "0000074303",
        "fillingDate": "2017-02-28",
        "acceptedDate": "2017-02-27 18:05:06",
        "calendarYear": "2016",
        "period": "Q4",
        "revenue": 1385700000,
        "costOfRevenue": 1227000000,
        "grossProfit": 158700000,
        "grossProfitRatio": 0.1145269539,
        "researchAndDevelopmentExpenses": 10900000,
        "generalAndAdministrativeExpenses": 0,
        "sellingAndMarketingExpenses": 0,
        "sellingGeneralAndAdministrativeExpenses": 73800000,
        "otherExpenses": 4900000,
        "operatingExpenses": 89600000,
        "costAndExpenses": 1316600000,
        "interestIncome": 2100000,
        "interestExpense": 48300000,
        "depreciationAndAmortization": 136100000,
        "ebitda": 221800000,
        "ebitdaratio": 0.1600635058,
        "operatingIncome": 69100000,
        "operatingIncomeRatio": 0.0498664935,
        "totalOtherIncomeExpensesNet": -45600000,
        "incomeBeforeTax": 23500000,
        "incomeBeforeTaxRatio": 0.0169589377,
        "incomeTaxExpense": 6000000,
        "netIncome": 17500000,
        "netIncomeRatio": 0.0126289962,
        "eps": 0.11,
        "epsdiluted": 0.1,
        "weightedAverageShsOut": 165300000,
        "weightedAverageShsOutDil": 166700000,
        "link": "https://www.sec.gov/Archives/edgar/data/74303/000007430317000026/0000074303-17-000026-index.htm",
        "finalLink": "https://www.sec.gov/Archives/edgar/data/74303/000007430317000026/oln-2016x1231x10xk.htm"
    },
    {
        "date": "2016-09-30",
        "symbol": "OLN",
        "reportedCurrency": "USD",
        "cik": "0000074303",
        "fillingDate": "2016-11-02",
        "acceptedDate": "2016-11-01 17:49:03",
        "calendarYear": "2016",
        "period": "Q3",
        "revenue": 1452700000,
        "costOfRevenue": 1284400000,
        "grossProfit": 168300000,
        "grossProfitRatio": 0.1158532388,
        "researchAndDevelopmentExpenses": 0,
        "generalAndAdministrativeExpenses": 0,
        "sellingAndMarketingExpenses": 0,
        "sellingGeneralAndAdministrativeExpenses": 82000000,
        "otherExpenses": 18500000,
        "operatingExpenses": 100500000,
        "costAndExpenses": 1384900000,
        "interestIncome": 500000,
        "interestExpense": 47500000,
        "depreciationAndAmortization": 135300000,
        "ebitda": 221400000,
        "ebitdaratio": 0.1524058649,
        "operatingIncome": 67800000,
        "operatingIncomeRatio": 0.0466717147,
        "totalOtherIncomeExpensesNet": -46500000,
        "incomeBeforeTax": 21300000,
        "incomeBeforeTaxRatio": 0.0146623529,
        "incomeTaxExpense": 3800000,
        "netIncome": 17500000,
        "netIncomeRatio": 0.012046534,
        "eps": 0.11,
        "epsdiluted": 0.11,
        "weightedAverageShsOut": 165200000,
        "weightedAverageShsOutDil": 166500000,
        "link": "https://www.sec.gov/Archives/edgar/data/74303/000007430316000166/0000074303-16-000166-index.htm",
        "finalLink": "https://www.sec.gov/Archives/edgar/data/74303/000007430316000166/oln-2016930x10q.htm"
    },
    {
        "date": "2016-06-30",
        "symbol": "OLN",
        "reportedCurrency": "USD",
        "cik": "0000074303",
        "fillingDate": "2016-08-02",
        "acceptedDate": "2016-08-02 17:18:40",
        "calendarYear": "2016",
        "period": "Q2",
        "revenue": 1364000000,
        "costOfRevenue": 1236900000,
        "grossProfit": 127100000,
        "grossProfitRatio": 0.0931818182,
        "researchAndDevelopmentExpenses": 0,
        "generalAndAdministrativeExpenses": 0,
        "sellingAndMarketingExpenses": 0,
        "sellingGeneralAndAdministrativeExpenses": 79300000,
        "otherExpenses": 24700000,
        "operatingExpenses": 104000000,
        "costAndExpenses": 1340900000,
        "interestIncome": 500000,
        "interestExpense": 47600000,
        "depreciationAndAmortization": 132400000,
        "ebitda": 180000000,
        "ebitdaratio": 0.1319648094,
        "operatingIncome": 23100000,
        "operatingIncomeRatio": 0.0169354839,
        "totalOtherIncomeExpensesNet": -46700000,
        "incomeBeforeTax": -23600000,
        "incomeBeforeTaxRatio": -0.0173020528,
        "incomeTaxExpense": -22600000,
        "netIncome": -1000000,
        "netIncomeRatio": -0.0007331378,
        "eps": -0.0061,
        "epsdiluted": -0.0061,
        "weightedAverageShsOut": 165200000,
        "weightedAverageShsOutDil": 165200000,
        "link": "https://www.sec.gov/Archives/edgar/data/74303/000007430316000144/0000074303-16-000144-index.htm",
        "finalLink": "https://www.sec.gov/Archives/edgar/data/74303/000007430316000144/oln-2016630x10q.htm"
    },
    {
        "date": "2016-03-31",
        "symbol": "OLN",
        "reportedCurrency": "USD",
        "cik": "0000074303",
        "fillingDate": "2016-05-03",
        "acceptedDate": "2016-05-03 17:23:00",
        "calendarYear": "2016",
        "period": "Q1",
        "revenue": 1348200000,
        "costOfRevenue": 1175400000,
        "grossProfit": 172800000,
        "grossProfitRatio": 0.1281708945,
        "researchAndDevelopmentExpenses": 0,
        "generalAndAdministrativeExpenses": 0,
        "sellingAndMarketingExpenses": 0,
        "sellingGeneralAndAdministrativeExpenses": 88100000,
        "otherExpenses": 92100000,
        "operatingExpenses": 180200000,
        "costAndExpenses": 1355600000,
        "interestIncome": 300000,
        "interestExpense": 48500000,
        "depreciationAndAmortization": 129700000,
        "ebitda": 214300000,
        "ebitdaratio": 0.1589526776,
        "operatingIncome": -7400000,
        "operatingIncomeRatio": -0.0054887999,
        "totalOtherIncomeExpensesNet": -48000000,
        "incomeBeforeTax": -55400000,
        "incomeBeforeTaxRatio": -0.0410918261,
        "incomeTaxExpense": -17500000,
        "netIncome": -37900000,
        "netIncomeRatio": -0.0281115561,
        "eps": -0.23,
        "epsdiluted": -0.23,
        "weightedAverageShsOut": 164783000,
        "weightedAverageShsOutDil": 165100000,
        "link": "https://www.sec.gov/Archives/edgar/data/74303/000007430316000115/0000074303-16-000115-index.htm",
        "finalLink": "https://www.sec.gov/Archives/edgar/data/74303/000007430316000115/oln-2016331x10q.htm"
    },
    {
        "date": "2015-12-31",
        "symbol": "OLN",
        "reportedCurrency": "USD",
        "cik": "0000074303",
        "fillingDate": "2016-03-01",
        "acceptedDate": "2016-02-29 18:07:22",
        "calendarYear": "2015",
        "period": "Q4",
        "revenue": 1267400000,
        "costOfRevenue": 1125600000,
        "grossProfit": 141800000,
        "grossProfitRatio": 0.1118825943,
        "researchAndDevelopmentExpenses": 4900000,
        "generalAndAdministrativeExpenses": 0,
        "sellingAndMarketingExpenses": 0,
        "sellingGeneralAndAdministrativeExpenses": 63600000,
        "otherExpenses": 102500000,
        "operatingExpenses": 171000000,
        "costAndExpenses": 1296600000,
        "interestIncome": 200000,
        "interestExpense": 57300000,
        "depreciationAndAmortization": 124000000,
        "ebitda": 202700000,
        "ebitdaratio": 0.1599337226,
        "operatingIncome": -29200000,
        "operatingIncomeRatio": -0.023039293,
        "totalOtherIncomeExpensesNet": -56700000,
        "incomeBeforeTax": -85900000,
        "incomeBeforeTaxRatio": -0.0677765504,
        "incomeTaxExpense": -23200000,
        "netIncome": -62700000,
        "netIncomeRatio": -0.0494713587,
        "eps": -0.37,
        "epsdiluted": -0.37,
        "weightedAverageShsOut": 161600000,
        "weightedAverageShsOutDil": 161600000,
        "link": "https://www.sec.gov/Archives/edgar/data/74303/000007430316000090/0000074303-16-000090-index.htm",
        "finalLink": "https://www.sec.gov/Archives/edgar/data/74303/000007430316000090/oln-2015x1231x10xk.htm"
    },
    {
        "date": "2015-09-30",
        "symbol": "OLN",
        "reportedCurrency": "USD",
        "cik": "0000074303",
        "fillingDate": "2015-11-04",
        "acceptedDate": "2015-11-03 17:47:12",
        "calendarYear": "2015",
        "period": "Q3",
        "revenue": 533600000,
        "costOfRevenue": 460000000,
        "grossProfit": 73600000,
        "grossProfitRatio": 0.1379310345,
        "researchAndDevelopmentExpenses": 0,
        "generalAndAdministrativeExpenses": 0,
        "sellingAndMarketingExpenses": 0,
        "sellingGeneralAndAdministrativeExpenses": 35800000,
        "otherExpenses": 14900000,
        "operatingExpenses": 50700000,
        "costAndExpenses": 510700000,
        "interestIncome": 300000,
        "interestExpense": 14400000,
        "depreciationAndAmortization": 35800000,
        "ebitda": 73500000,
        "ebitdaratio": 0.1377436282,
        "operatingIncome": 22900000,
        "operatingIncomeRatio": 0.042916042,
        "totalOtherIncomeExpensesNet": -13600000,
        "incomeBeforeTax": 9300000,
        "incomeBeforeTaxRatio": 0.0174287856,
        "incomeTaxExpense": 3400000,
        "netIncome": 5900000,
        "netIncomeRatio": 0.0110569715,
        "eps": 0.08,
        "epsdiluted": 0.08,
        "weightedAverageShsOut": 77600000,
        "weightedAverageShsOutDil": 78300000,
        "link": "https://www.sec.gov/Archives/edgar/data/74303/000007430315000068/0000074303-15-000068-index.htm",
        "finalLink": "https://www.sec.gov/Archives/edgar/data/74303/000007430315000068/oln-2015930x10q.htm"
    },
    {
        "date": "2015-06-30",
        "symbol": "OLN",
        "reportedCurrency": "USD",
        "cik": "0000074303",
        "fillingDate": "2015-08-03",
        "acceptedDate": "2015-08-03 17:26:49",
        "calendarYear": "2015",
        "period": "Q2",
        "revenue": 535400000,
        "costOfRevenue": 454500000,
        "grossProfit": 80900000,
        "grossProfitRatio": 0.1511019798,
        "researchAndDevelopmentExpenses": 0,
        "generalAndAdministrativeExpenses": 0,
        "sellingAndMarketingExpenses": 0,
        "sellingGeneralAndAdministrativeExpenses": 40800000,
        "otherExpenses": -41100000,
        "operatingExpenses": -300000,
        "costAndExpenses": 454200000,
        "interestIncome": 300000,
        "interestExpense": 18200000,
        "depreciationAndAmortization": 34700000,
        "ebitda": 74900000,
        "ebitdaratio": 0.1398954053,
        "operatingIncome": 81200000,
        "operatingIncomeRatio": 0.1516623086,
        "totalOtherIncomeExpensesNet": -17500000,
        "incomeBeforeTax": 63700000,
        "incomeBeforeTaxRatio": 0.1189764662,
        "incomeTaxExpense": 21400000,
        "netIncome": 42300000,
        "netIncomeRatio": 0.0790063504,
        "eps": 0.55,
        "epsdiluted": 0.54,
        "weightedAverageShsOut": 77500000,
        "weightedAverageShsOutDil": 78700000,
        "link": "https://www.sec.gov/Archives/edgar/data/74303/000007430315000056/0000074303-15-000056-index.htm",
        "finalLink": "https://www.sec.gov/Archives/edgar/data/74303/000007430315000056/oln-2015630x10q.htm"
    },
    {
        "date": "2015-03-31",
        "symbol": "OLN",
        "reportedCurrency": "USD",
        "cik": "0000074303",
        "fillingDate": "2015-05-11",
        "acceptedDate": "2015-05-11 16:32:57",
        "calendarYear": "2015",
        "period": "Q1",
        "revenue": 518000000,
        "costOfRevenue": 433200000,
        "grossProfit": 84800000,
        "grossProfitRatio": 0.1637065637,
        "researchAndDevelopmentExpenses": 0,
        "generalAndAdministrativeExpenses": 0,
        "sellingAndMarketingExpenses": 0,
        "sellingGeneralAndAdministrativeExpenses": 47000000,
        "otherExpenses": 11800000,
        "operatingExpenses": 58800000,
        "costAndExpenses": 492000000,
        "interestIncome": 300000,
        "interestExpense": 7100000,
        "depreciationAndAmortization": 34400000,
        "ebitda": 72000000,
        "ebitdaratio": 0.138996139,
        "operatingIncome": 26000000,
        "operatingIncomeRatio": 0.0501930502,
        "totalOtherIncomeExpensesNet": -6400000,
        "incomeBeforeTax": 19600000,
        "incomeBeforeTaxRatio": 0.0378378378,
        "incomeTaxExpense": 6500000,
        "netIncome": 13100000,
        "netIncomeRatio": 0.0252895753,
        "eps": 0.17,
        "epsdiluted": 0.17,
        "weightedAverageShsOut": 77400000,
        "weightedAverageShsOutDil": 78500000,
        "link": "https://www.sec.gov/Archives/edgar/data/74303/000007430315000039/0000074303-15-000039-index.htm",
        "finalLink": "https://www.sec.gov/Archives/edgar/data/74303/000007430315000039/oln-2015331x10q.htm"
    },
    {
        "date": "2014-12-31",
        "symbol": "OLN",
        "reportedCurrency": "USD",
        "cik": "0000074303",
        "fillingDate": "2015-02-25",
        "acceptedDate": "2015-02-25 12:29:39",
        "calendarYear": "2014",
        "period": "Q4",
        "revenue": 499800000,
        "costOfRevenue": 421900000,
        "grossProfit": 77900000,
        "grossProfitRatio": 0.1558623449,
        "researchAndDevelopmentExpenses": 4099999,
        "generalAndAdministrativeExpenses": 0,
        "sellingAndMarketingExpenses": 0,
        "sellingGeneralAndAdministrativeExpenses": 39200000,
        "otherExpenses": 9200000,
        "operatingExpenses": 52500000,
        "costAndExpenses": 474400000,
        "interestIncome": 400000,
        "interestExpense": 6800000,
        "depreciationAndAmortization": 34800000,
        "ebitda": 74000000,
        "ebitdaratio": 0.1480592237,
        "operatingIncome": 25400000,
        "operatingIncomeRatio": 0.0508203281,
        "totalOtherIncomeExpensesNet": -6000000,
        "incomeBeforeTax": 19400000,
        "incomeBeforeTaxRatio": 0.0388155262,
        "incomeTaxExpense": 6600000,
        "netIncome": 12800000,
        "netIncomeRatio": 0.0256102441,
        "eps": 0.16,
        "epsdiluted": 0.16,
        "weightedAverageShsOut": 77900000,
        "weightedAverageShsOutDil": 78800000,
        "link": "https://www.sec.gov/Archives/edgar/data/74303/000007430315000015/0000074303-15-000015-index.htm",
        "finalLink": "https://www.sec.gov/Archives/edgar/data/74303/000007430315000015/oln-2014x1231x10xk.htm"
    },
    {
        "date": "2014-09-30",
        "symbol": "OLN",
        "reportedCurrency": "USD",
        "cik": "0000074303",
        "fillingDate": "2014-10-24",
        "acceptedDate": "2014-10-24 17:08:24",
        "calendarYear": "2014",
        "period": "Q3",
        "revenue": 593600000,
        "costOfRevenue": 492300000,
        "grossProfit": 101300000,
        "grossProfitRatio": 0.1706536388,
        "researchAndDevelopmentExpenses": 0,
        "generalAndAdministrativeExpenses": 0,
        "sellingAndMarketingExpenses": 0,
        "sellingGeneralAndAdministrativeExpenses": 41800000,
        "otherExpenses": 2200000,
        "operatingExpenses": 44000000,
        "costAndExpenses": 536300000,
        "interestIncome": 200000,
        "interestExpense": 17700000,
        "depreciationAndAmortization": 34900000,
        "ebitda": 94400000,
        "ebitdaratio": 0.1590296496,
        "operatingIncome": 57300000,
        "operatingIncomeRatio": 0.0965296496,
        "totalOtherIncomeExpensesNet": -17000000,
        "incomeBeforeTax": 40300000,
        "incomeBeforeTaxRatio": 0.0678908356,
        "incomeTaxExpense": 14200000,
        "netIncome": 26100000,
        "netIncomeRatio": 0.0439690027,
        "eps": 0.33,
        "epsdiluted": 0.33,
        "weightedAverageShsOut": 78400000,
        "weightedAverageShsOutDil": 79500000,
        "link": "https://www.sec.gov/Archives/edgar/data/74303/000007430314000078/0000074303-14-000078-index.htm",
        "finalLink": "https://www.sec.gov/Archives/edgar/data/74303/000007430314000078/oln-2014930x10q.htm"
    },
    {
        "date": "2014-06-30",
        "symbol": "OLN",
        "reportedCurrency": "USD",
        "cik": "0000074303",
        "fillingDate": "2014-07-25",
        "acceptedDate": "2014-07-25 17:08:43",
        "calendarYear": "2014",
        "period": "Q2",
        "revenue": 570400000,
        "costOfRevenue": 463600000,
        "grossProfit": 106800000,
        "grossProfitRatio": 0.1872370266,
        "researchAndDevelopmentExpenses": 0,
        "generalAndAdministrativeExpenses": 0,
        "sellingAndMarketingExpenses": 0,
        "sellingGeneralAndAdministrativeExpenses": 41700000,
        "otherExpenses": 1600000,
        "operatingExpenses": 43300000,
        "costAndExpenses": 506900000,
        "interestIncome": 400000,
        "interestExpense": 9600000,
        "depreciationAndAmortization": 35200000,
        "ebitda": 100200000,
        "ebitdaratio": 0.1756661992,
        "operatingIncome": 63500000,
        "operatingIncomeRatio": 0.1113253857,
        "totalOtherIncomeExpensesNet": -8700000,
        "incomeBeforeTax": 54800000,
        "incomeBeforeTaxRatio": 0.0960729313,
        "incomeTaxExpense": 18200000,
        "netIncome": 37300000,
        "netIncomeRatio": 0.0653927069,
        "eps": 0.47,
        "epsdiluted": 0.47,
        "weightedAverageShsOut": 78800000,
        "weightedAverageShsOutDil": 80000000,
        "link": "https://www.sec.gov/Archives/edgar/data/74303/000007430314000065/0000074303-14-000065-index.htm",
        "finalLink": "https://www.sec.gov/Archives/edgar/data/74303/000007430314000065/oln-2014630x10q.htm"
    },
    {
        "date": "2014-03-31",
        "symbol": "OLN",
        "reportedCurrency": "USD",
        "cik": "0000074303",
        "fillingDate": "2014-04-28",
        "acceptedDate": "2014-04-28 17:13:22",
        "calendarYear": "2014",
        "period": "Q1",
        "revenue": 577400000,
        "costOfRevenue": 475400000,
        "grossProfit": 102000000,
        "grossProfitRatio": 0.1766539661,
        "researchAndDevelopmentExpenses": 0,
        "generalAndAdministrativeExpenses": 0,
        "sellingAndMarketingExpenses": 0,
        "sellingGeneralAndAdministrativeExpenses": 43500000,
        "otherExpenses": 1300000,
        "operatingExpenses": 44800000,
        "costAndExpenses": 520200000,
        "interestIncome": 300000,
        "interestExpense": 9700000,
        "depreciationAndAmortization": 34200000,
        "ebitda": 92600000,
        "ebitdaratio": 0.1603740908,
        "operatingIncome": 57200000,
        "operatingIncomeRatio": 0.0990647731,
        "totalOtherIncomeExpensesNet": -9000000,
        "incomeBeforeTax": 48200000,
        "incomeBeforeTaxRatio": 0.0834776585,
        "incomeTaxExpense": 18700000,
        "netIncome": 29500000,
        "netIncomeRatio": 0.051091098,
        "eps": 0.37,
        "epsdiluted": 0.37,
        "weightedAverageShsOut": 79200000,
        "weightedAverageShsOutDil": 80500000,
        "link": "https://www.sec.gov/Archives/edgar/data/74303/000007430314000041/0000074303-14-000041-index.htm",
        "finalLink": "https://www.sec.gov/Archives/edgar/data/74303/000007430314000041/oln-2014331x10q.htm"
    },
    {
        "date": "2013-12-31",
        "symbol": "OLN",
        "reportedCurrency": "USD",
        "cik": "0000074303",
        "fillingDate": "2014-02-24",
        "acceptedDate": "2014-02-24 17:14:57",
        "calendarYear": "2013",
        "period": "Q4",
        "revenue": 562100000,
        "costOfRevenue": 469700000,
        "grossProfit": 92400000,
        "grossProfitRatio": 0.1643835616,
        "researchAndDevelopmentExpenses": 2500000,
        "generalAndAdministrativeExpenses": 0,
        "sellingAndMarketingExpenses": 0,
        "sellingGeneralAndAdministrativeExpenses": 69600000,
        "otherExpenses": -14400000,
        "operatingExpenses": 57700000,
        "costAndExpenses": 527400000,
        "interestIncome": 300000,
        "interestExpense": 9900000,
        "depreciationAndAmortization": 34100000,
        "ebitda": 57400000,
        "ebitdaratio": 0.102117061,
        "operatingIncome": 34700000,
        "operatingIncomeRatio": 0.0617327878,
        "totalOtherIncomeExpensesNet": -4200000,
        "incomeBeforeTax": 30500000,
        "incomeBeforeTaxRatio": 0.0542608077,
        "incomeTaxExpense": 5800000,
        "netIncome": 24700000,
        "netIncomeRatio": 0.043942359,
        "eps": 0.31,
        "epsdiluted": 0.31,
        "weightedAverageShsOut": 79500000,
        "weightedAverageShsOutDil": 80500000,
        "link": "https://www.sec.gov/Archives/edgar/data/74303/000007430314000021/0000074303-14-000021-index.htm",
        "finalLink": "https://www.sec.gov/Archives/edgar/data/74303/000007430314000021/oln-2013x1231x10xk.htm"
    },
    {
        "date": "2013-09-30",
        "symbol": "OLN",
        "reportedCurrency": "USD",
        "cik": "0000074303",
        "fillingDate": "2013-10-29",
        "acceptedDate": "2013-10-29 17:16:46",
        "calendarYear": "2013",
        "period": "Q3",
        "revenue": 670700000,
        "costOfRevenue": 528500000,
        "grossProfit": 142200000,
        "grossProfitRatio": 0.2120172954,
        "researchAndDevelopmentExpenses": 0,
        "generalAndAdministrativeExpenses": 0,
        "sellingAndMarketingExpenses": 0,
        "sellingGeneralAndAdministrativeExpenses": 36500000,
        "otherExpenses": 2000000,
        "operatingExpenses": 38500000,
        "costAndExpenses": 567000000,
        "interestIncome": 100000,
        "interestExpense": 9900000,
        "depreciationAndAmortization": 34100000,
        "ebitda": 139400000,
        "ebitdaratio": 0.2078425526,
        "operatingIncome": 103700000,
        "operatingIncomeRatio": 0.1546145818,
        "totalOtherIncomeExpensesNet": -10700000,
        "incomeBeforeTax": 93000000,
        "incomeBeforeTaxRatio": 0.1386611003,
        "incomeTaxExpense": 23300000,
        "netIncome": 69700000,
        "netIncomeRatio": 0.1039212763,
        "eps": 0.87,
        "epsdiluted": 0.86,
        "weightedAverageShsOut": 79800000,
        "weightedAverageShsOutDil": 80800000,
        "link": "https://www.sec.gov/Archives/edgar/data/74303/000007430313000050/0000074303-13-000050-index.htm",
        "finalLink": "https://www.sec.gov/Archives/edgar/data/74303/000007430313000050/oln-2013930x10q.htm"
    },
    {
        "date": "2013-06-30",
        "symbol": "OLN",
        "reportedCurrency": "USD",
        "cik": "0000074303",
        "fillingDate": "2013-07-29",
        "acceptedDate": "2013-07-29 17:17:07",
        "calendarYear": "2013",
        "period": "Q2",
        "revenue": 652200000,
        "costOfRevenue": 531100000,
        "grossProfit": 121100000,
        "grossProfitRatio": 0.1856792395,
        "researchAndDevelopmentExpenses": 0,
        "generalAndAdministrativeExpenses": 0,
        "sellingAndMarketingExpenses": 0,
        "sellingGeneralAndAdministrativeExpenses": 48700000,
        "otherExpenses": 0,
        "operatingExpenses": 48800000,
        "costAndExpenses": 579900000,
        "interestIncome": 100000,
        "interestExpense": 9700000,
        "depreciationAndAmortization": 34200000,
        "ebitda": 106600000,
        "ebitdaratio": 0.1634467955,
        "operatingIncome": 72400000,
        "operatingIncomeRatio": 0.111008893,
        "totalOtherIncomeExpensesNet": -9700000,
        "incomeBeforeTax": 62700000,
        "incomeBeforeTaxRatio": 0.0961361546,
        "incomeTaxExpense": 19000000,
        "netIncome": 43700000,
        "netIncomeRatio": 0.0670039865,
        "eps": 0.54,
        "epsdiluted": 0.54,
        "weightedAverageShsOut": 80200000,
        "weightedAverageShsOutDil": 81200000,
        "link": "https://www.sec.gov/Archives/edgar/data/74303/000007430313000036/0000074303-13-000036-index.htm",
        "finalLink": "https://www.sec.gov/Archives/edgar/data/74303/000007430313000036/oln-2013630x10q.htm"
    },
    {
        "date": "2013-03-31",
        "symbol": "OLN",
        "reportedCurrency": "USD",
        "cik": "0000074303",
        "fillingDate": "2013-04-29",
        "acceptedDate": "2013-04-29 17:15:26",
        "calendarYear": "2013",
        "period": "Q1",
        "revenue": 630000000,
        "costOfRevenue": 504400000,
        "grossProfit": 125600000,
        "grossProfitRatio": 0.1993650794,
        "researchAndDevelopmentExpenses": 0,
        "generalAndAdministrativeExpenses": 0,
        "sellingAndMarketingExpenses": 0,
        "sellingGeneralAndAdministrativeExpenses": 49100000,
        "otherExpenses": 0,
        "operatingExpenses": 52800000,
        "costAndExpenses": 557200000,
        "interestIncome": 100000,
        "interestExpense": 9100000,
        "depreciationAndAmortization": 32900000,
        "ebitda": 109600000,
        "ebitdaratio": 0.173968254,
        "operatingIncome": 76700000,
        "operatingIncomeRatio": 0.1217460317,
        "totalOtherIncomeExpensesNet": -12900000,
        "incomeBeforeTax": 63800000,
        "incomeBeforeTaxRatio": 0.1012698413,
        "incomeTaxExpense": 23300000,
        "netIncome": 40500000,
        "netIncomeRatio": 0.0642857143,
        "eps": 0.5,
        "epsdiluted": 0.5,
        "weightedAverageShsOut": 80200000,
        "weightedAverageShsOutDil": 81200000,
        "link": "https://www.sec.gov/Archives/edgar/data/74303/000007430313000026/0000074303-13-000026-index.htm",
        "finalLink": "https://www.sec.gov/Archives/edgar/data/74303/000007430313000026/oln-2013331x10q.htm"
    },
    {
        "date": "2012-12-31",
        "symbol": "OLN",
        "reportedCurrency": "USD",
        "cik": "0000074303",
        "fillingDate": "2013-02-25",
        "acceptedDate": "2013-02-25 17:29:03",
        "calendarYear": "2012",
        "period": "Q4",
        "revenue": 587600000,
        "costOfRevenue": 487900000,
        "grossProfit": 99700000,
        "grossProfitRatio": 0.1696732471,
        "researchAndDevelopmentExpenses": 2600000,
        "generalAndAdministrativeExpenses": 0,
        "sellingAndMarketingExpenses": 0,
        "sellingGeneralAndAdministrativeExpenses": 37400000,
        "otherExpenses": 0,
        "operatingExpenses": 37200000,
        "costAndExpenses": 525100000,
        "interestIncome": 300000,
        "interestExpense": 8100000,
        "depreciationAndAmortization": 32200000,
        "ebitda": 94200000,
        "ebitdaratio": 0.1603131382,
        "operatingIncome": 62000000,
        "operatingIncomeRatio": 0.1055139551,
        "totalOtherIncomeExpensesNet": -7300000,
        "incomeBeforeTax": 54700000,
        "incomeBeforeTaxRatio": 0.0930905378,
        "incomeTaxExpense": 20100000,
        "netIncome": 34600000,
        "netIncomeRatio": 0.0588835943,
        "eps": 0.43,
        "epsdiluted": 0.43,
        "weightedAverageShsOut": 80200000,
        "weightedAverageShsOutDil": 81000000,
        "link": "https://www.sec.gov/Archives/edgar/data/74303/000007430313000012/0000074303-13-000012-index.htm",
        "finalLink": "https://www.sec.gov/Archives/edgar/data/74303/000007430313000012/oln-2012x1231x10xk.htm"
    },
    {
        "date": "2012-09-30",
        "symbol": "OLN",
        "reportedCurrency": "USD",
        "cik": "0000074303",
        "fillingDate": "2012-10-29",
        "acceptedDate": "2012-10-29 17:21:47",
        "calendarYear": "2012",
        "period": "Q3",
        "revenue": 581200000,
        "costOfRevenue": 475800000,
        "grossProfit": 105400000,
        "grossProfitRatio": 0.1813489332,
        "researchAndDevelopmentExpenses": 0,
        "generalAndAdministrativeExpenses": 0,
        "sellingAndMarketingExpenses": 0,
        "sellingGeneralAndAdministrativeExpenses": 42400000,
        "otherExpenses": 0,
        "operatingExpenses": 52900000,
        "costAndExpenses": 422900000,
        "interestIncome": 200000,
        "interestExpense": 6000000,
        "depreciationAndAmortization": 26600000,
        "ebitda": 90000000,
        "ebitdaratio": 0.1548520303,
        "operatingIncome": 63400000,
        "operatingIncomeRatio": 0.1090846524,
        "totalOtherIncomeExpensesNet": -16700000,
        "incomeBeforeTax": 46700000,
        "incomeBeforeTaxRatio": 0.0803509979,
        "incomeTaxExpense": 18000000,
        "netIncome": 28700000,
        "netIncomeRatio": 0.0493805919,
        "eps": 0.36,
        "epsdiluted": 0.35,
        "weightedAverageShsOut": 80100000,
        "weightedAverageShsOutDil": 81000000,
        "link": "https://www.sec.gov/Archives/edgar/data/74303/000007430312000088/0000074303-12-000088-index.htm",
        "finalLink": "https://www.sec.gov/Archives/edgar/data/74303/000007430312000088/oln-2012930x10q.htm"
    },
    {
        "date": "2012-06-30",
        "symbol": "OLN",
        "reportedCurrency": "USD",
        "cik": "0000074303",
        "fillingDate": "2012-07-24",
        "acceptedDate": "2012-07-24 17:17:43",
        "calendarYear": "2012",
        "period": "Q2",
        "revenue": 508700000,
        "costOfRevenue": 391400000,
        "grossProfit": 117300000,
        "grossProfitRatio": 0.2305877728,
        "researchAndDevelopmentExpenses": 0,
        "generalAndAdministrativeExpenses": 0,
        "sellingAndMarketingExpenses": 0,
        "sellingGeneralAndAdministrativeExpenses": 45100000,
        "otherExpenses": 0,
        "operatingExpenses": 45100000,
        "costAndExpenses": 436500000,
        "interestIncome": 300000,
        "interestExpense": 5800000,
        "depreciationAndAmortization": 26600000,
        "ebitda": 95700000,
        "ebitdaratio": 0.1881265972,
        "operatingIncome": 70300000,
        "operatingIncomeRatio": 0.1381954,
        "totalOtherIncomeExpensesNet": -7000000,
        "incomeBeforeTax": 63300000,
        "incomeBeforeTaxRatio": 0.1244348339,
        "incomeTaxExpense": 15700000,
        "netIncome": 47600000,
        "netIncomeRatio": 0.0935718498,
        "eps": 0.59,
        "epsdiluted": 0.59,
        "weightedAverageShsOut": 80100000,
        "weightedAverageShsOutDil": 80700000,
        "link": "https://www.sec.gov/Archives/edgar/data/74303/000007430312000074/0000074303-12-000074-index.htm",
        "finalLink": "https://www.sec.gov/Archives/edgar/data/74303/000007430312000074/oln-2012631x10q.htm"
    },
    {
        "date": "2012-03-31",
        "symbol": "OLN",
        "reportedCurrency": "USD",
        "cik": "0000074303",
        "fillingDate": "2012-04-30",
        "acceptedDate": "2012-04-30 17:19:54",
        "calendarYear": "2012",
        "period": "Q1",
        "revenue": 507200000,
        "costOfRevenue": 392900000,
        "grossProfit": 114300000,
        "grossProfitRatio": 0.2253548896,
        "researchAndDevelopmentExpenses": 0,
        "generalAndAdministrativeExpenses": 0,
        "sellingAndMarketingExpenses": 0,
        "sellingGeneralAndAdministrativeExpenses": 43700000,
        "otherExpenses": 0,
        "operatingExpenses": 43700000,
        "costAndExpenses": 436600000,
        "interestIncome": 200000,
        "interestExpense": 6500000,
        "depreciationAndAmortization": 25500000,
        "ebitda": 92500000,
        "ebitdaratio": 0.182373817,
        "operatingIncome": 69200000,
        "operatingIncomeRatio": 0.1364353312,
        "totalOtherIncomeExpensesNet": -8700000,
        "incomeBeforeTax": 60500000,
        "incomeBeforeTaxRatio": 0.1192823344,
        "incomeTaxExpense": 21800000,
        "netIncome": 38700000,
        "netIncomeRatio": 0.0763012618,
        "eps": 0.48,
        "epsdiluted": 0.48,
        "weightedAverageShsOut": 80100000,
        "weightedAverageShsOutDil": 80900000,
        "link": "https://www.sec.gov/Archives/edgar/data/74303/000007430312000050/0000074303-12-000050-index.htm",
        "finalLink": "https://www.sec.gov/Archives/edgar/data/74303/000007430312000050/finalq110q2012.htm"
    },
    {
        "date": "2011-12-31",
        "symbol": "OLN",
        "reportedCurrency": "USD",
        "cik": "0000074303",
        "fillingDate": "2012-02-24",
        "acceptedDate": "2012-02-24 17:01:44",
        "calendarYear": "2011",
        "period": "Q4",
        "revenue": 445800000,
        "costOfRevenue": 368300000,
        "grossProfit": 77500000,
        "grossProfitRatio": 0.1738447734,
        "researchAndDevelopmentExpenses": 0,
        "generalAndAdministrativeExpenses": 0,
        "sellingAndMarketingExpenses": 0,
        "sellingGeneralAndAdministrativeExpenses": 39600000,
        "otherExpenses": 0,
        "operatingExpenses": 40800000,
        "costAndExpenses": 407900000,
        "interestIncome": 500000,
        "interestExpense": 7900000,
        "depreciationAndAmortization": 25200000,
        "ebitda": 59600000,
        "ebitdaratio": 0.1336922387,
        "operatingIncome": 36700000,
        "operatingIncomeRatio": 0.0823239121,
        "totalOtherIncomeExpensesNet": -10200000,
        "incomeBeforeTax": 26500000,
        "incomeBeforeTaxRatio": 0.0594436967,
        "incomeTaxExpense": 7800000,
        "netIncome": 18700000,
        "netIncomeRatio": 0.0419470615,
        "eps": 0.23,
        "epsdiluted": 0.23,
        "weightedAverageShsOut": 80100000,
        "weightedAverageShsOutDil": 80100000,
        "link": "https://www.sec.gov/Archives/edgar/data/74303/000007430312000027/0000074303-12-000027-index.htm",
        "finalLink": "https://www.sec.gov/Archives/edgar/data/74303/000007430312000027/final10k2011.htm"
    },
    {
        "date": "2011-09-30",
        "symbol": "OLN",
        "reportedCurrency": "USD",
        "cik": "0000074303",
        "fillingDate": "2011-10-28",
        "acceptedDate": "2011-10-28 17:16:14",
        "calendarYear": "2011",
        "period": "Q3",
        "revenue": 550200000,
        "costOfRevenue": 432700000,
        "grossProfit": 117500000,
        "grossProfitRatio": 0.2135587059,
        "researchAndDevelopmentExpenses": 0,
        "generalAndAdministrativeExpenses": 0,
        "sellingAndMarketingExpenses": 0,
        "sellingGeneralAndAdministrativeExpenses": 39800000,
        "otherExpenses": 0,
        "operatingExpenses": 39800000,
        "costAndExpenses": 472500000,
        "interestIncome": 200000,
        "interestExpense": 7900000,
        "depreciationAndAmortization": 25500000,
        "ebitda": 102800000,
        "ebitdaratio": 0.1868411487,
        "operatingIncome": 77900000,
        "operatingIncomeRatio": 0.1415848782,
        "totalOtherIncomeExpensesNet": -8500000,
        "incomeBeforeTax": 69400000,
        "incomeBeforeTaxRatio": 0.1261359506,
        "incomeTaxExpense": 22200000,
        "netIncome": 47200000,
        "netIncomeRatio": 0.0857869866,
        "eps": 0.59,
        "epsdiluted": 0.58,
        "weightedAverageShsOut": 80200000,
        "weightedAverageShsOutDil": 80800000,
        "link": "https://www.sec.gov/Archives/edgar/data/74303/000007430311000078/0000074303-11-000078-index.htm",
        "finalLink": "https://www.sec.gov/Archives/edgar/data/74303/000007430311000078/finalq310q2011.htm"
    },
    {
        "date": "2011-06-30",
        "symbol": "OLN",
        "reportedCurrency": "USD",
        "cik": "0000074303",
        "fillingDate": "2011-07-26",
        "acceptedDate": "2011-07-26 17:20:18",
        "calendarYear": "2011",
        "period": "Q2",
        "revenue": 529100000,
        "costOfRevenue": 413700000,
        "grossProfit": 115400000,
        "grossProfitRatio": 0.2181062181,
        "researchAndDevelopmentExpenses": 0,
        "generalAndAdministrativeExpenses": 0,
        "sellingAndMarketingExpenses": 0,
        "sellingGeneralAndAdministrativeExpenses": 42500000,
        "otherExpenses": 200000,
        "operatingExpenses": 42500000,
        "costAndExpenses": 456200000,
        "interestIncome": 300000,
        "interestExpense": 7400000,
        "depreciationAndAmortization": 25400000,
        "ebitda": 96500000,
        "ebitdaratio": 0.1823851824,
        "operatingIncome": 70700000,
        "operatingIncomeRatio": 0.1336231336,
        "totalOtherIncomeExpensesNet": -7000000,
        "incomeBeforeTax": 63700000,
        "incomeBeforeTaxRatio": 0.1203931204,
        "incomeTaxExpense": 21600000,
        "netIncome": 42100000,
        "netIncomeRatio": 0.0795690796,
        "eps": 0.53,
        "epsdiluted": 0.52,
        "weightedAverageShsOut": 80000000,
        "weightedAverageShsOutDil": 81100000,
        "link": "https://www.sec.gov/Archives/edgar/data/74303/000007430311000059/0000074303-11-000059-index.htm",
        "finalLink": "https://www.sec.gov/Archives/edgar/data/74303/000007430311000059/finalq210q2011.htm"
    },
    {
        "date": "2011-03-31",
        "symbol": "OLN",
        "reportedCurrency": "USD",
        "cik": "0000074303",
        "fillingDate": "2011-05-03",
        "acceptedDate": "2011-05-02 17:45:15",
        "calendarYear": "2011",
        "period": "Q1",
        "revenue": 436000000,
        "costOfRevenue": 359200000,
        "grossProfit": 76800000,
        "grossProfitRatio": 0.176146789,
        "researchAndDevelopmentExpenses": 0,
        "generalAndAdministrativeExpenses": 0,
        "sellingAndMarketingExpenses": 0,
        "sellingGeneralAndAdministrativeExpenses": 39500000,
        "otherExpenses": 0,
        "operatingExpenses": 39500000,
        "costAndExpenses": 398700000,
        "interestIncome": 200000,
        "interestExpense": 7200000,
        "depreciationAndAmortization": 23200000,
        "ebitda": 250200000,
        "ebitdaratio": 0.573853211,
        "operatingIncome": 38600000,
        "operatingIncomeRatio": 0.0885321101,
        "totalOtherIncomeExpensesNet": 181200000,
        "incomeBeforeTax": 219800000,
        "incomeBeforeTaxRatio": 0.5041284404,
        "incomeTaxExpense": 86100000,
        "netIncome": 133700000,
        "netIncomeRatio": 0.3066513761,
        "eps": 1.68,
        "epsdiluted": 1.66,
        "weightedAverageShsOut": 79600000,
        "weightedAverageShsOutDil": 80400000,
        "link": "https://www.sec.gov/Archives/edgar/data/74303/000007430311000031/0000074303-11-000031-index.htm",
        "finalLink": "https://www.sec.gov/Archives/edgar/data/74303/000007430311000031/finalq110q2011.htm"
    },
    {
        "date": "2010-12-31",
        "symbol": "OLN",
        "reportedCurrency": "USD",
        "cik": "0000074303",
        "fillingDate": "2011-02-24",
        "acceptedDate": "2011-02-23 18:19:37",
        "calendarYear": "2010",
        "period": "Q4",
        "revenue": 385400000,
        "costOfRevenue": 323200000,
        "grossProfit": 62200000,
        "grossProfitRatio": 0.1613907628,
        "researchAndDevelopmentExpenses": 0,
        "generalAndAdministrativeExpenses": 0,
        "sellingAndMarketingExpenses": 0,
        "sellingGeneralAndAdministrativeExpenses": 33100000,
        "otherExpenses": 0,
        "operatingExpenses": 67400000,
        "costAndExpenses": 356300000,
        "interestIncome": 300000,
        "interestExpense": 5900000,
        "depreciationAndAmortization": 22100000,
        "ebitda": 25700000,
        "ebitdaratio": 0.0666839647,
        "operatingIncome": -5200000,
        "operatingIncomeRatio": -0.0134924754,
        "totalOtherIncomeExpensesNet": 2900000,
        "incomeBeforeTax": -2300000,
        "incomeBeforeTaxRatio": -0.0059678256,
        "incomeTaxExpense": -4300000,
        "netIncome": 2000000,
        "netIncomeRatio": 0.0051894136,
        "eps": 0.0251,
        "epsdiluted": 0.0251,
        "weightedAverageShsOut": 79500000,
        "weightedAverageShsOutDil": 79600000,
        "link": "https://www.sec.gov/Archives/edgar/data/74303/000007430311000012/0000074303-11-000012-index.htm",
        "finalLink": "https://www.sec.gov/Archives/edgar/data/74303/000007430311000012/final10k2010.htm"
    },
    {
        "date": "2010-09-30",
        "symbol": "OLN",
        "reportedCurrency": "USD",
        "cik": "0000074303",
        "fillingDate": "2010-10-26",
        "acceptedDate": "2010-10-26 17:17:07",
        "calendarYear": "2010",
        "period": "Q3",
        "revenue": 432800000,
        "costOfRevenue": 366500000,
        "grossProfit": 66300000,
        "grossProfitRatio": 0.1531885397,
        "researchAndDevelopmentExpenses": 0,
        "generalAndAdministrativeExpenses": 0,
        "sellingAndMarketingExpenses": 0,
        "sellingGeneralAndAdministrativeExpenses": 33300000,
        "otherExpenses": 0,
        "operatingExpenses": 33300000,
        "costAndExpenses": 399800000,
        "interestIncome": 300000,
        "interestExpense": 6400000,
        "depreciationAndAmortization": 21600000,
        "ebitda": 66800000,
        "ebitdaratio": 0.1543438078,
        "operatingIncome": 33300000,
        "operatingIncomeRatio": 0.0769408503,
        "totalOtherIncomeExpensesNet": 5500000,
        "incomeBeforeTax": 38800000,
        "incomeBeforeTaxRatio": 0.0896487985,
        "incomeTaxExpense": 7000000,
        "netIncome": 31800000,
        "netIncomeRatio": 0.0734750462,
        "eps": 0.4,
        "epsdiluted": 0.4,
        "weightedAverageShsOut": 79400000,
        "weightedAverageShsOutDil": 80200000,
        "link": "https://www.sec.gov/Archives/edgar/data/74303/000007430310000066/0000074303-10-000066-index.htm",
        "finalLink": "https://www.sec.gov/Archives/edgar/data/74303/000007430310000066/finalq310q2010.htm"
    },
    {
        "date": "2010-06-30",
        "symbol": "OLN",
        "reportedCurrency": "USD",
        "cik": "0000074303",
        "fillingDate": "2010-07-26",
        "acceptedDate": "2010-07-26 17:17:05",
        "calendarYear": "2010",
        "period": "Q2",
        "revenue": 405700000,
        "costOfRevenue": 347700000,
        "grossProfit": 58000000,
        "grossProfitRatio": 0.1429627804,
        "researchAndDevelopmentExpenses": 0,
        "generalAndAdministrativeExpenses": 0,
        "sellingAndMarketingExpenses": 0,
        "sellingGeneralAndAdministrativeExpenses": 35900000,
        "otherExpenses": 0,
        "operatingExpenses": 35900000,
        "costAndExpenses": 383600000,
        "interestIncome": 200000,
        "interestExpense": 6200000,
        "depreciationAndAmortization": 21600000,
        "ebitda": 53000000,
        "ebitdaratio": 0.1306384028,
        "operatingIncome": 22100000,
        "operatingIncomeRatio": 0.0544737491,
        "totalOtherIncomeExpensesNet": 3100000,
        "incomeBeforeTax": 25200000,
        "incomeBeforeTaxRatio": 0.0621148632,
        "incomeTaxExpense": 8300000,
        "netIncome": 16900000,
        "netIncomeRatio": 0.0416563964,
        "eps": 0.21,
        "epsdiluted": 0.21,
        "weightedAverageShsOut": 79000000,
        "weightedAverageShsOutDil": 79800000,
        "link": "https://www.sec.gov/Archives/edgar/data/74303/000007430310000042/0000074303-10-000042-index.htm",
        "finalLink": "https://www.sec.gov/Archives/edgar/data/74303/000007430310000042/finalq210q2010.htm"
    },
    {
        "date": "2010-03-31",
        "symbol": "OLN",
        "reportedCurrency": "USD",
        "cik": "0000074303",
        "fillingDate": "2010-04-28",
        "acceptedDate": "2010-04-27 17:37:38",
        "calendarYear": "2010",
        "period": "Q1",
        "revenue": 362000000,
        "costOfRevenue": 312500000,
        "grossProfit": 49500000,
        "grossProfitRatio": 0.1367403315,
        "researchAndDevelopmentExpenses": 0,
        "generalAndAdministrativeExpenses": 0,
        "sellingAndMarketingExpenses": 0,
        "sellingGeneralAndAdministrativeExpenses": 32100000,
        "otherExpenses": 0,
        "operatingExpenses": 32100000,
        "costAndExpenses": 344600000,
        "interestIncome": 200000,
        "interestExpense": 6900000,
        "depreciationAndAmortization": 21600000,
        "ebitda": 43700000,
        "ebitdaratio": 0.120718232,
        "operatingIncome": 19700000,
        "operatingIncomeRatio": 0.0544198895,
        "totalOtherIncomeExpensesNet": -4500000,
        "incomeBeforeTax": 15200000,
        "incomeBeforeTaxRatio": 0.0419889503,
        "incomeTaxExpense": 1100000,
        "netIncome": 14100000,
        "netIncomeRatio": 0.0389502762,
        "eps": 0.18,
        "epsdiluted": 0.18,
        "weightedAverageShsOut": 78800000,
        "weightedAverageShsOutDil": 79400000,
        "link": "https://www.sec.gov/Archives/edgar/data/74303/000007430310000025/0000074303-10-000025-index.htm",
        "finalLink": "https://www.sec.gov/Archives/edgar/data/74303/000007430310000025/finalq110q2010.htm"
    },
    {
        "date": "2009-12-31",
        "symbol": "OLN",
        "reportedCurrency": "USD",
        "cik": "0000074303",
        "fillingDate": "2010-02-24",
        "acceptedDate": "2010-02-24 17:11:54",
        "calendarYear": "2009",
        "period": "Q4",
        "revenue": 350900000,
        "costOfRevenue": 288100000,
        "grossProfit": 62800000,
        "grossProfitRatio": 0.1789683671,
        "researchAndDevelopmentExpenses": 0,
        "generalAndAdministrativeExpenses": 0,
        "sellingAndMarketingExpenses": 0,
        "sellingGeneralAndAdministrativeExpenses": 28800000,
        "otherExpenses": 0,
        "operatingExpenses": 28800000,
        "costAndExpenses": 316900000,
        "interestIncome": 200000,
        "interestExpense": 6400000,
        "depreciationAndAmortization": -50500000,
        "ebitda": 62400000,
        "ebitdaratio": 0.1778284412,
        "operatingIncome": 36200000,
        "operatingIncomeRatio": 0.1031632944,
        "totalOtherIncomeExpensesNet": -1400000,
        "incomeBeforeTax": 34800000,
        "incomeBeforeTaxRatio": 0.0991735537,
        "incomeTaxExpense": 13000000,
        "netIncome": 21800000,
        "netIncomeRatio": 0.0621259618,
        "eps": 0.28,
        "epsdiluted": 0.28,
        "weightedAverageShsOut": 78400000,
        "weightedAverageShsOutDil": 78800000,
        "link": "https://www.sec.gov/Archives/edgar/data/74303/000007430310000007/0000074303-10-000007-index.htm",
        "finalLink": "https://www.sec.gov/Archives/edgar/data/74303/000007430310000007/final10k2009.htm"
    },
    {
        "date": "2009-09-30",
        "symbol": "OLN",
        "reportedCurrency": "USD",
        "cik": "0000074303",
        "fillingDate": "2009-10-28",
        "acceptedDate": "2009-10-27 17:37:59",
        "calendarYear": "2009",
        "period": "Q3",
        "revenue": 397000000,
        "costOfRevenue": 316400000,
        "grossProfit": 80600000,
        "grossProfitRatio": 0.20302267,
        "researchAndDevelopmentExpenses": 0,
        "generalAndAdministrativeExpenses": 0,
        "sellingAndMarketingExpenses": 0,
        "sellingGeneralAndAdministrativeExpenses": 31200000,
        "otherExpenses": 0,
        "operatingExpenses": 31200000,
        "costAndExpenses": 347600000,
        "interestIncome": 100000,
        "interestExpense": 1900000,
        "depreciationAndAmortization": 17100000,
        "ebitda": 74900000,
        "ebitdaratio": 0.1886649874,
        "operatingIncome": 50600000,
        "operatingIncomeRatio": 0.1274559194,
        "totalOtherIncomeExpensesNet": 5300000,
        "incomeBeforeTax": 55900000,
        "incomeBeforeTaxRatio": 0.1408060453,
        "incomeTaxExpense": 16500000,
        "netIncome": 39400000,
        "netIncomeRatio": 0.0992443325,
        "eps": 0.5,
        "epsdiluted": 0.5,
        "weightedAverageShsOut": 78400000,
        "weightedAverageShsOutDil": 78600000,
        "link": "https://www.sec.gov/Archives/edgar/data/74303/000007430309000062/0000074303-09-000062-index.htm",
        "finalLink": "https://www.sec.gov/Archives/edgar/data/74303/000007430309000062/final10q3q2009.htm"
    },
    {
        "date": "2009-06-30",
        "symbol": "OLN",
        "reportedCurrency": "USD",
        "cik": "0000074303",
        "fillingDate": "2009-07-28",
        "acceptedDate": "2009-07-28 17:14:02",
        "calendarYear": "2009",
        "period": "Q2",
        "revenue": 383000000,
        "costOfRevenue": 312000000,
        "grossProfit": 71000000,
        "grossProfitRatio": 0.1853785901,
        "researchAndDevelopmentExpenses": 0,
        "generalAndAdministrativeExpenses": 0,
        "sellingAndMarketingExpenses": 0,
        "sellingGeneralAndAdministrativeExpenses": 36100000,
        "otherExpenses": 0,
        "operatingExpenses": 36100000,
        "costAndExpenses": 348100000,
        "interestIncome": 300000,
        "interestExpense": 1700000,
        "depreciationAndAmortization": 16800000,
        "ebitda": 63300000,
        "ebitdaratio": 0.1652741514,
        "operatingIncome": 35100000,
        "operatingIncomeRatio": 0.0916449086,
        "totalOtherIncomeExpensesNet": 9700000,
        "incomeBeforeTax": 44800000,
        "incomeBeforeTaxRatio": 0.1169712794,
        "incomeTaxExpense": 17000000,
        "netIncome": 27800000,
        "netIncomeRatio": 0.0725848564,
        "eps": 0.36,
        "epsdiluted": 0.36,
        "weightedAverageShsOut": 78100000,
        "weightedAverageShsOutDil": 78100000,
        "link": "https://www.sec.gov/Archives/edgar/data/74303/000007430309000048/0000074303-09-000048-index.htm",
        "finalLink": "https://www.sec.gov/Archives/edgar/data/74303/000007430309000048/final10qq22009.htm"
    },
    {
        "date": "2009-03-31",
        "symbol": "OLN",
        "reportedCurrency": "USD",
        "cik": "0000074303",
        "fillingDate": "2009-04-29",
        "acceptedDate": "2009-04-28 17:37:04",
        "calendarYear": "2009",
        "period": "Q1",
        "revenue": 400600000,
        "costOfRevenue": 306200000,
        "grossProfit": 94400000,
        "grossProfitRatio": 0.2356465302,
        "researchAndDevelopmentExpenses": 0,
        "generalAndAdministrativeExpenses": 0,
        "sellingAndMarketingExpenses": 0,
        "sellingGeneralAndAdministrativeExpenses": 39200000,
        "otherExpenses": 0,
        "operatingExpenses": 39200000,
        "costAndExpenses": 345400000,
        "interestIncome": 500000,
        "interestExpense": 1600000,
        "depreciationAndAmortization": 16600000,
        "ebitda": 92600000,
        "ebitdaratio": 0.2311532701,
        "operatingIncome": 60700000,
        "operatingIncomeRatio": 0.1515227159,
        "totalOtherIncomeExpensesNet": 13700000,
        "incomeBeforeTax": 74400000,
        "incomeBeforeTaxRatio": 0.1857214179,
        "incomeTaxExpense": 27700000,
        "netIncome": 46700000,
        "netIncomeRatio": 0.1165751373,
        "eps": 0.6,
        "epsdiluted": 0.6,
        "weightedAverageShsOut": 77500000,
        "weightedAverageShsOutDil": 77600000,
        "link": "https://www.sec.gov/Archives/edgar/data/74303/000007430309000027/0000074303-09-000027-index.htm",
        "finalLink": "https://www.sec.gov/Archives/edgar/data/74303/000007430309000027/final10qq12009.htm"
    },
    {
        "date": "2008-12-31",
        "symbol": "OLN",
        "reportedCurrency": "USD",
        "cik": "0000074303",
        "fillingDate": "2009-02-25",
        "acceptedDate": "2009-02-24 17:52:13",
        "calendarYear": "2008",
        "period": "Q4",
        "revenue": 434200000,
        "costOfRevenue": 335200000,
        "grossProfit": 99000000,
        "grossProfitRatio": 0.2280055274,
        "researchAndDevelopmentExpenses": 0,
        "generalAndAdministrativeExpenses": 11663995000000,
        "sellingAndMarketingExpenses": 0,
        "sellingGeneralAndAdministrativeExpenses": 11663890500000,
        "otherExpenses": 1500000,
        "operatingExpenses": 34300000,
        "costAndExpenses": 369500000,
        "interestIncome": 0,
        "interestExpense": 0,
        "depreciationAndAmortization": 17400000,
        "ebitda": 102900000,
        "ebitdaratio": 0.2369875633,
        "operatingIncome": 67100000,
        "operatingIncomeRatio": 0.1545370797,
        "totalOtherIncomeExpensesNet": 6400000,
        "incomeBeforeTax": 73500000,
        "incomeBeforeTaxRatio": 0.169276831,
        "incomeTaxExpense": 26300000,
        "netIncome": 47200000,
        "netIncomeRatio": 0.1087056656,
        "eps": 0.61,
        "epsdiluted": 0.61,
        "weightedAverageShsOut": 77000000,
        "weightedAverageShsOutDil": 77500000,
        "link": "https://www.sec.gov/Archives/edgar/data/74303/000007430309000008/0000074303-09-000008-index.htm",
        "finalLink": "https://www.sec.gov/Archives/edgar/data/74303/000007430309000008/final10k2008.htm"
    },
    {
        "date": "2008-09-30",
        "symbol": "OLN",
        "reportedCurrency": "USD",
        "cik": "0000074303",
        "fillingDate": "2008-10-27",
        "acceptedDate": "2008-10-27 17:29:47",
        "calendarYear": "2008",
        "period": "Q3",
        "revenue": 502900000,
        "costOfRevenue": 380700000,
        "grossProfit": 122200000,
        "grossProfitRatio": 0.2429906542,
        "researchAndDevelopmentExpenses": 0,
        "generalAndAdministrativeExpenses": 0,
        "sellingAndMarketingExpenses": 0,
        "sellingGeneralAndAdministrativeExpenses": 35600000,
        "otherExpenses": -400000,
        "operatingExpenses": 35200000,
        "costAndExpenses": 415900000,
        "interestIncome": 1000000,
        "interestExpense": 3300000,
        "depreciationAndAmortization": 17300000,
        "ebitda": 90900000,
        "ebitdaratio": 0.1807516405,
        "operatingIncome": 87000000,
        "operatingIncomeRatio": 0.1729966196,
        "totalOtherIncomeExpensesNet": -16700000,
        "incomeBeforeTax": 70300000,
        "incomeBeforeTaxRatio": 0.1397892225,
        "incomeTaxExpense": 32600000,
        "netIncome": 37700000,
        "netIncomeRatio": 0.0749652018,
        "eps": 0.49,
        "epsdiluted": 0.49,
        "weightedAverageShsOut": 76300000,
        "weightedAverageShsOutDil": 76700000,
        "link": "https://www.sec.gov/Archives/edgar/data/74303/000007430308000073/0000074303-08-000073-index.htm",
        "finalLink": "https://www.sec.gov/Archives/edgar/data/74303/000007430308000073/final10qq32008.htm"
    },
    {
        "date": "2008-06-30",
        "symbol": "OLN",
        "reportedCurrency": "USD",
        "cik": "0000074303",
        "fillingDate": "2008-07-28",
        "acceptedDate": "2008-07-28 16:56:22",
        "calendarYear": "2008",
        "period": "Q2",
        "revenue": 428300000,
        "costOfRevenue": 347300000,
        "grossProfit": 81000000,
        "grossProfitRatio": 0.1891197759,
        "researchAndDevelopmentExpenses": 0,
        "generalAndAdministrativeExpenses": 0,
        "sellingAndMarketingExpenses": 0,
        "sellingGeneralAndAdministrativeExpenses": 35600000,
        "otherExpenses": -500000,
        "operatingExpenses": 35100000,
        "costAndExpenses": 382400000,
        "interestIncome": 1400000,
        "interestExpense": 3700000,
        "depreciationAndAmortization": 17600000,
        "ebitda": 63500000,
        "ebitdaratio": 0.148260565,
        "operatingIncome": 45900000,
        "operatingIncomeRatio": 0.107167873,
        "totalOtherIncomeExpensesNet": 8900000,
        "incomeBeforeTax": 54800000,
        "incomeBeforeTaxRatio": 0.1279477002,
        "incomeTaxExpense": 19300000,
        "netIncome": 35500000,
        "netIncomeRatio": 0.0828858277,
        "eps": 0.47,
        "epsdiluted": 0.47,
        "weightedAverageShsOut": 75000000,
        "weightedAverageShsOutDil": 75400000,
        "link": "https://www.sec.gov/Archives/edgar/data/74303/000007430308000050/0000074303-08-000050-index.htm",
        "finalLink": "https://www.sec.gov/Archives/edgar/data/74303/000007430308000050/bodyform10q2ndqtr2008.htm"
    },
    {
        "date": "2008-03-31",
        "symbol": "OLN",
        "reportedCurrency": "USD",
        "cik": "0000074303",
        "fillingDate": "2008-04-29",
        "acceptedDate": "2008-04-29 17:04:30",
        "calendarYear": "2008",
        "period": "Q1",
        "revenue": 399100000,
        "costOfRevenue": 314000000,
        "grossProfit": 85100000,
        "grossProfitRatio": 0.213229767,
        "researchAndDevelopmentExpenses": 0,
        "generalAndAdministrativeExpenses": 0,
        "sellingAndMarketingExpenses": 0,
        "sellingGeneralAndAdministrativeExpenses": 33300000,
        "otherExpenses": -600000,
        "operatingExpenses": 32700000,
        "costAndExpenses": 346700000,
        "interestIncome": 2800000,
        "interestExpense": 4500000,
        "depreciationAndAmortization": 17300000,
        "ebitda": 69700000,
        "ebitdaratio": 0.1746429466,
        "operatingIncome": 52400000,
        "operatingIncomeRatio": 0.1312954147,
        "totalOtherIncomeExpensesNet": 6500000,
        "incomeBeforeTax": 58900000,
        "incomeBeforeTaxRatio": 0.1475820596,
        "incomeTaxExpense": 21600000,
        "netIncome": 37300000,
        "netIncomeRatio": 0.0934602856,
        "eps": 0.5,
        "epsdiluted": 0.5,
        "weightedAverageShsOut": 74600000,
        "weightedAverageShsOutDil": 75000000,
        "link": "https://www.sec.gov/Archives/edgar/data/74303/000007430308000034/0000074303-08-000034-index.htm",
        "finalLink": "https://www.sec.gov/Archives/edgar/data/74303/000007430308000034/bodyform10q1stqtr2008.htm"
    },
    {
        "date": "2007-12-31",
        "symbol": "OLN",
        "reportedCurrency": "USD",
        "cik": "0000074303",
        "fillingDate": "2008-02-28",
        "acceptedDate": "2008-02-27 18:10:28",
        "calendarYear": "2007",
        "period": "Q4",
        "revenue": 404800000,
        "costOfRevenue": 335900000,
        "grossProfit": 68900000,
        "grossProfitRatio": 0.1702075099,
        "researchAndDevelopmentExpenses": 0,
        "generalAndAdministrativeExpenses": 0,
        "sellingAndMarketingExpenses": 0,
        "sellingGeneralAndAdministrativeExpenses": 33700000,
        "otherExpenses": -1400000,
        "operatingExpenses": 32300000,
        "costAndExpenses": 368200000,
        "interestIncome": 0,
        "interestExpense": 0,
        "depreciationAndAmortization": 16800000,
        "ebitda": 53400000,
        "ebitdaratio": 0.131916996,
        "operatingIncome": 36600000,
        "operatingIncomeRatio": 0.0904150198,
        "totalOtherIncomeExpensesNet": 8800000,
        "incomeBeforeTax": 45400000,
        "incomeBeforeTaxRatio": 0.1121541502,
        "incomeTaxExpense": 15800000,
        "netIncome": 15300000,
        "netIncomeRatio": 0.0377964427,
        "eps": 0.21,
        "epsdiluted": 0.21,
        "weightedAverageShsOut": 74600000,
        "weightedAverageShsOutDil": 74600000,
        "link": "https://www.sec.gov/Archives/edgar/data/74303/000007430308000017/0000074303-08-000017-index.htm",
        "finalLink": "https://www.sec.gov/Archives/edgar/data/74303/000007430308000017/form10k2007.htm"
    },
    {
        "date": "2007-09-30",
        "symbol": "OLN",
        "reportedCurrency": "USD",
        "cik": "0000074303",
        "fillingDate": "2007-10-31",
        "acceptedDate": "2007-10-30 20:30:46",
        "calendarYear": "2007",
        "period": "Q3",
        "revenue": 350300000,
        "costOfRevenue": 282500000,
        "grossProfit": 67800000,
        "grossProfitRatio": 0.1935483871,
        "researchAndDevelopmentExpenses": 0,
        "generalAndAdministrativeExpenses": 0,
        "sellingAndMarketingExpenses": 0,
        "sellingGeneralAndAdministrativeExpenses": 30300000,
        "otherExpenses": -300000,
        "operatingExpenses": 30000000,
        "costAndExpenses": 312500000,
        "interestIncome": 2700000,
        "interestExpense": 6000000,
        "depreciationAndAmortization": 12100000,
        "ebitda": 49900000,
        "ebitdaratio": 0.1424493291,
        "operatingIncome": 37800000,
        "operatingIncomeRatio": 0.1079075079,
        "totalOtherIncomeExpensesNet": 10800000,
        "incomeBeforeTax": 48600000,
        "incomeBeforeTaxRatio": 0.1387382244,
        "incomeTaxExpense": 15900000,
        "netIncome": -83200000,
        "netIncomeRatio": -0.2375107051,
        "eps": -1.12,
        "epsdiluted": -1.12,
        "weightedAverageShsOut": 74100000,
        "weightedAverageShsOutDil": 74600000,
        "link": "https://www.sec.gov/Archives/edgar/data/74303/000007430307000031/0000074303-07-000031-index.htm",
        "finalLink": "https://www.sec.gov/Archives/edgar/data/74303/000007430307000031/bodyform10q3rdqrt2007.htm"
    },
    {
        "date": "2007-06-30",
        "symbol": "OLN",
        "reportedCurrency": "USD",
        "cik": "0000074303",
        "fillingDate": "2007-08-01",
        "acceptedDate": "2007-07-31 18:06:48",
        "calendarYear": "2007",
        "period": "Q2",
        "revenue": 839100000,
        "costOfRevenue": 760100000,
        "grossProfit": 79000000,
        "grossProfitRatio": 0.0941484924,
        "researchAndDevelopmentExpenses": 1200000,
        "generalAndAdministrativeExpenses": 0,
        "sellingAndMarketingExpenses": 0,
        "sellingGeneralAndAdministrativeExpenses": 32800000,
        "otherExpenses": -8000000,
        "operatingExpenses": 37400000,
        "costAndExpenses": 797500000,
        "interestIncome": 3200000,
        "interestExpense": 4900000,
        "depreciationAndAmortization": 9500000,
        "ebitda": 31200000,
        "ebitdaratio": 0.0371826957,
        "operatingIncome": 21700000,
        "operatingIncomeRatio": 0.0258610416,
        "totalOtherIncomeExpensesNet": 10500000,
        "incomeBeforeTax": 32200000,
        "incomeBeforeTaxRatio": 0.0383744488,
        "incomeTaxExpense": 18400000,
        "netIncome": 35600000,
        "netIncomeRatio": 0.0424264092,
        "eps": 0.48,
        "epsdiluted": 0.48,
        "weightedAverageShsOut": 73800000,
        "weightedAverageShsOutDil": 74200000,
        "link": "https://www.sec.gov/Archives/edgar/data/74303/000007430307000010/0000074303-07-000010-index.htm",
        "finalLink": "https://www.sec.gov/Archives/edgar/data/74303/000007430307000010/form10q2ndqtr.htm"
    },
    {
        "date": "2007-03-31",
        "symbol": "OLN",
        "reportedCurrency": "USD",
        "cik": "0000074303",
        "fillingDate": "2007-05-01",
        "acceptedDate": "2007-05-01 15:11:09",
        "calendarYear": "2007",
        "period": "Q1",
        "revenue": 765700000,
        "costOfRevenue": 695600000,
        "grossProfit": 70100000,
        "grossProfitRatio": 0.0915502155,
        "researchAndDevelopmentExpenses": 1100000,
        "generalAndAdministrativeExpenses": 0,
        "sellingAndMarketingExpenses": 0,
        "sellingGeneralAndAdministrativeExpenses": 30400000,
        "otherExpenses": 0,
        "operatingExpenses": 42300000,
        "costAndExpenses": 737900000,
        "interestIncome": 3500000,
        "interestExpense": 5000000,
        "depreciationAndAmortization": 9600000,
        "ebitda": 27500000,
        "ebitdaratio": 0.0359148492,
        "operatingIncome": 27800000,
        "operatingIncomeRatio": 0.0363066475,
        "totalOtherIncomeExpensesNet": 6700000,
        "incomeBeforeTax": 24500000,
        "incomeBeforeTaxRatio": 0.0319968656,
        "incomeTaxExpense": 11400000,
        "netIncome": 23100000,
        "netIncomeRatio": 0.0301684733,
        "eps": 0.31,
        "epsdiluted": 0.31,
        "weightedAverageShsOut": 73500000,
        "weightedAverageShsOutDil": 73800000,
        "link": "https://www.sec.gov/Archives/edgar/data/74303/000119312507097596/0001193125-07-097596-index.htm",
        "finalLink": "https://www.sec.gov/Archives/edgar/data/74303/000119312507097596/d10q.htm"
    },
    {
        "date": "2006-12-31",
        "symbol": "OLN",
        "reportedCurrency": "USD",
        "cik": "0000074303",
        "fillingDate": "2007-02-27",
        "acceptedDate": "2007-02-27 16:17:43",
        "calendarYear": "2006",
        "period": "Q4",
        "revenue": 748400000,
        "costOfRevenue": 667200000,
        "grossProfit": 81200000,
        "grossProfitRatio": 0.1084981293,
        "researchAndDevelopmentExpenses": 1200000,
        "generalAndAdministrativeExpenses": 0,
        "sellingAndMarketingExpenses": 0,
        "sellingGeneralAndAdministrativeExpenses": 42200000,
        "otherExpenses": -6000000,
        "operatingExpenses": 37400000,
        "costAndExpenses": 704600000,
        "interestIncome": 0,
        "interestExpense": 0,
        "depreciationAndAmortization": 18200000,
        "ebitda": 62000000,
        "ebitdaratio": 0.0828433993,
        "operatingIncome": 41900000,
        "operatingIncomeRatio": 0.0559861037,
        "totalOtherIncomeExpensesNet": 6500000,
        "incomeBeforeTax": 48400000,
        "incomeBeforeTaxRatio": 0.0646712988,
        "incomeTaxExpense": 21600000,
        "netIncome": 26800000,
        "netIncomeRatio": 0.0358097274,
        "eps": 0.36,
        "epsdiluted": 0.36,
        "weightedAverageShsOut": 73200000,
        "weightedAverageShsOutDil": 73500000,
        "link": "https://www.sec.gov/Archives/edgar/data/74303/000119312507041049/0001193125-07-041049-index.htm",
        "finalLink": "https://www.sec.gov/Archives/edgar/data/74303/000119312507041049/d10k.htm"
    },
    {
        "date": "2006-09-30",
        "symbol": "OLN",
        "reportedCurrency": "USD",
        "cik": "0000074303",
        "fillingDate": "2006-11-01",
        "acceptedDate": "2006-11-01 15:50:14",
        "calendarYear": "2006",
        "period": "Q3",
        "revenue": 851900000,
        "costOfRevenue": 769800000,
        "grossProfit": 82100000,
        "grossProfitRatio": 0.0963728137,
        "researchAndDevelopmentExpenses": 1000000,
        "generalAndAdministrativeExpenses": 0,
        "sellingAndMarketingExpenses": 0,
        "sellingGeneralAndAdministrativeExpenses": 31400000,
        "otherExpenses": 0,
        "operatingExpenses": 45800000,
        "costAndExpenses": 815600000,
        "interestIncome": 2600000,
        "interestExpense": 5100000,
        "depreciationAndAmortization": -6900000,
        "ebitda": 36300000,
        "ebitdaratio": 0.0426106351,
        "operatingIncome": 29300000,
        "operatingIncomeRatio": 0.0343937082,
        "totalOtherIncomeExpensesNet": 10500000,
        "incomeBeforeTax": 39300000,
        "incomeBeforeTaxRatio": 0.0461321751,
        "incomeTaxExpense": -11400000,
        "netIncome": 56200000,
        "netIncomeRatio": 0.0659701843,
        "eps": 0.77,
        "epsdiluted": 0.77,
        "weightedAverageShsOut": 72700000,
        "weightedAverageShsOutDil": 72800000,
        "link": "https://www.sec.gov/Archives/edgar/data/74303/000119312506220563/0001193125-06-220563-index.htm",
        "finalLink": "https://www.sec.gov/Archives/edgar/data/74303/000119312506220563/d10q.htm"
    },
    {
        "date": "2006-06-30",
        "symbol": "OLN",
        "reportedCurrency": "USD",
        "cik": "0000074303",
        "fillingDate": "2006-08-02",
        "acceptedDate": "2006-08-02 16:01:56",
        "calendarYear": "2006",
        "period": "Q2",
        "revenue": 826400000,
        "costOfRevenue": 741200000,
        "grossProfit": 85200000,
        "grossProfitRatio": 0.1030977735,
        "researchAndDevelopmentExpenses": 1100000,
        "generalAndAdministrativeExpenses": 0,
        "sellingAndMarketingExpenses": 0,
        "sellingGeneralAndAdministrativeExpenses": 44100000,
        "otherExpenses": -700000,
        "operatingExpenses": 44500000,
        "costAndExpenses": 785700000,
        "interestIncome": 2900000,
        "interestExpense": 5100000,
        "depreciationAndAmortization": 18100000,
        "ebitda": 58800000,
        "ebitdaratio": 0.0711519845,
        "operatingIncome": 40700000,
        "operatingIncomeRatio": 0.049249758,
        "totalOtherIncomeExpensesNet": 11100000,
        "incomeBeforeTax": 51800000,
        "incomeBeforeTaxRatio": 0.0626815102,
        "incomeTaxExpense": 18800000,
        "netIncome": 33000000,
        "netIncomeRatio": 0.0399322362,
        "eps": 0.46,
        "epsdiluted": 0.45,
        "weightedAverageShsOut": 72400000,
        "weightedAverageShsOutDil": 72600000,
        "link": "https://www.sec.gov/Archives/edgar/data/74303/000119312506159293/0001193125-06-159293-index.htm",
        "finalLink": "https://www.sec.gov/Archives/edgar/data/74303/000119312506159293/d10q.htm"
    },
    {
        "date": "2006-03-31",
        "symbol": "OLN",
        "reportedCurrency": "USD",
        "cik": "0000074303",
        "fillingDate": "2006-05-04",
        "acceptedDate": "2006-05-03 20:06:36",
        "calendarYear": "2006",
        "period": "Q1",
        "revenue": 725100000,
        "costOfRevenue": 618900000,
        "grossProfit": 106200000,
        "grossProfitRatio": 0.1464625569,
        "researchAndDevelopmentExpenses": 1200000,
        "generalAndAdministrativeExpenses": 0,
        "sellingAndMarketingExpenses": 0,
        "sellingGeneralAndAdministrativeExpenses": 45800000,
        "otherExpenses": 0,
        "operatingExpenses": 47000000,
        "costAndExpenses": 665900000,
        "interestIncome": 3000000,
        "interestExpense": 5100000,
        "depreciationAndAmortization": 17400000,
        "ebitda": 76600000,
        "ebitdaratio": 0.1056406013,
        "operatingIncome": 43500000,
        "operatingIncomeRatio": 0.0599917253,
        "totalOtherIncomeExpensesNet": 10900000,
        "incomeBeforeTax": 54400000,
        "incomeBeforeTaxRatio": 0.0750241346,
        "incomeTaxExpense": 20700000,
        "netIncome": 33700000,
        "netIncomeRatio": 0.0464763481,
        "eps": 0.47,
        "epsdiluted": 0.47,
        "weightedAverageShsOut": 72000000,
        "weightedAverageShsOutDil": 72400000,
        "link": "https://www.sec.gov/Archives/edgar/data/74303/000119312506098838/0001193125-06-098838-index.htm",
        "finalLink": "https://www.sec.gov/Archives/edgar/data/74303/000119312506098838/d10q.htm"
    },
    {
        "date": "2005-12-31",
        "symbol": "OLN",
        "reportedCurrency": "USD",
        "cik": "0000074303",
        "fillingDate": "2006-03-03",
        "acceptedDate": "2006-03-02 19:37:53",
        "calendarYear": "2005",
        "period": "Q4",
        "revenue": 604100000,
        "costOfRevenue": 514000000,
        "grossProfit": 90100000,
        "grossProfitRatio": 0.1491474921,
        "researchAndDevelopmentExpenses": 1100000,
        "generalAndAdministrativeExpenses": 0,
        "sellingAndMarketingExpenses": 0,
        "sellingGeneralAndAdministrativeExpenses": 47900000,
        "otherExpenses": 0,
        "operatingExpenses": 49000000,
        "costAndExpenses": 563000000,
        "interestIncome": 0,
        "interestExpense": 0,
        "depreciationAndAmortization": 18800000,
        "ebitda": 59900000,
        "ebitdaratio": 0.0991557689,
        "operatingIncome": 41100000,
        "operatingIncomeRatio": 0.0680350935,
        "totalOtherIncomeExpensesNet": 21000000,
        "incomeBeforeTax": 62100000,
        "incomeBeforeTaxRatio": 0.1027975501,
        "incomeTaxExpense": 23100000,
        "netIncome": 32600000,
        "netIncomeRatio": 0.0539645754,
        "eps": 0.45,
        "epsdiluted": 0.45,
        "weightedAverageShsOut": 71600000,
        "weightedAverageShsOutDil": 72000000,
        "link": "https://www.sec.gov/Archives/edgar/data/74303/000119312506044128/0001193125-06-044128-index.htm",
        "finalLink": "https://www.sec.gov/Archives/edgar/data/74303/000119312506044128/d10k.htm"
    },
    {
        "date": "2005-09-30",
        "symbol": "OLN",
        "reportedCurrency": "USD",
        "cik": "0000074303",
        "fillingDate": "2005-11-02",
        "acceptedDate": "2005-11-02 16:39:08",
        "calendarYear": "2005",
        "period": "Q3",
        "revenue": 599000000,
        "costOfRevenue": 505400000,
        "grossProfit": 93600000,
        "grossProfitRatio": 0.1562604341,
        "researchAndDevelopmentExpenses": 1000000,
        "generalAndAdministrativeExpenses": 0,
        "sellingAndMarketingExpenses": 0,
        "sellingGeneralAndAdministrativeExpenses": 48300000,
        "otherExpenses": -900000,
        "operatingExpenses": 48400000,
        "costAndExpenses": 553800000,
        "interestIncome": 1600000,
        "interestExpense": 4300000,
        "depreciationAndAmortization": 18200000,
        "ebitda": 63400000,
        "ebitdaratio": 0.1058430718,
        "operatingIncome": 45200000,
        "operatingIncomeRatio": 0.0754590985,
        "totalOtherIncomeExpensesNet": 6000000,
        "incomeBeforeTax": 51200000,
        "incomeBeforeTaxRatio": 0.085475793,
        "incomeTaxExpense": 19800000,
        "netIncome": 31400000,
        "netIncomeRatio": 0.0524207012,
        "eps": 0.44,
        "epsdiluted": 0.44,
        "weightedAverageShsOut": 71600000,
        "weightedAverageShsOutDil": 71700000,
        "link": "https://www.sec.gov/Archives/edgar/data/74303/000119312505214398/0001193125-05-214398-index.htm",
        "finalLink": "https://www.sec.gov/Archives/edgar/data/74303/000119312505214398/d10q.htm"
    },
    {
        "date": "2005-06-30",
        "symbol": "OLN",
        "reportedCurrency": "USD",
        "cik": "0000074303",
        "fillingDate": "2005-08-03",
        "acceptedDate": "2005-08-03 13:10:00",
        "calendarYear": "2005",
        "period": "Q2",
        "revenue": 593700000,
        "costOfRevenue": 505500000,
        "grossProfit": 88200000,
        "grossProfitRatio": 0.1485598787,
        "researchAndDevelopmentExpenses": 900000,
        "generalAndAdministrativeExpenses": 0,
        "sellingAndMarketingExpenses": 0,
        "sellingGeneralAndAdministrativeExpenses": 41300000,
        "otherExpenses": 0,
        "operatingExpenses": 42200000,
        "costAndExpenses": 547700000,
        "interestIncome": 1200000,
        "interestExpense": 5100000,
        "depreciationAndAmortization": 18000000,
        "ebitda": 64000000,
        "ebitdaratio": 0.1077985515,
        "operatingIncome": 46000000,
        "operatingIncomeRatio": 0.0774802089,
        "totalOtherIncomeExpensesNet": 6900000,
        "incomeBeforeTax": 52900000,
        "incomeBeforeTaxRatio": 0.0891022402,
        "incomeTaxExpense": 20800000,
        "netIncome": 32100000,
        "netIncomeRatio": 0.054067711,
        "eps": 0.45,
        "epsdiluted": 0.45,
        "weightedAverageShsOut": 71200000,
        "weightedAverageShsOutDil": 71400000,
        "link": "https://www.sec.gov/Archives/edgar/data/74303/000119312505156017/0001193125-05-156017-index.htm",
        "finalLink": "https://www.sec.gov/Archives/edgar/data/74303/000119312505156017/d10q.htm"
    },
    {
        "date": "2005-03-31",
        "symbol": "OLN",
        "reportedCurrency": "USD",
        "cik": "0000074303",
        "fillingDate": "2005-05-06",
        "acceptedDate": "2005-05-06 14:28:35",
        "calendarYear": "2005",
        "period": "Q1",
        "revenue": 560900000,
        "costOfRevenue": 473900000,
        "grossProfit": 87000000,
        "grossProfitRatio": 0.1551078624,
        "researchAndDevelopmentExpenses": 1200000,
        "generalAndAdministrativeExpenses": 0,
        "sellingAndMarketingExpenses": 0,
        "sellingGeneralAndAdministrativeExpenses": 38800000,
        "otherExpenses": -8200000,
        "operatingExpenses": 31800000,
        "costAndExpenses": 505700000,
        "interestIncome": 1200000,
        "interestExpense": 5400000,
        "depreciationAndAmortization": 17500000,
        "ebitda": 72700000,
        "ebitdaratio": 0.1296131218,
        "operatingIncome": 54900000,
        "operatingIncomeRatio": 0.0978784097,
        "totalOtherIncomeExpensesNet": 4500000,
        "incomeBeforeTax": 59400000,
        "incomeBeforeTaxRatio": 0.1059012302,
        "incomeTaxExpense": 22200000,
        "netIncome": 37200000,
        "netIncomeRatio": 0.0663219825,
        "eps": 0.52,
        "epsdiluted": 0.52,
        "weightedAverageShsOut": 70800000,
        "weightedAverageShsOutDil": 71400000,
        "link": "https://www.sec.gov/Archives/edgar/data/74303/000119312505099044/0001193125-05-099044-index.htm",
        "finalLink": "https://www.sec.gov/Archives/edgar/data/74303/000119312505099044/d10q.htm"
    },
    {
        "date": "2004-12-31",
        "symbol": "OLN",
        "reportedCurrency": "USD",
        "cik": "0000074303",
        "fillingDate": "2005-03-09",
        "acceptedDate": "2005-03-09 17:28:15",
        "calendarYear": "2004",
        "period": "Q4",
        "revenue": 475200000,
        "costOfRevenue": 400300000,
        "grossProfit": 74900000,
        "grossProfitRatio": 0.1576178451,
        "researchAndDevelopmentExpenses": 1200000,
        "generalAndAdministrativeExpenses": 0,
        "sellingAndMarketingExpenses": 0,
        "sellingGeneralAndAdministrativeExpenses": 37900000,
        "otherExpenses": 4800000,
        "operatingExpenses": 43900000,
        "costAndExpenses": 444200000,
        "interestIncome": 0,
        "interestExpense": 0,
        "depreciationAndAmortization": 17300000,
        "ebitda": 48300000,
        "ebitdaratio": 0.1016414141,
        "operatingIncome": 30400000,
        "operatingIncomeRatio": 0.063973064,
        "totalOtherIncomeExpensesNet": 300000,
        "incomeBeforeTax": 30700000,
        "incomeBeforeTaxRatio": 0.0646043771,
        "incomeTaxExpense": 11700000,
        "netIncome": 23000000,
        "netIncomeRatio": 0.0484006734,
        "eps": 0.32,
        "epsdiluted": 0.32,
        "weightedAverageShsOut": 70300000,
        "weightedAverageShsOutDil": 70800000,
        "link": "https://www.sec.gov/Archives/edgar/data/74303/000119312505045641/0001193125-05-045641-index.htm",
        "finalLink": "https://www.sec.gov/Archives/edgar/data/74303/000119312505045641/d10k.htm"
    },
    {
        "date": "2004-09-30",
        "symbol": "OLN",
        "reportedCurrency": "USD",
        "cik": "0000074303",
        "fillingDate": "2004-11-04",
        "acceptedDate": "2004-11-04 13:56:58",
        "calendarYear": "2004",
        "period": "Q3",
        "revenue": 520100000,
        "costOfRevenue": 457400000,
        "grossProfit": 62700000,
        "grossProfitRatio": 0.1205537397,
        "researchAndDevelopmentExpenses": 900000,
        "generalAndAdministrativeExpenses": 0,
        "sellingAndMarketingExpenses": 0,
        "sellingGeneralAndAdministrativeExpenses": 35600000,
        "otherExpenses": -3300000,
        "operatingExpenses": 33200000,
        "costAndExpenses": 490600000,
        "interestIncome": 400000,
        "interestExpense": 4900000,
        "depreciationAndAmortization": 19000000,
        "ebitda": 48500000,
        "ebitdaratio": 0.0932512978,
        "operatingIncome": 29000000,
        "operatingIncomeRatio": 0.055758508,
        "totalOtherIncomeExpensesNet": -3500000,
        "incomeBeforeTax": 25500000,
        "incomeBeforeTaxRatio": 0.0490290329,
        "incomeTaxExpense": 6800000,
        "netIncome": 18700000,
        "netIncomeRatio": 0.0359546241,
        "eps": 0.27,
        "epsdiluted": 0.27,
        "weightedAverageShsOut": 69900000,
        "weightedAverageShsOutDil": 70100000,
        "link": "https://www.sec.gov/Archives/edgar/data/74303/000119312504186093/0001193125-04-186093-index.htm",
        "finalLink": "https://www.sec.gov/Archives/edgar/data/74303/000119312504186093/d10q.htm"
    },
    {
        "date": "2004-06-30",
        "symbol": "OLN",
        "reportedCurrency": "USD",
        "cik": "0000074303",
        "fillingDate": "2004-08-06",
        "acceptedDate": "2004-08-06 13:03:22",
        "calendarYear": "2004",
        "period": "Q2",
        "revenue": 512700000,
        "costOfRevenue": 470000000,
        "grossProfit": 42700000,
        "grossProfitRatio": 0.0832845719,
        "researchAndDevelopmentExpenses": 900000,
        "generalAndAdministrativeExpenses": 0,
        "sellingAndMarketingExpenses": 0,
        "sellingGeneralAndAdministrativeExpenses": 33700000,
        "otherExpenses": 0,
        "operatingExpenses": 34300000,
        "costAndExpenses": 504300000,
        "interestIncome": 400000,
        "interestExpense": 5000000,
        "depreciationAndAmortization": 18400000,
        "ebitda": 30800000,
        "ebitdaratio": 0.0600741174,
        "operatingIncome": 8400000,
        "operatingIncomeRatio": 0.0163838502,
        "totalOtherIncomeExpensesNet": 9200000,
        "incomeBeforeTax": 11400000,
        "incomeBeforeTaxRatio": 0.0222352253,
        "incomeTaxExpense": 7200000,
        "netIncome": 10400000,
        "netIncomeRatio": 0.0202847669,
        "eps": 0.15,
        "epsdiluted": 0.15,
        "weightedAverageShsOut": 69500000,
        "weightedAverageShsOutDil": 69700000,
        "link": "https://www.sec.gov/Archives/edgar/data/74303/000119312504134032/0001193125-04-134032-index.htm",
        "finalLink": "https://www.sec.gov/Archives/edgar/data/74303/000119312504134032/d10q.htm"
    },
    {
        "date": "2004-03-31",
        "symbol": "OLN",
        "reportedCurrency": "USD",
        "cik": "0000074303",
        "fillingDate": "2004-05-06",
        "acceptedDate": "2004-05-06 16:26:35",
        "calendarYear": "2004",
        "period": "Q1",
        "revenue": 489000000,
        "costOfRevenue": 437300000,
        "grossProfit": 51700000,
        "grossProfitRatio": 0.1057259714,
        "researchAndDevelopmentExpenses": 1000000,
        "generalAndAdministrativeExpenses": 0,
        "sellingAndMarketingExpenses": 0,
        "sellingGeneralAndAdministrativeExpenses": 32300000,
        "otherExpenses": 0,
        "operatingExpenses": 34100000,
        "costAndExpenses": 471400000,
        "interestIncome": 500000,
        "interestExpense": 5000000,
        "depreciationAndAmortization": 18300000,
        "ebitda": 35600000,
        "ebitdaratio": 0.072801636,
        "operatingIncome": 8700000,
        "operatingIncomeRatio": 0.017791411,
        "totalOtherIncomeExpensesNet": -3400000,
        "incomeBeforeTax": 5200000,
        "incomeBeforeTaxRatio": 0.0106339468,
        "incomeTaxExpense": 2300000,
        "netIncome": 2900000,
        "netIncomeRatio": 0.0059304703,
        "eps": 0.04,
        "epsdiluted": 0.04,
        "weightedAverageShsOut": 64100000,
        "weightedAverageShsOutDil": 64400000,
        "link": "https://www.sec.gov/Archives/edgar/data/74303/000119312504080637/0001193125-04-080637-index.htm",
        "finalLink": "https://www.sec.gov/Archives/edgar/data/74303/000119312504080637/d10q.htm"
    },
    {
        "date": "2003-12-31",
        "symbol": "OLN",
        "reportedCurrency": "USD",
        "cik": "0000074303",
        "fillingDate": "2004-03-09",
        "acceptedDate": "2004-03-09 11:19:10",
        "calendarYear": "2003",
        "period": "Q4",
        "revenue": 384900000,
        "costOfRevenue": 345900000,
        "grossProfit": 39000000,
        "grossProfitRatio": 0.1013250195,
        "researchAndDevelopmentExpenses": 1500000,
        "generalAndAdministrativeExpenses": 0,
        "sellingAndMarketingExpenses": 0,
        "sellingGeneralAndAdministrativeExpenses": 34100000,
        "otherExpenses": -1600000,
        "operatingExpenses": 34000000,
        "costAndExpenses": 379900000,
        "interestIncome": 0,
        "interestExpense": 0,
        "depreciationAndAmortization": 19300000,
        "ebitda": 24300000,
        "ebitdaratio": 0.0631332814,
        "operatingIncome": 3000000,
        "operatingIncomeRatio": 0.0077942323,
        "totalOtherIncomeExpensesNet": -4600000,
        "incomeBeforeTax": -1600000,
        "incomeBeforeTaxRatio": -0.0041569239,
        "incomeTaxExpense": -1700000,
        "netIncome": 500000,
        "netIncomeRatio": 0.0012990387,
        "eps": 0.0078,
        "epsdiluted": 0.0078,
        "weightedAverageShsOut": 64400000,
        "weightedAverageShsOutDil": 64400000,
        "link": "https://www.sec.gov/Archives/edgar/data/74303/000119312504036954/0001193125-04-036954-index.htm",
        "finalLink": "https://www.sec.gov/Archives/edgar/data/74303/000119312504036954/d10k.htm"
    },
    {
        "date": "2003-09-30",
        "symbol": "OLN",
        "reportedCurrency": "USD",
        "cik": "0000074303",
        "fillingDate": "2003-11-12",
        "acceptedDate": "2003-11-12 14:22:51",
        "calendarYear": "2003",
        "period": "Q3",
        "revenue": 414500000,
        "costOfRevenue": 365800000,
        "grossProfit": 48700000,
        "grossProfitRatio": 0.117490953,
        "researchAndDevelopmentExpenses": 1200000,
        "generalAndAdministrativeExpenses": 0,
        "sellingAndMarketingExpenses": 0,
        "sellingGeneralAndAdministrativeExpenses": 34000000,
        "otherExpenses": -1800000,
        "operatingExpenses": 33400000,
        "costAndExpenses": 399200000,
        "interestIncome": 300000,
        "interestExpense": 5100000,
        "depreciationAndAmortization": 18600000,
        "ebitda": 33900000,
        "ebitdaratio": 0.0817852835,
        "operatingIncome": 15300000,
        "operatingIncomeRatio": 0.0369119421,
        "totalOtherIncomeExpensesNet": -4400000,
        "incomeBeforeTax": 10900000,
        "incomeBeforeTaxRatio": 0.0262967431,
        "incomeTaxExpense": 4900000,
        "netIncome": 6000000,
        "netIncomeRatio": 0.0144752714,
        "eps": 0.1,
        "epsdiluted": 0.1,
        "weightedAverageShsOut": 58400000,
        "weightedAverageShsOutDil": 58700000,
        "link": "https://www.sec.gov/Archives/edgar/data/74303/000119312503078230/0001193125-03-078230-index.htm",
        "finalLink": "https://www.sec.gov/Archives/edgar/data/74303/000119312503078230/d10q.htm"
    },
    {
        "date": "2003-06-30",
        "symbol": "OLN",
        "reportedCurrency": "USD",
        "cik": "0000074303",
        "fillingDate": "2003-08-14",
        "acceptedDate": "2003-08-14 12:31:30",
        "calendarYear": "2003",
        "period": "Q2",
        "revenue": 396400000,
        "costOfRevenue": 348400000,
        "grossProfit": 48000000,
        "grossProfitRatio": 0.1210898083,
        "researchAndDevelopmentExpenses": 1100000,
        "generalAndAdministrativeExpenses": 0,
        "sellingAndMarketingExpenses": 0,
        "sellingGeneralAndAdministrativeExpenses": 31600000,
        "otherExpenses": -3100000,
        "operatingExpenses": 29600000,
        "costAndExpenses": 378000000,
        "interestIncome": 300000,
        "interestExpense": 5100000,
        "depreciationAndAmortization": 21300000,
        "ebitda": 39700000,
        "ebitdaratio": 0.1001513623,
        "operatingIncome": 18400000,
        "operatingIncomeRatio": 0.0464177598,
        "totalOtherIncomeExpensesNet": -3000000,
        "incomeBeforeTax": 15400000,
        "incomeBeforeTaxRatio": 0.0388496468,
        "incomeTaxExpense": 6900000,
        "netIncome": 8500000,
        "netIncomeRatio": 0.0214429869,
        "eps": 0.15,
        "epsdiluted": 0.15,
        "weightedAverageShsOut": 58100000,
        "weightedAverageShsOutDil": 58400000,
        "link": "https://www.sec.gov/Archives/edgar/data/74303/000119312503037453/0001193125-03-037453-index.htm",
        "finalLink": "https://www.sec.gov/Archives/edgar/data/74303/000119312503037453/d10q.htm"
    },
    {
        "date": "2003-03-31",
        "symbol": "OLN",
        "reportedCurrency": "USD",
        "cik": "0000074303",
        "fillingDate": "2003-05-13",
        "acceptedDate": "2003-05-13 09:18:29",
        "calendarYear": "2003",
        "period": "Q1",
        "revenue": 390200000,
        "costOfRevenue": 345900000,
        "grossProfit": 44300000,
        "grossProfitRatio": 0.1135315223,
        "researchAndDevelopmentExpenses": 1200000,
        "generalAndAdministrativeExpenses": 0,
        "sellingAndMarketingExpenses": 0,
        "sellingGeneralAndAdministrativeExpenses": 30300000,
        "otherExpenses": 0,
        "operatingExpenses": 31500000,
        "costAndExpenses": 377400000,
        "interestIncome": 200000,
        "interestExpense": 5200000,
        "depreciationAndAmortization": 22800000,
        "ebitda": 35600000,
        "ebitdaratio": 0.091235264,
        "operatingIncome": -16200000,
        "operatingIncomeRatio": -0.0415171707,
        "totalOtherIncomeExpensesNet": -3500000,
        "incomeBeforeTax": -19700000,
        "incomeBeforeTaxRatio": -0.0504869298,
        "incomeTaxExpense": -6100000,
        "netIncome": -39000000,
        "netIncomeRatio": -0.0999487442,
        "eps": -0.67,
        "epsdiluted": -0.67,
        "weightedAverageShsOut": 57800000,
        "weightedAverageShsOutDil": 57800000,
        "link": "https://www.sec.gov/Archives/edgar/data/74303/000119312503004560/0001193125-03-004560-index.htm",
        "finalLink": "https://www.sec.gov/Archives/edgar/data/74303/000119312503004560/d10q.htm"
    },
    {
        "date": "2002-12-31",
        "symbol": "OLN",
        "reportedCurrency": "USD",
        "cik": "0000074303",
        "fillingDate": "2003-03-06",
        "acceptedDate": "2003-03-06 13:51:32",
        "calendarYear": "2002",
        "period": "Q4",
        "revenue": 351400000,
        "costOfRevenue": 318300000,
        "grossProfit": 33100000,
        "grossProfitRatio": 0.09419465,
        "researchAndDevelopmentExpenses": 1500000,
        "generalAndAdministrativeExpenses": 0,
        "sellingAndMarketingExpenses": 0,
        "sellingGeneralAndAdministrativeExpenses": 31500000,
        "otherExpenses": 0,
        "operatingExpenses": 33000000,
        "costAndExpenses": 351300000,
        "interestIncome": 0,
        "interestExpense": 0,
        "depreciationAndAmortization": 24200000,
        "ebitda": 24300000,
        "ebitdaratio": 0.0691519636,
        "operatingIncome": 100000,
        "operatingIncomeRatio": 0.000284576,
        "totalOtherIncomeExpensesNet": -2500000,
        "incomeBeforeTax": -2400000,
        "incomeBeforeTaxRatio": -0.0068298236,
        "incomeTaxExpense": 9300000,
        "netIncome": -11700000,
        "netIncomeRatio": -0.0332953899,
        "eps": -0.21,
        "epsdiluted": -0.2,
        "weightedAverageShsOut": 56600000,
        "weightedAverageShsOutDil": 57800000,
        "link": "https://www.sec.gov/Archives/edgar/data/74303/000095013003001836/0000950130-03-001836-index.htm",
        "finalLink": "https://www.sec.gov/Archives/edgar/data/74303/000095013003001836/d10k.htm"
    },
    {
        "date": "2002-09-30",
        "symbol": "OLN",
        "reportedCurrency": "USD",
        "cik": "0000074303",
        "fillingDate": "2002-11-13",
        "acceptedDate": "2002-11-13 16:21:39",
        "calendarYear": "2002",
        "period": "Q3",
        "revenue": 340300000,
        "costOfRevenue": 307900000,
        "grossProfit": 32400000,
        "grossProfitRatio": 0.0952101087,
        "researchAndDevelopmentExpenses": 1200000,
        "generalAndAdministrativeExpenses": 26200000,
        "sellingAndMarketingExpenses": 0,
        "sellingGeneralAndAdministrativeExpenses": 26200000,
        "otherExpenses": 0,
        "operatingExpenses": 27400000,
        "costAndExpenses": 335300000,
        "interestIncome": 300000,
        "interestExpense": 5800000,
        "depreciationAndAmortization": 21200000,
        "ebitda": 26200000,
        "ebitdaratio": 0.0769908904,
        "operatingIncome": 5000000,
        "operatingIncomeRatio": 0.014692918,
        "totalOtherIncomeExpensesNet": -5500000,
        "incomeBeforeTax": -500000,
        "incomeBeforeTaxRatio": -0.0014692918,
        "incomeTaxExpense": 500000,
        "netIncome": -1000000,
        "netIncomeRatio": -0.0029385836,
        "eps": -0.0201,
        "epsdiluted": -0.0201,
        "weightedAverageShsOut": 49700000,
        "weightedAverageShsOutDil": 49700000,
        "link": "https://www.sec.gov/Archives/edgar/data/74303/000095013002007816/0000950130-02-007816-index.htm",
        "finalLink": "https://www.sec.gov/Archives/edgar/data/74303/000095013002007816/d10q.htm"
    },
    {
        "date": "2002-06-30",
        "symbol": "OLN",
        "reportedCurrency": "USD",
        "cik": "0000074303",
        "fillingDate": "2002-08-13",
        "acceptedDate": "2002-08-13 16:21:44",
        "calendarYear": "2002",
        "period": "Q2",
        "revenue": 314300000,
        "costOfRevenue": 284700000,
        "grossProfit": 29600000,
        "grossProfitRatio": 0.0941775374,
        "researchAndDevelopmentExpenses": 1100000,
        "generalAndAdministrativeExpenses": 27600000,
        "sellingAndMarketingExpenses": 0,
        "sellingGeneralAndAdministrativeExpenses": 27600000,
        "otherExpenses": 0,
        "operatingExpenses": 28700000,
        "costAndExpenses": 313400000,
        "interestIncome": 1000000,
        "interestExpense": 7500000,
        "depreciationAndAmortization": 21600000,
        "ebitda": 22200000,
        "ebitdaratio": 0.070633153,
        "operatingIncome": 900000,
        "operatingIncomeRatio": 0.0028635062,
        "totalOtherIncomeExpensesNet": -10100000,
        "incomeBeforeTax": -9200000,
        "incomeBeforeTaxRatio": -0.0292713968,
        "incomeTaxExpense": -2200000,
        "netIncome": -7000000,
        "netIncomeRatio": -0.0222717149,
        "eps": -0.15,
        "epsdiluted": -0.15,
        "weightedAverageShsOut": 46900000,
        "weightedAverageShsOutDil": 46900000,
        "link": "https://www.sec.gov/Archives/edgar/data/74303/000095013002005774/0000950130-02-005774-index.htm",
        "finalLink": "https://www.sec.gov/Archives/edgar/data/74303/000095013002005774/d10q.htm"
    },
    {
        "date": "2002-03-31",
        "symbol": "OLN",
        "reportedCurrency": "USD",
        "cik": "0000074303",
        "fillingDate": "2002-05-14",
        "acceptedDate": "2002-05-14 16:48:41",
        "calendarYear": "2002",
        "period": "Q1",
        "revenue": 295000000,
        "costOfRevenue": 270000000,
        "grossProfit": 25000000,
        "grossProfitRatio": 0.0847457627,
        "researchAndDevelopmentExpenses": 1000000,
        "generalAndAdministrativeExpenses": 29000000,
        "sellingAndMarketingExpenses": 0,
        "sellingGeneralAndAdministrativeExpenses": 29000000,
        "otherExpenses": 0,
        "operatingExpenses": 30000000,
        "costAndExpenses": 300000000,
        "interestIncome": 0,
        "interestExpense": 0,
        "depreciationAndAmortization": 21000000,
        "ebitda": 16300000,
        "ebitdaratio": 0.0552542373,
        "operatingIncome": -5000000,
        "operatingIncomeRatio": -0.0169491525,
        "totalOtherIncomeExpensesNet": -10000000,
        "incomeBeforeTax": -15000000,
        "incomeBeforeTaxRatio": -0.0508474576,
        "incomeTaxExpense": -4000000,
        "netIncome": -11000000,
        "netIncomeRatio": -0.0372881356,
        "eps": -0.25,
        "epsdiluted": -0.25,
        "weightedAverageShsOut": 44300000,
        "weightedAverageShsOutDil": 44300000,
        "link": "https://www.sec.gov/Archives/edgar/data/74303/000095013002003591/0000950130-02-003591-index.htm",
        "finalLink": "https://www.sec.gov/Archives/edgar/data/74303/000095013002003591/d10q.txt"
    },
    {
        "date": "2001-12-31",
        "symbol": "OLN",
        "reportedCurrency": "USD",
        "cik": "0000074303",
        "fillingDate": "2002-03-04",
        "acceptedDate": "2002-03-04 00:00:00",
        "calendarYear": "2001",
        "period": "Q4",
        "revenue": 278700000,
        "costOfRevenue": 242100000,
        "grossProfit": 36600000,
        "grossProfitRatio": 0.1313240043,
        "researchAndDevelopmentExpenses": 1000000,
        "generalAndAdministrativeExpenses": 28600000,
        "sellingAndMarketingExpenses": 0,
        "sellingGeneralAndAdministrativeExpenses": 28600000,
        "otherExpenses": 0,
        "operatingExpenses": 29600000,
        "costAndExpenses": 271700000,
        "interestIncome": 0,
        "interestExpense": 0,
        "depreciationAndAmortization": 22900000,
        "ebitda": 29900000,
        "ebitdaratio": 0.1072838177,
        "operatingIncome": -6100000,
        "operatingIncomeRatio": -0.0218873341,
        "totalOtherIncomeExpensesNet": 10400000,
        "incomeBeforeTax": 4300000,
        "incomeBeforeTaxRatio": 0.0154287765,
        "incomeTaxExpense": 2900000,
        "netIncome": 1400000,
        "netIncomeRatio": 0.0050233226,
        "eps": 0.0316,
        "epsdiluted": 0.0316,
        "weightedAverageShsOut": 42960892,
        "weightedAverageShsOutDil": 44300000,
        "link": "https://www.sec.gov/Archives/edgar/data/74303/000095013002001272/0000950130-02-001272-index.htm",
        "finalLink": "https://www.sec.gov/Archives/edgar/data/74303/000095013002001272/d10k405.txt"
    },
    {
        "date": "2001-09-30",
        "symbol": "OLN",
        "reportedCurrency": "USD",
        "cik": "0000074303",
        "fillingDate": "2001-11-13",
        "acceptedDate": "2001-11-13 00:00:00",
        "calendarYear": "2001",
        "period": "Q3",
        "revenue": 333600000,
        "costOfRevenue": 302900000,
        "grossProfit": 30700000,
        "grossProfitRatio": 0.0920263789,
        "researchAndDevelopmentExpenses": 1200000,
        "generalAndAdministrativeExpenses": 29600000,
        "sellingAndMarketingExpenses": 0,
        "sellingGeneralAndAdministrativeExpenses": 29600000,
        "otherExpenses": 0,
        "operatingExpenses": 30800000,
        "costAndExpenses": 333700000,
        "interestIncome": 0,
        "interestExpense": 0,
        "depreciationAndAmortization": 22600000,
        "ebitda": 22900000,
        "ebitdaratio": 0.0686450839,
        "operatingIncome": -25600000,
        "operatingIncomeRatio": -0.0767386091,
        "totalOtherIncomeExpensesNet": -6600000,
        "incomeBeforeTax": -32200000,
        "incomeBeforeTaxRatio": -0.0965227818,
        "incomeTaxExpense": -12800000,
        "netIncome": -19400000,
        "netIncomeRatio": -0.0581534772,
        "eps": -0.45,
        "epsdiluted": -0.45,
        "weightedAverageShsOut": 43400000,
        "weightedAverageShsOutDil": 43400000,
        "link": "https://www.sec.gov/Archives/edgar/data/74303/000095013001505312/0000950130-01-505312-index.htm",
        "finalLink": "https://www.sec.gov/Archives/edgar/data/74303/000095013001505312/d10q.txt"
    },
    {
        "date": "2001-06-30",
        "symbol": "OLN",
        "reportedCurrency": "USD",
        "cik": "0000074303",
        "fillingDate": "2001-08-13",
        "acceptedDate": "2001-08-13 00:00:00",
        "calendarYear": "2001",
        "period": "Q2",
        "revenue": 324500000,
        "costOfRevenue": 282100000,
        "grossProfit": 42400000,
        "grossProfitRatio": 0.1306625578,
        "researchAndDevelopmentExpenses": 1300000,
        "generalAndAdministrativeExpenses": 25600000,
        "sellingAndMarketingExpenses": 0,
        "sellingGeneralAndAdministrativeExpenses": 25600000,
        "otherExpenses": 0,
        "operatingExpenses": 26900000,
        "costAndExpenses": 309000000,
        "interestIncome": 0,
        "interestExpense": 0,
        "depreciationAndAmortization": 21100000,
        "ebitda": 36600000,
        "ebitdaratio": 0.112788906,
        "operatingIncome": 15500000,
        "operatingIncomeRatio": 0.0477657935,
        "totalOtherIncomeExpensesNet": -4700000,
        "incomeBeforeTax": 10800000,
        "incomeBeforeTaxRatio": 0.0332819723,
        "incomeTaxExpense": 4200000,
        "netIncome": 6600000,
        "netIncomeRatio": 0.0203389831,
        "eps": 0.15,
        "epsdiluted": 0.15,
        "weightedAverageShsOut": 43400000,
        "weightedAverageShsOutDil": 43500000,
        "link": "https://www.sec.gov/Archives/edgar/data/74303/000095013001503811/0000950130-01-503811-index.htm",
        "finalLink": "https://www.sec.gov/Archives/edgar/data/74303/000095013001503811/d10q.txt"
    },
    {
        "date": "2001-03-31",
        "symbol": "OLN",
        "reportedCurrency": "USD",
        "cik": "0000074303",
        "fillingDate": "2001-05-11",
        "acceptedDate": "2001-05-11 00:00:00",
        "calendarYear": "2001",
        "period": "Q1",
        "revenue": 334200000,
        "costOfRevenue": 294900000,
        "grossProfit": 39300000,
        "grossProfitRatio": 0.1175942549,
        "researchAndDevelopmentExpenses": 1500000,
        "generalAndAdministrativeExpenses": 32200000,
        "sellingAndMarketingExpenses": 0,
        "sellingGeneralAndAdministrativeExpenses": 32200000,
        "otherExpenses": 0,
        "operatingExpenses": 33700000,
        "costAndExpenses": 328600000,
        "interestIncome": 0,
        "interestExpense": 0,
        "depreciationAndAmortization": 20400000,
        "ebitda": 26000000,
        "ebitdaratio": 0.0777977259,
        "operatingIncome": 5600000,
        "operatingIncomeRatio": 0.0167564333,
        "totalOtherIncomeExpensesNet": -1500000,
        "incomeBeforeTax": 4100000,
        "incomeBeforeTaxRatio": 0.0122681029,
        "incomeTaxExpense": 1700000,
        "netIncome": 2400000,
        "netIncomeRatio": 0.0071813285,
        "eps": 0.06,
        "epsdiluted": 0.06,
        "weightedAverageShsOut": 43800000,
        "weightedAverageShsOutDil": 44000000,
        "link": "https://www.sec.gov/Archives/edgar/data/74303/000095013001501506/0000950130-01-501506-index.htm",
        "finalLink": "https://www.sec.gov/Archives/edgar/data/74303/000095013001501506/d10q.txt"
    },
    {
        "date": "2000-12-31",
        "symbol": "OLN",
        "reportedCurrency": "USD",
        "cik": "0000074303",
        "fillingDate": "2001-03-07",
        "acceptedDate": "2001-03-07 00:00:00",
        "calendarYear": "2000",
        "period": "Q4",
        "revenue": 415700000,
        "costOfRevenue": 331700000,
        "grossProfit": 84000000,
        "grossProfitRatio": 0.2020687996,
        "researchAndDevelopmentExpenses": 900000,
        "generalAndAdministrativeExpenses": 36200000,
        "sellingAndMarketingExpenses": 0,
        "sellingGeneralAndAdministrativeExpenses": 36200000,
        "otherExpenses": 21600000,
        "operatingExpenses": 58700000,
        "costAndExpenses": 390400000,
        "interestIncome": 0,
        "interestExpense": 0,
        "depreciationAndAmortization": 21600000,
        "ebitda": 46900000,
        "ebitdaratio": 0.1128217465,
        "operatingIncome": 25300000,
        "operatingIncomeRatio": 0.060861198,
        "totalOtherIncomeExpensesNet": -1100000,
        "incomeBeforeTax": 24200000,
        "incomeBeforeTaxRatio": 0.0582150589,
        "incomeTaxExpense": 9200000,
        "netIncome": 15000000,
        "netIncomeRatio": 0.0360837142,
        "eps": 0.34,
        "epsdiluted": 0.34,
        "weightedAverageShsOut": 43800000,
        "weightedAverageShsOutDil": 43800000,
        "link": "https://www.sec.gov/Archives/edgar/data/74303/000091205701007327/0000912057-01-007327-index.htm",
        "finalLink": "https://www.sec.gov/Archives/edgar/data/74303/000091205701007327/a2039592z10-k405.txt"
    },
    {
        "date": "2000-09-30",
        "symbol": "OLN",
        "reportedCurrency": "USD",
        "cik": "0000074303",
        "fillingDate": "2000-11-13",
        "acceptedDate": "2000-11-13 00:00:00",
        "calendarYear": "2000",
        "period": "Q3",
        "revenue": 392800000,
        "costOfRevenue": 299400000,
        "grossProfit": 93400000,
        "grossProfitRatio": 0.2377800407,
        "researchAndDevelopmentExpenses": 1300000,
        "generalAndAdministrativeExpenses": 31200000,
        "sellingAndMarketingExpenses": 0,
        "sellingGeneralAndAdministrativeExpenses": 31200000,
        "otherExpenses": 20400000,
        "operatingExpenses": 52900000,
        "costAndExpenses": 352300000,
        "interestIncome": 0,
        "interestExpense": 0,
        "depreciationAndAmortization": 20400000,
        "ebitda": 60900000,
        "ebitdaratio": 0.1550407332,
        "operatingIncome": 40500000,
        "operatingIncomeRatio": 0.1031059063,
        "totalOtherIncomeExpensesNet": -2700000,
        "incomeBeforeTax": 37800000,
        "incomeBeforeTaxRatio": 0.0962321792,
        "incomeTaxExpense": 14400000,
        "netIncome": 23400000,
        "netIncomeRatio": 0.0595723014,
        "eps": 0.52,
        "epsdiluted": 0.52,
        "weightedAverageShsOut": 45100000,
        "weightedAverageShsOutDil": 45200000,
        "link": "https://www.sec.gov/Archives/edgar/data/74303/000095013000005961/0000950130-00-005961-index.htm",
        "finalLink": "https://www.sec.gov/Archives/edgar/data/74303/000095013000005961/0000950130-00-005961-0001.txt"
    },
    {
        "date": "2000-06-30",
        "symbol": "OLN",
        "reportedCurrency": "USD",
        "cik": "0000074303",
        "fillingDate": "2000-08-11",
        "acceptedDate": "2000-08-11 00:00:00",
        "calendarYear": "2000",
        "period": "Q2",
        "revenue": 378100000,
        "costOfRevenue": 286000000,
        "grossProfit": 92100000,
        "grossProfitRatio": 0.2435863528,
        "researchAndDevelopmentExpenses": 1400000,
        "generalAndAdministrativeExpenses": 32000000,
        "sellingAndMarketingExpenses": 0,
        "sellingGeneralAndAdministrativeExpenses": 32000000,
        "otherExpenses": 19600000,
        "operatingExpenses": 53000000,
        "costAndExpenses": 339000000,
        "interestIncome": 0,
        "interestExpense": 0,
        "depreciationAndAmortization": 19600000,
        "ebitda": 58700000,
        "ebitdaratio": 0.1552499339,
        "operatingIncome": 39100000,
        "operatingIncomeRatio": 0.1034117958,
        "totalOtherIncomeExpensesNet": -1300000,
        "incomeBeforeTax": 37800000,
        "incomeBeforeTaxRatio": 0.099973552,
        "incomeTaxExpense": 14500000,
        "netIncome": 23300000,
        "netIncomeRatio": 0.061623909,
        "eps": 0.52,
        "epsdiluted": 0.52,
        "weightedAverageShsOut": 45100000,
        "weightedAverageShsOutDil": 45200000,
        "link": "https://www.sec.gov/Archives/edgar/data/74303/000095013000004403/0000950130-00-004403-index.htm",
        "finalLink": "https://www.sec.gov/Archives/edgar/data/74303/000095013000004403/0000950130-00-004403-0001.txt"
    },
    {
        "date": "2000-03-31",
        "symbol": "OLN",
        "reportedCurrency": "USD",
        "cik": "0000074303",
        "fillingDate": "2000-05-12",
        "acceptedDate": "2000-05-12 00:00:00",
        "calendarYear": "2000",
        "period": "Q1",
        "revenue": 362400000,
        "costOfRevenue": 278900000,
        "grossProfit": 83500000,
        "grossProfitRatio": 0.2304083885,
        "researchAndDevelopmentExpenses": 1400000,
        "generalAndAdministrativeExpenses": 27600000,
        "sellingAndMarketingExpenses": 0,
        "sellingGeneralAndAdministrativeExpenses": 27600000,
        "otherExpenses": 19400000,
        "operatingExpenses": 48400000,
        "costAndExpenses": 327300000,
        "interestIncome": 0,
        "interestExpense": 0,
        "depreciationAndAmortization": 19400000,
        "ebitda": 54500000,
        "ebitdaratio": 0.1503863135,
        "operatingIncome": 35100000,
        "operatingIncomeRatio": 0.0968543046,
        "totalOtherIncomeExpensesNet": -3900000,
        "incomeBeforeTax": 31200000,
        "incomeBeforeTaxRatio": 0.0860927152,
        "incomeTaxExpense": 11900000,
        "netIncome": 19300000,
        "netIncomeRatio": 0.0532560706,
        "eps": 0.43,
        "epsdiluted": 0.43,
        "weightedAverageShsOut": 45100000,
        "weightedAverageShsOutDil": 45200000,
        "link": "https://www.sec.gov/Archives/edgar/data/74303/000095013000002852/0000950130-00-002852-index.html",
        "finalLink": "https://www.sec.gov/Archives/edgar/data/74303/000095013000002852/"
    },
    {
        "date": "1999-12-31",
        "symbol": "OLN",
        "reportedCurrency": "USD",
        "cik": "0000074303",
        "fillingDate": "2000-03-07",
        "acceptedDate": "2000-03-07 00:00:00",
        "calendarYear": "1999",
        "period": "Q4",
        "revenue": 341300000,
        "costOfRevenue": 269500000,
        "grossProfit": 71800000,
        "grossProfitRatio": 0.2103721067,
        "researchAndDevelopmentExpenses": 2900000,
        "generalAndAdministrativeExpenses": 26100000,
        "sellingAndMarketingExpenses": 0,
        "sellingGeneralAndAdministrativeExpenses": 26100000,
        "otherExpenses": 21600000,
        "operatingExpenses": 50600000,
        "costAndExpenses": 320100000,
        "interestIncome": 0,
        "interestExpense": 0,
        "depreciationAndAmortization": 21600000,
        "ebitda": 42800000,
        "ebitdaratio": 0.1254028714,
        "operatingIncome": 21200000,
        "operatingIncomeRatio": 0.062115441,
        "totalOtherIncomeExpensesNet": -5900000,
        "incomeBeforeTax": 15300000,
        "incomeBeforeTaxRatio": 0.0448285965,
        "incomeTaxExpense": 5300000,
        "netIncome": 9600000,
        "netIncomeRatio": 0.0281277469,
        "eps": 0.21,
        "epsdiluted": 0.21,
        "weightedAverageShsOut": 45100000,
        "weightedAverageShsOutDil": 45100000,
        "link": "https://www.sec.gov/Archives/edgar/data/74303/000095013000001105/0000950130-00-001105-index.html",
        "finalLink": "https://www.sec.gov/Archives/edgar/data/74303/000095013000001105/"
    },
    {
        "date": "1999-09-30",
        "symbol": "OLN",
        "reportedCurrency": "USD",
        "cik": "0000074303",
        "fillingDate": "1999-11-12",
        "acceptedDate": "1999-11-12 00:00:00",
        "calendarYear": "1999",
        "period": "Q3",
        "revenue": 354100000,
        "costOfRevenue": 289400000,
        "grossProfit": 64700000,
        "grossProfitRatio": 0.1827167467,
        "researchAndDevelopmentExpenses": 2000000,
        "generalAndAdministrativeExpenses": 31400000,
        "sellingAndMarketingExpenses": 0,
        "sellingGeneralAndAdministrativeExpenses": 31400000,
        "otherExpenses": 20300000,
        "operatingExpenses": 53700000,
        "costAndExpenses": 343100000,
        "interestIncome": 0,
        "interestExpense": 0,
        "depreciationAndAmortization": 20300000,
        "ebitda": 31300000,
        "ebitdaratio": 0.0883931093,
        "operatingIncome": 11000000,
        "operatingIncomeRatio": 0.031064671,
        "totalOtherIncomeExpensesNet": -6600000,
        "incomeBeforeTax": 4400000,
        "incomeBeforeTaxRatio": 0.0124258684,
        "incomeTaxExpense": 1800000,
        "netIncome": 2600000,
        "netIncomeRatio": 0.0073425586,
        "eps": 0.06,
        "epsdiluted": 0.06,
        "weightedAverageShsOut": 43333000,
        "weightedAverageShsOutDil": 43333000,
        "link": "https://www.sec.gov/Archives/edgar/data/74303/000095013099006404/0000950130-99-006404-index.html",
        "finalLink": "https://www.sec.gov/Archives/edgar/data/74303/000095013099006404/"
    },
    {
        "date": "1999-06-30",
        "symbol": "OLN",
        "reportedCurrency": "USD",
        "cik": "0000074303",
        "fillingDate": "1999-08-13",
        "acceptedDate": "1999-08-13 00:00:00",
        "calendarYear": "1999",
        "period": "Q2",
        "revenue": 314800000,
        "costOfRevenue": 251800000,
        "grossProfit": 63000000,
        "grossProfitRatio": 0.2001270648,
        "researchAndDevelopmentExpenses": 2100000,
        "generalAndAdministrativeExpenses": 31600000,
        "sellingAndMarketingExpenses": 0,
        "sellingGeneralAndAdministrativeExpenses": 31600000,
        "otherExpenses": 19500000,
        "operatingExpenses": 53200000,
        "costAndExpenses": 305000000,
        "interestIncome": 0,
        "interestExpense": 0,
        "depreciationAndAmortization": 19500000,
        "ebitda": 29300000,
        "ebitdaratio": 0.0930749682,
        "operatingIncome": 9800000,
        "operatingIncomeRatio": 0.0311308767,
        "totalOtherIncomeExpensesNet": -6000000,
        "incomeBeforeTax": 3800000,
        "incomeBeforeTaxRatio": 0.0120711563,
        "incomeTaxExpense": 1500000,
        "netIncome": 2300000,
        "netIncomeRatio": 0.0073062262,
        "eps": 0.05,
        "epsdiluted": 0.05,
        "weightedAverageShsOut": 46000000,
        "weightedAverageShsOutDil": 46000000,
        "link": "https://www.sec.gov/Archives/edgar/data/74303/000095013099004807/0000950130-99-004807-index.html",
        "finalLink": "https://www.sec.gov/Archives/edgar/data/74303/000095013099004807/0000950130-99-004807.txt"
    },
    {
        "date": "1999-03-31",
        "symbol": "OLN",
        "reportedCurrency": "USD",
        "cik": "0000074303",
        "fillingDate": "1999-05-17",
        "acceptedDate": "1999-05-17 00:00:00",
        "calendarYear": "1999",
        "period": "Q1",
        "revenue": 304800000,
        "costOfRevenue": 244300000,
        "grossProfit": 60500000,
        "grossProfitRatio": 0.1984908136,
        "researchAndDevelopmentExpenses": 2000000,
        "generalAndAdministrativeExpenses": 30900000,
        "sellingAndMarketingExpenses": 0,
        "sellingGeneralAndAdministrativeExpenses": 30900000,
        "otherExpenses": 18600000,
        "operatingExpenses": 51500000,
        "costAndExpenses": 295800000,
        "interestIncome": 0,
        "interestExpense": 0,
        "depreciationAndAmortization": 18600000,
        "ebitda": 27600000,
        "ebitdaratio": 0.0905511811,
        "operatingIncome": 9000000,
        "operatingIncomeRatio": 0.0295275591,
        "totalOtherIncomeExpensesNet": -5500000,
        "incomeBeforeTax": 3500000,
        "incomeBeforeTaxRatio": 0.0114829396,
        "incomeTaxExpense": 1400000,
        "netIncome": 6500000,
        "netIncomeRatio": 0.0213254593,
        "eps": 0.14,
        "epsdiluted": 0.14,
        "weightedAverageShsOut": 45900000,
        "weightedAverageShsOutDil": 45900000,
        "link": "https://www.sec.gov/Archives/edgar/data/74303/000095013099003076/0000950130-99-003076-index.html",
        "finalLink": "https://www.sec.gov/Archives/edgar/data/74303/"
    },
    {
        "date": "1998-12-31",
        "symbol": "OLN",
        "reportedCurrency": "USD",
        "cik": "0000074303",
        "fillingDate": "1999-03-16",
        "acceptedDate": "1999-03-16 00:00:00",
        "calendarYear": "1998",
        "period": "Q4",
        "revenue": -342200000,
        "costOfRevenue": -197100000,
        "grossProfit": -145100000,
        "grossProfitRatio": 0.4240210403,
        "researchAndDevelopmentExpenses": -10500000,
        "generalAndAdministrativeExpenses": -101900000,
        "sellingAndMarketingExpenses": 0,
        "sellingGeneralAndAdministrativeExpenses": -101900000,
        "otherExpenses": -15800000,
        "operatingExpenses": -128200000,
        "costAndExpenses": -325300000,
        "interestIncome": 0,
        "interestExpense": 0,
        "depreciationAndAmortization": -15800000,
        "ebitda": -32700000,
        "ebitdaratio": 0.0955581531,
        "operatingIncome": -16900000,
        "operatingIncomeRatio": 0.0493863238,
        "totalOtherIncomeExpensesNet": -29800000,
        "incomeBeforeTax": -46700000,
        "incomeBeforeTaxRatio": 0.1364699006,
        "incomeTaxExpense": -14200000,
        "netIncome": -28500000,
        "netIncomeRatio": 0.0832846289,
        "eps": -0.61,
        "epsdiluted": -0.61,
        "weightedAverageShsOut": 46366000,
        "weightedAverageShsOutDil": 46429000,
        "link": "https://www.sec.gov/Archives/edgar/data/74303/000095013099001465/0000950130-99-001465-index.html",
        "finalLink": "https://www.sec.gov/Archives/edgar/data/74303/"
    },
    {
        "date": "1998-09-30",
        "symbol": "OLN",
        "reportedCurrency": "USD",
        "cik": "0000074303",
        "fillingDate": "1998-11-13",
        "acceptedDate": "1998-11-13 00:00:00",
        "calendarYear": "1998",
        "period": "Q3",
        "revenue": 582000000,
        "costOfRevenue": 437700000,
        "grossProfit": 144300000,
        "grossProfitRatio": 0.2479381443,
        "researchAndDevelopmentExpenses": 7000000,
        "generalAndAdministrativeExpenses": 73400000,
        "sellingAndMarketingExpenses": 0,
        "sellingGeneralAndAdministrativeExpenses": 73400000,
        "otherExpenses": 32400000,
        "operatingExpenses": 112800000,
        "costAndExpenses": 550500000,
        "interestIncome": 0,
        "interestExpense": 0,
        "depreciationAndAmortization": 20500000,
        "ebitda": 48100000,
        "ebitdaratio": 0.0826460481,
        "operatingIncome": 27600000,
        "operatingIncomeRatio": 0.0474226804,
        "totalOtherIncomeExpensesNet": -46800000,
        "incomeBeforeTax": -12900000,
        "incomeBeforeTaxRatio": -0.0221649485,
        "incomeTaxExpense": -7900000,
        "netIncome": -7200000,
        "netIncomeRatio": -0.012371134,
        "eps": -0.15,
        "epsdiluted": -0.15,
        "weightedAverageShsOut": 48000000,
        "weightedAverageShsOutDil": 48000000,
        "link": "https://www.sec.gov/Archives/edgar/data/74303/000095013098005513/0000950130-98-005513-index.html",
        "finalLink": "https://www.sec.gov/Archives/edgar/data/74303/"
    },
    {
        "date": "1998-06-30",
        "symbol": "OLN",
        "reportedCurrency": "USD",
        "cik": "0000074303",
        "fillingDate": "1998-08-11",
        "acceptedDate": "1998-08-11 00:00:00",
        "calendarYear": "1998",
        "period": "Q2",
        "revenue": 613100000,
        "costOfRevenue": 441000000,
        "grossProfit": 172100000,
        "grossProfitRatio": 0.2807046159,
        "researchAndDevelopmentExpenses": 6700000,
        "generalAndAdministrativeExpenses": 74900000,
        "sellingAndMarketingExpenses": 0,
        "sellingGeneralAndAdministrativeExpenses": 74900000,
        "otherExpenses": 30900000,
        "operatingExpenses": 112500000,
        "costAndExpenses": 553500000,
        "interestIncome": 0,
        "interestExpense": 0,
        "depreciationAndAmortization": 30900000,
        "ebitda": 60600000,
        "ebitdaratio": 0.0988419507,
        "operatingIncome": 29700000,
        "operatingIncomeRatio": 0.0484423422,
        "totalOtherIncomeExpensesNet": 0,
        "incomeBeforeTax": 27100000,
        "incomeBeforeTaxRatio": 0.0442015984,
        "incomeTaxExpense": 20400000,
        "netIncome": 38600000,
        "netIncomeRatio": 0.0629587343,
        "eps": 0.81,
        "epsdiluted": 0.8,
        "weightedAverageShsOut": 47654000,
        "weightedAverageShsOutDil": 48250000,
        "link": "https://www.sec.gov/Archives/edgar/data/74303/000095013098003934/0000950130-98-003934-index.html",
        "finalLink": "https://www.sec.gov/Archives/edgar/data/74303/"
    },
    {
        "date": "1998-03-31",
        "symbol": "OLN",
        "reportedCurrency": "USD",
        "cik": "0000074303",
        "fillingDate": "1998-05-14",
        "acceptedDate": "1998-05-14 00:00:00",
        "calendarYear": "1998",
        "period": "Q1",
        "revenue": 573100000,
        "costOfRevenue": 401400000,
        "grossProfit": 171700000,
        "grossProfitRatio": 0.2995986739,
        "researchAndDevelopmentExpenses": 6800000,
        "generalAndAdministrativeExpenses": 76600000,
        "sellingAndMarketingExpenses": 0,
        "sellingGeneralAndAdministrativeExpenses": 76600000,
        "otherExpenses": 30500000,
        "operatingExpenses": 113900000,
        "costAndExpenses": 515300000,
        "interestIncome": 0,
        "interestExpense": 0,
        "depreciationAndAmortization": 19200000,
        "ebitda": 55400000,
        "ebitdaratio": 0.0966672483,
        "operatingIncome": 36200000,
        "operatingIncomeRatio": 0.0631652417,
        "totalOtherIncomeExpensesNet": 0,
        "incomeBeforeTax": 34900000,
        "incomeBeforeTaxRatio": 0.0608968766,
        "incomeTaxExpense": 20500000,
        "netIncome": 39100000,
        "netIncomeRatio": 0.0682254406,
        "eps": 0.81,
        "epsdiluted": 0.8,
        "weightedAverageShsOut": 48272000,
        "weightedAverageShsOutDil": 48875000,
        "link": "https://www.sec.gov/Archives/edgar/data/74303/000095013098002630/0000950130-98-002630-index.html",
        "finalLink": "https://www.sec.gov/Archives/edgar/data/74303/"
    },
    {
        "date": "1997-12-31",
        "symbol": "OLN",
        "reportedCurrency": "USD",
        "cik": "0000074303",
        "fillingDate": "1998-03-13",
        "acceptedDate": "1998-03-13 00:00:00",
        "calendarYear": "1997",
        "period": "Q4",
        "revenue": 578500000,
        "costOfRevenue": 420800000,
        "grossProfit": 157700000,
        "grossProfitRatio": 0.2726015557,
        "researchAndDevelopmentExpenses": 6800000,
        "generalAndAdministrativeExpenses": 65900000,
        "sellingAndMarketingExpenses": 0,
        "sellingGeneralAndAdministrativeExpenses": 65900000,
        "otherExpenses": 33800000,
        "operatingExpenses": 106500000,
        "costAndExpenses": 527300000,
        "interestIncome": 0,
        "interestExpense": 0,
        "depreciationAndAmortization": 33800000,
        "ebitda": 85000000,
        "ebitdaratio": 0.14693172,
        "operatingIncome": 51200000,
        "operatingIncomeRatio": 0.0885047537,
        "totalOtherIncomeExpensesNet": 2000000,
        "incomeBeforeTax": 53200000,
        "incomeBeforeTaxRatio": 0.0919619706,
        "incomeTaxExpense": 18600000,
        "netIncome": 34600000,
        "netIncomeRatio": 0.0598098531,
        "eps": 0.72,
        "epsdiluted": 0.72,
        "weightedAverageShsOut": 48272000,
        "weightedAverageShsOutDil": 48272000,
        "link": "https://www.sec.gov/Archives/edgar/data/74303/000095013098001212/0000950130-98-001212-index.html",
        "finalLink": "https://www.sec.gov/Archives/edgar/data/74303/"
    },
    {
        "date": "1997-09-30",
        "symbol": "OLN",
        "reportedCurrency": "USD",
        "cik": "0000074303",
        "fillingDate": "1997-11-14",
        "acceptedDate": "1997-11-14 00:00:00",
        "calendarYear": "1997",
        "period": "Q3",
        "revenue": 607900000,
        "costOfRevenue": 439200000,
        "grossProfit": 168700000,
        "grossProfitRatio": 0.2775127488,
        "researchAndDevelopmentExpenses": 7600000,
        "generalAndAdministrativeExpenses": 71700000,
        "sellingAndMarketingExpenses": 0,
        "sellingGeneralAndAdministrativeExpenses": 71700000,
        "otherExpenses": 30700000,
        "operatingExpenses": 110000000,
        "costAndExpenses": 549200000,
        "interestIncome": 0,
        "interestExpense": 0,
        "depreciationAndAmortization": 30700000,
        "ebitda": 89400000,
        "ebitdaratio": 0.1470636618,
        "operatingIncome": 58700000,
        "operatingIncomeRatio": 0.0965619345,
        "totalOtherIncomeExpensesNet": -600000,
        "incomeBeforeTax": 58100000,
        "incomeBeforeTaxRatio": 0.0955749301,
        "incomeTaxExpense": 20100000,
        "netIncome": 38000000,
        "netIncomeRatio": 0.0625102813,
        "eps": 0.76,
        "epsdiluted": 0.75,
        "weightedAverageShsOut": 50000000,
        "weightedAverageShsOutDil": 50667000,
        "link": "https://www.sec.gov/Archives/edgar/data/74303/000095013097005004/0000950130-97-005004-index.html",
        "finalLink": "https://www.sec.gov/Archives/edgar/data/74303/"
    },
    {
        "date": "1997-06-30",
        "symbol": "OLN",
        "reportedCurrency": "USD",
        "cik": "0000074303",
        "fillingDate": "1997-08-13",
        "acceptedDate": "1997-08-13 00:00:00",
        "calendarYear": "1997",
        "period": "Q2",
        "revenue": 632400000,
        "costOfRevenue": 458800000,
        "grossProfit": 173600000,
        "grossProfitRatio": 0.2745098039,
        "researchAndDevelopmentExpenses": 7200000,
        "generalAndAdministrativeExpenses": 75000000,
        "sellingAndMarketingExpenses": 0,
        "sellingGeneralAndAdministrativeExpenses": 75000000,
        "otherExpenses": 32800000,
        "operatingExpenses": 115000000,
        "costAndExpenses": 573800000,
        "interestIncome": 0,
        "interestExpense": 0,
        "depreciationAndAmortization": 32800000,
        "ebitda": 91400000,
        "ebitdaratio": 0.1445287793,
        "operatingIncome": 58600000,
        "operatingIncomeRatio": 0.0926628716,
        "totalOtherIncomeExpensesNet": 300000,
        "incomeBeforeTax": 58900000,
        "incomeBeforeTaxRatio": 0.0931372549,
        "incomeTaxExpense": 20300000,
        "netIncome": 38600000,
        "netIncomeRatio": 0.0610373182,
        "eps": 0.75,
        "epsdiluted": 0.75,
        "weightedAverageShsOut": 51467000,
        "weightedAverageShsOutDil": 51467000,
        "link": "https://www.sec.gov/Archives/edgar/data/74303/000007430397000021/0000074303-97-000021-index.html",
        "finalLink": "https://www.sec.gov/Archives/edgar/data/74303/"
    },
    {
        "date": "1997-03-31",
        "symbol": "OLN",
        "reportedCurrency": "USD",
        "cik": "0000074303",
        "fillingDate": "1997-05-14",
        "acceptedDate": "1997-05-14 00:00:00",
        "calendarYear": "1997",
        "period": "Q1",
        "revenue": 591200000,
        "costOfRevenue": 423200000,
        "grossProfit": 168000000,
        "grossProfitRatio": 0.2841677943,
        "researchAndDevelopmentExpenses": 7400000,
        "generalAndAdministrativeExpenses": 72400000,
        "sellingAndMarketingExpenses": 0,
        "sellingGeneralAndAdministrativeExpenses": 72400000,
        "otherExpenses": 26700000,
        "operatingExpenses": 106500000,
        "costAndExpenses": 529700000,
        "interestIncome": 0,
        "interestExpense": 0,
        "depreciationAndAmortization": 26700000,
        "ebitda": 88200000,
        "ebitdaratio": 0.149188092,
        "operatingIncome": 61500000,
        "operatingIncomeRatio": 0.1040257104,
        "totalOtherIncomeExpensesNet": 2300000,
        "incomeBeforeTax": 63800000,
        "incomeBeforeTaxRatio": 0.1079161028,
        "incomeTaxExpense": 22000000,
        "netIncome": 41800000,
        "netIncomeRatio": 0.0707036536,
        "eps": 0.81,
        "epsdiluted": 0.8,
        "weightedAverageShsOut": 51605000,
        "weightedAverageShsOutDil": 52250000,
        "link": "https://www.sec.gov/Archives/edgar/data/74303/000007430397000019/0000074303-97-000019-index.html",
        "finalLink": "https://www.sec.gov/Archives/edgar/data/74303/"
    },
    {
        "date": "1996-12-31",
        "symbol": "OLN",
        "reportedCurrency": "USD",
        "cik": "0000074303",
        "fillingDate": "1997-03-13",
        "acceptedDate": "1997-03-13 00:00:00",
        "calendarYear": "1996",
        "period": "Q4",
        "revenue": 276000000,
        "costOfRevenue": 179800000,
        "grossProfit": 96200000,
        "grossProfitRatio": 0.3485507246,
        "researchAndDevelopmentExpenses": 0,
        "generalAndAdministrativeExpenses": 35400000,
        "sellingAndMarketingExpenses": 0,
        "sellingGeneralAndAdministrativeExpenses": 35400000,
        "otherExpenses": 18900000,
        "operatingExpenses": 54300000,
        "costAndExpenses": 234100000,
        "interestIncome": 0,
        "interestExpense": 0,
        "depreciationAndAmortization": 18900000,
        "ebitda": 60800000,
        "ebitdaratio": 0.2202898551,
        "operatingIncome": 41900000,
        "operatingIncomeRatio": 0.1518115942,
        "totalOtherIncomeExpensesNet": 195600000,
        "incomeBeforeTax": 237500000,
        "incomeBeforeTaxRatio": 0.8605072464,
        "incomeTaxExpense": 84000000,
        "netIncome": 145500000,
        "netIncomeRatio": 0.527173913,
        "eps": 2.82,
        "epsdiluted": 2.82,
        "weightedAverageShsOut": 51605000,
        "weightedAverageShsOutDil": 51605000,
        "link": "https://www.sec.gov/Archives/edgar/data/74303/000095013097001000/0000950130-97-001000-index.html",
        "finalLink": "https://www.sec.gov/Archives/edgar/data/74303/"
    },
    {
        "date": "1996-09-30",
        "symbol": "OLN",
        "reportedCurrency": "USD",
        "cik": "0000074303",
        "fillingDate": "1996-11-14",
        "acceptedDate": "1996-11-14 00:00:00",
        "calendarYear": "1996",
        "period": "Q3",
        "revenue": 748600000,
        "costOfRevenue": 543200000,
        "grossProfit": 205400000,
        "grossProfitRatio": 0.2743788405,
        "researchAndDevelopmentExpenses": 0,
        "generalAndAdministrativeExpenses": 103800000,
        "sellingAndMarketingExpenses": 0,
        "sellingGeneralAndAdministrativeExpenses": 103800000,
        "otherExpenses": 37400000,
        "operatingExpenses": 141200000,
        "costAndExpenses": 684400000,
        "interestIncome": 0,
        "interestExpense": 0,
        "depreciationAndAmortization": 37400000,
        "ebitda": 101600000,
        "ebitdaratio": 0.1357200107,
        "operatingIncome": 64200000,
        "operatingIncomeRatio": 0.0857600855,
        "totalOtherIncomeExpensesNet": -5700000,
        "incomeBeforeTax": 58500000,
        "incomeBeforeTaxRatio": 0.0781458723,
        "incomeTaxExpense": 20700000,
        "netIncome": 37800000,
        "netIncomeRatio": 0.0504942559,
        "eps": 0.72,
        "epsdiluted": 0.7,
        "weightedAverageShsOut": 50972000,
        "weightedAverageShsOutDil": 52429000,
        "link": "https://www.sec.gov/Archives/edgar/data/74303/000007430396000021/0000074303-96-000021-index.html",
        "finalLink": "https://www.sec.gov/Archives/edgar/data/74303/"
    },
    {
        "date": "1996-06-30",
        "symbol": "OLN",
        "reportedCurrency": "USD",
        "cik": "0000074303",
        "fillingDate": "1996-08-14",
        "acceptedDate": "1996-08-14 00:00:00",
        "calendarYear": "1996",
        "period": "Q2",
        "revenue": 824000000,
        "costOfRevenue": 597600000,
        "grossProfit": 226400000,
        "grossProfitRatio": 0.2747572816,
        "researchAndDevelopmentExpenses": 0,
        "generalAndAdministrativeExpenses": 107100000,
        "sellingAndMarketingExpenses": 0,
        "sellingGeneralAndAdministrativeExpenses": 107100000,
        "otherExpenses": 35300000,
        "operatingExpenses": 142400000,
        "costAndExpenses": 740000000,
        "interestIncome": 0,
        "interestExpense": 0,
        "depreciationAndAmortization": 35300000,
        "ebitda": 119300000,
        "ebitdaratio": 0.1447815534,
        "operatingIncome": 84000000,
        "operatingIncomeRatio": 0.1019417476,
        "totalOtherIncomeExpensesNet": -3800000,
        "incomeBeforeTax": 80200000,
        "incomeBeforeTaxRatio": 0.0973300971,
        "incomeTaxExpense": 28500000,
        "netIncome": 51700000,
        "netIncomeRatio": 0.0627427184,
        "eps": 1.01,
        "epsdiluted": 0.98,
        "weightedAverageShsOut": 49802000,
        "weightedAverageShsOutDil": 51327000,
        "link": "https://www.sec.gov/Archives/edgar/data/74303/000007430396000016/0000074303-96-000016-index.html",
        "finalLink": "https://www.sec.gov/Archives/edgar/data/74303/"
    },
    {
        "date": "1996-03-31",
        "symbol": "OLN",
        "reportedCurrency": "USD",
        "cik": "0000074303",
        "fillingDate": "1996-05-13",
        "acceptedDate": "1996-05-13 00:00:00",
        "calendarYear": "1996",
        "period": "Q1",
        "revenue": 789400000,
        "costOfRevenue": 570400000,
        "grossProfit": 219000000,
        "grossProfitRatio": 0.2774258931,
        "researchAndDevelopmentExpenses": 0,
        "generalAndAdministrativeExpenses": 111700000,
        "sellingAndMarketingExpenses": 0,
        "sellingGeneralAndAdministrativeExpenses": 111700000,
        "otherExpenses": 38400000,
        "operatingExpenses": 150100000,
        "costAndExpenses": 720500000,
        "interestIncome": 0,
        "interestExpense": 0,
        "depreciationAndAmortization": 38400000,
        "ebitda": 107300000,
        "ebitdaratio": 0.1359260198,
        "operatingIncome": 68900000,
        "operatingIncomeRatio": 0.0872814796,
        "totalOtherIncomeExpensesNet": 900000,
        "incomeBeforeTax": 69800000,
        "incomeBeforeTaxRatio": 0.088421586,
        "incomeTaxExpense": 24800000,
        "netIncome": 45000000,
        "netIncomeRatio": 0.0570053205,
        "eps": 0.88,
        "epsdiluted": 0.85,
        "weightedAverageShsOut": 49432000,
        "weightedAverageShsOutDil": 51176000,
        "link": "https://www.sec.gov/Archives/edgar/data/74303/000007430396000007/0000074303-96-000007-index.html",
        "finalLink": "https://www.sec.gov/Archives/edgar/data/74303/"
    },
    {
        "date": "1995-12-31",
        "symbol": "OLN",
        "reportedCurrency": "USD",
        "cik": "0000074303",
        "fillingDate": "1996-03-08",
        "acceptedDate": "1996-03-08 00:00:00",
        "calendarYear": "1995",
        "period": "Q4",
        "revenue": 783800000,
        "costOfRevenue": 593400000,
        "grossProfit": 190400000,
        "grossProfitRatio": 0.242919112,
        "researchAndDevelopmentExpenses": 0,
        "generalAndAdministrativeExpenses": 107500000,
        "sellingAndMarketingExpenses": 0,
        "sellingGeneralAndAdministrativeExpenses": 107500000,
        "otherExpenses": 37000000,
        "operatingExpenses": 144500000,
        "costAndExpenses": 737900000,
        "interestIncome": 0,
        "interestExpense": 0,
        "depreciationAndAmortization": 37000000,
        "ebitda": 82900000,
        "ebitdaratio": 0.1057667772,
        "operatingIncome": 45900000,
        "operatingIncomeRatio": 0.0585608574,
        "totalOtherIncomeExpensesNet": -4300000,
        "incomeBeforeTax": 41600000,
        "incomeBeforeTaxRatio": 0.053074764,
        "incomeTaxExpense": 14700000,
        "netIncome": 26900000,
        "netIncomeRatio": 0.0343199796,
        "eps": 0.54,
        "epsdiluted": 0.54,
        "weightedAverageShsOut": 49432000,
        "weightedAverageShsOutDil": 49432000,
        "link": "https://www.sec.gov/Archives/edgar/data/74303/000095013096000793/0000950130-96-000793-index.html",
        "finalLink": "https://www.sec.gov/Archives/edgar/data/74303/"
    },
    {
        "date": "1995-09-30",
        "symbol": "OLN",
        "reportedCurrency": "USD",
        "cik": "0000074303",
        "fillingDate": "1995-11-14",
        "acceptedDate": "1995-11-14 00:00:00",
        "calendarYear": "1995",
        "period": "Q3",
        "revenue": 796400000,
        "costOfRevenue": 608500000,
        "grossProfit": 187900000,
        "grossProfitRatio": 0.2359367152,
        "researchAndDevelopmentExpenses": 0,
        "generalAndAdministrativeExpenses": 96400000,
        "sellingAndMarketingExpenses": 0,
        "sellingGeneralAndAdministrativeExpenses": 96400000,
        "otherExpenses": 35400000,
        "operatingExpenses": 131800000,
        "costAndExpenses": 740300000,
        "interestIncome": 0,
        "interestExpense": 0,
        "depreciationAndAmortization": 35400000,
        "ebitda": 91500000,
        "ebitdaratio": 0.1148920141,
        "operatingIncome": 56100000,
        "operatingIncomeRatio": 0.070441989,
        "totalOtherIncomeExpensesNet": -7900000,
        "incomeBeforeTax": 48200000,
        "incomeBeforeTaxRatio": 0.0605223506,
        "incomeTaxExpense": 17100000,
        "netIncome": 31100000,
        "netIncomeRatio": 0.0390507283,
        "eps": 0.61,
        "epsdiluted": 0.6,
        "weightedAverageShsOut": 48361000,
        "weightedAverageShsOutDil": 49167000,
        "link": "https://www.sec.gov/Archives/edgar/data/74303/000095013095002422/0000950130-95-002422-index.html",
        "finalLink": "https://www.sec.gov/Archives/edgar/data/74303/"
    },
    {
        "date": "1995-06-30",
        "symbol": "OLN",
        "reportedCurrency": "USD",
        "cik": "0000074303",
        "fillingDate": "1995-08-11",
        "acceptedDate": "1995-08-11 00:00:00",
        "calendarYear": "1995",
        "period": "Q2",
        "revenue": 803700000,
        "costOfRevenue": 597900000,
        "grossProfit": 205800000,
        "grossProfitRatio": 0.2560656962,
        "researchAndDevelopmentExpenses": 0,
        "generalAndAdministrativeExpenses": 94400000,
        "sellingAndMarketingExpenses": 0,
        "sellingGeneralAndAdministrativeExpenses": 94400000,
        "otherExpenses": 34800000,
        "operatingExpenses": 129200000,
        "costAndExpenses": 727100000,
        "interestIncome": 0,
        "interestExpense": 0,
        "depreciationAndAmortization": 34800000,
        "ebitda": 111400000,
        "ebitdaratio": 0.1386089337,
        "operatingIncome": 76600000,
        "operatingIncomeRatio": 0.095309195,
        "totalOtherIncomeExpensesNet": -8900000,
        "incomeBeforeTax": 67700000,
        "incomeBeforeTaxRatio": 0.0842354112,
        "incomeTaxExpense": 24100000,
        "netIncome": 43600000,
        "netIncomeRatio": 0.0542490979,
        "eps": 0.87,
        "epsdiluted": 0.83,
        "weightedAverageShsOut": 48276000,
        "weightedAverageShsOutDil": 50602000,
        "link": "https://www.sec.gov/Archives/edgar/data/74303/000095013095001554/0000950130-95-001554-index.html",
        "finalLink": "https://www.sec.gov/Archives/edgar/data/74303/"
    },
    {
        "date": "1995-03-31",
        "symbol": "OLN",
        "reportedCurrency": "USD",
        "cik": "0000074303",
        "fillingDate": "1995-05-12",
        "acceptedDate": "1995-05-12 00:00:00",
        "calendarYear": "1995",
        "period": "Q1",
        "revenue": 766100000,
        "costOfRevenue": 578200000,
        "grossProfit": 187900000,
        "grossProfitRatio": 0.2452682417,
        "researchAndDevelopmentExpenses": 0,
        "generalAndAdministrativeExpenses": 86700000,
        "sellingAndMarketingExpenses": 0,
        "sellingGeneralAndAdministrativeExpenses": 86700000,
        "otherExpenses": 34800000,
        "operatingExpenses": 121500000,
        "costAndExpenses": 699700000,
        "interestIncome": 0,
        "interestExpense": 0,
        "depreciationAndAmortization": 34800000,
        "ebitda": 101200000,
        "ebitdaratio": 0.1320976374,
        "operatingIncome": 66400000,
        "operatingIncomeRatio": 0.0866727581,
        "totalOtherIncomeExpensesNet": -6900000,
        "incomeBeforeTax": 59500000,
        "incomeBeforeTaxRatio": 0.077666101,
        "incomeTaxExpense": 21100000,
        "netIncome": 38400000,
        "netIncomeRatio": 0.0501240047,
        "eps": 0.76,
        "epsdiluted": 0.73,
        "weightedAverageShsOut": 48421000,
        "weightedAverageShsOutDil": 50411000,
        "link": "https://www.sec.gov/Archives/edgar/data/74303/000095013095000959/0000950130-95-000959-index.html",
        "finalLink": "https://www.sec.gov/Archives/edgar/data/74303/"
    },
    {
        "date": "1994-12-31",
        "symbol": "OLN",
        "reportedCurrency": "USD",
        "cik": "0000074303",
        "fillingDate": "1995-03-10",
        "acceptedDate": "1995-03-10 00:00:00",
        "calendarYear": "1994",
        "period": "Q4",
        "revenue": 678100000,
        "costOfRevenue": 520500000,
        "grossProfit": 157600000,
        "grossProfitRatio": 0.2324140982,
        "researchAndDevelopmentExpenses": 0,
        "generalAndAdministrativeExpenses": 78900000,
        "sellingAndMarketingExpenses": 0,
        "sellingGeneralAndAdministrativeExpenses": 78900000,
        "otherExpenses": 34200000,
        "operatingExpenses": 113100000,
        "costAndExpenses": 633600000,
        "interestIncome": 0,
        "interestExpense": 0,
        "depreciationAndAmortization": 34200000,
        "ebitda": 78700000,
        "ebitdaratio": 0.1160595782,
        "operatingIncome": 44500000,
        "operatingIncomeRatio": 0.0656245392,
        "totalOtherIncomeExpensesNet": -6000000,
        "incomeBeforeTax": 38500000,
        "incomeBeforeTaxRatio": 0.0567762867,
        "incomeTaxExpense": 12500000,
        "netIncome": 26000000,
        "netIncomeRatio": 0.0383424274,
        "eps": 0.54,
        "epsdiluted": 0.54,
        "weightedAverageShsOut": 48421000,
        "weightedAverageShsOutDil": 48421000,
        "link": "https://www.sec.gov/Archives/edgar/data/74303/000095013095000463/0000950130-95-000463-index.html",
        "finalLink": "https://www.sec.gov/Archives/edgar/data/74303/"
    },
    {
        "date": "1994-09-30",
        "symbol": "OLN",
        "reportedCurrency": "USD",
        "cik": "0000074303",
        "fillingDate": "1994-11-14",
        "acceptedDate": "1994-11-14 00:00:00",
        "calendarYear": "1994",
        "period": "Q3",
        "revenue": 666900000,
        "costOfRevenue": 507200000,
        "grossProfit": 159700000,
        "grossProfitRatio": 0.2394661868,
        "researchAndDevelopmentExpenses": 0,
        "generalAndAdministrativeExpenses": 82600000,
        "sellingAndMarketingExpenses": 0,
        "sellingGeneralAndAdministrativeExpenses": 82600000,
        "otherExpenses": 36400000,
        "operatingExpenses": 119000000,
        "costAndExpenses": 626200000,
        "interestIncome": 0,
        "interestExpense": 0,
        "depreciationAndAmortization": 36400000,
        "ebitda": 77100000,
        "ebitdaratio": 0.1156095367,
        "operatingIncome": 40700000,
        "operatingIncomeRatio": 0.06102864,
        "totalOtherIncomeExpensesNet": -4700000,
        "incomeBeforeTax": 36000000,
        "incomeBeforeTaxRatio": 0.0539811066,
        "incomeTaxExpense": 13900000,
        "netIncome": 22100000,
        "netIncomeRatio": 0.0331384016,
        "eps": 0.43,
        "epsdiluted": 0.43,
        "weightedAverageShsOut": 47674000,
        "weightedAverageShsOutDil": 47674000,
        "link": "https://www.sec.gov/Archives/edgar/data/74303/000007430394000022/0000074303-94-000022-index.html",
        "finalLink": "https://www.sec.gov/Archives/edgar/data/74303/"
    },
    {
        "date": "1994-06-30",
        "symbol": "OLN",
        "reportedCurrency": "USD",
        "cik": "0000074303",
        "fillingDate": "1994-08-10",
        "acceptedDate": "1994-08-10 00:00:00",
        "calendarYear": "1994",
        "period": "Q2",
        "revenue": 708100000,
        "costOfRevenue": 531200000,
        "grossProfit": 176900000,
        "grossProfitRatio": 0.2498234713,
        "researchAndDevelopmentExpenses": 0,
        "generalAndAdministrativeExpenses": 90200000,
        "sellingAndMarketingExpenses": 0,
        "sellingGeneralAndAdministrativeExpenses": 90200000,
        "otherExpenses": 36000000,
        "operatingExpenses": 126200000,
        "costAndExpenses": 657400000,
        "interestIncome": 0,
        "interestExpense": 0,
        "depreciationAndAmortization": 36000000,
        "ebitda": 86700000,
        "ebitdaratio": 0.1224403333,
        "operatingIncome": 50700000,
        "operatingIncomeRatio": 0.0716000565,
        "totalOtherIncomeExpensesNet": -8100000,
        "incomeBeforeTax": 42600000,
        "incomeBeforeTaxRatio": 0.0601609942,
        "incomeTaxExpense": 15000000,
        "netIncome": 27600000,
        "netIncomeRatio": 0.0389775455,
        "eps": 0.58,
        "epsdiluted": 0.55,
        "weightedAverageShsOut": 44483000,
        "weightedAverageShsOutDil": 46909000,
        "link": "https://www.sec.gov/Archives/edgar/data/74303/000007430394000014/0000074303-94-000014-index.html",
        "finalLink": "https://www.sec.gov/Archives/edgar/data/74303/"
    },
    {
        "date": "1994-03-31",
        "symbol": "OLN",
        "reportedCurrency": "USD",
        "cik": "0000074303",
        "fillingDate": "1994-05-02",
        "acceptedDate": "1994-05-02 00:00:00",
        "calendarYear": "1994",
        "period": "Q1",
        "revenue": 604900000,
        "costOfRevenue": 454100000,
        "grossProfit": 150800000,
        "grossProfitRatio": 0.2492974045,
        "researchAndDevelopmentExpenses": 0,
        "generalAndAdministrativeExpenses": 85300000,
        "sellingAndMarketingExpenses": 0,
        "sellingGeneralAndAdministrativeExpenses": 85300000,
        "otherExpenses": 33400000,
        "operatingExpenses": 118700000,
        "costAndExpenses": 572800000,
        "interestIncome": 0,
        "interestExpense": 0,
        "depreciationAndAmortization": 33400000,
        "ebitda": 65500000,
        "ebitdaratio": 0.1082823607,
        "operatingIncome": 32100000,
        "operatingIncomeRatio": 0.0530666226,
        "totalOtherIncomeExpensesNet": -8200000,
        "incomeBeforeTax": 23900000,
        "incomeBeforeTaxRatio": 0.0395106629,
        "incomeTaxExpense": 8600000,
        "netIncome": 15300000,
        "netIncomeRatio": 0.0252934369,
        "eps": 0.31,
        "epsdiluted": 0.31,
        "weightedAverageShsOut": 43871000,
        "weightedAverageShsOutDil": 43871000,
        "link": "https://www.sec.gov/Archives/edgar/data/74303/000007430394000011/0000074303-94-000011-index.html",
        "finalLink": "https://www.sec.gov/Archives/edgar/data/74303/"
    },
    {
        "date": "1993-12-31",
        "symbol": "OLN",
        "reportedCurrency": "USD",
        "cik": "0000074303",
        "fillingDate": "1994-03-14",
        "acceptedDate": "1994-03-14 00:00:00",
        "calendarYear": "1993",
        "period": "Q4",
        "revenue": 598800000,
        "costOfRevenue": 625300000,
        "grossProfit": -26500000,
        "grossProfitRatio": -0.044255177,
        "researchAndDevelopmentExpenses": 0,
        "generalAndAdministrativeExpenses": 0,
        "sellingAndMarketingExpenses": 0,
        "sellingGeneralAndAdministrativeExpenses": 128400000,
        "otherExpenses": 37000000,
        "operatingExpenses": 165400000,
        "costAndExpenses": 790700000,
        "interestIncome": 0,
        "interestExpense": 0,
        "depreciationAndAmortization": 37000000,
        "ebitda": -154900000,
        "ebitdaratio": -0.2586840347,
        "operatingIncome": -191900000,
        "operatingIncomeRatio": -0.3204742819,
        "totalOtherIncomeExpensesNet": -7000000,
        "incomeBeforeTax": -198900000,
        "incomeBeforeTaxRatio": -0.3321643287,
        "incomeTaxExpense": -75900000,
        "netIncome": -123000000,
        "netIncomeRatio": -0.2054108216,
        "eps": -3.22,
        "epsdiluted": -3.07,
        "weightedAverageShsOut": 38204000,
        "weightedAverageShsOutDil": 40000000,
        "link": "https://www.sec.gov/Archives/edgar/data/74303/000095013094000389/0000950130-94-000389-index.html",
        "finalLink": "https://www.sec.gov/Archives/edgar/data/74303/"
    },
    {
        "date": "1993-09-30",
        "symbol": "OLN",
        "reportedCurrency": "USD",
        "cik": "0000074303",
        "fillingDate": "1993-09-30",
        "acceptedDate": "1993-09-30 00:00:00",
        "calendarYear": "1993",
        "period": "Q3",
        "revenue": 606800000,
        "costOfRevenue": 472400000,
        "grossProfit": 134400000,
        "grossProfitRatio": 0.2214897825,
        "researchAndDevelopmentExpenses": 0,
        "generalAndAdministrativeExpenses": 0,
        "sellingAndMarketingExpenses": 0,
        "sellingGeneralAndAdministrativeExpenses": 82500000,
        "otherExpenses": 35300000,
        "operatingExpenses": 117800000,
        "costAndExpenses": 590200000,
        "interestIncome": 0,
        "interestExpense": 0,
        "depreciationAndAmortization": 34900000,
        "ebitda": 51900000,
        "ebitdaratio": 0.0855306526,
        "operatingIncome": 16600000,
        "operatingIncomeRatio": 0.0273566249,
        "totalOtherIncomeExpensesNet": -7800000,
        "incomeBeforeTax": 8800000,
        "incomeBeforeTaxRatio": 0.0145023072,
        "incomeTaxExpense": 3800000,
        "netIncome": 5000000,
        "netIncomeRatio": 0.0082399473,
        "eps": 0.08,
        "epsdiluted": 0.08,
        "weightedAverageShsOut": 40000000,
        "weightedAverageShsOutDil": 40000000,
        "link": null,
        "finalLink": null
    },
    {
        "date": "1993-06-30",
        "symbol": "OLN",
        "reportedCurrency": "USD",
        "cik": "0000074303",
        "fillingDate": "1993-06-30",
        "acceptedDate": "1993-06-30 00:00:00",
        "calendarYear": "1993",
        "period": "Q2",
        "revenue": 625500000,
        "costOfRevenue": 473300000,
        "grossProfit": 152200000,
        "grossProfitRatio": 0.2433253397,
        "researchAndDevelopmentExpenses": 0,
        "generalAndAdministrativeExpenses": 0,
        "sellingAndMarketingExpenses": 0,
        "sellingGeneralAndAdministrativeExpenses": 89600000,
        "otherExpenses": 33600000,
        "operatingExpenses": 123200000,
        "costAndExpenses": 596500000,
        "interestIncome": 0,
        "interestExpense": 0,
        "depreciationAndAmortization": 34000000,
        "ebitda": 63000000,
        "ebitdaratio": 0.1007194245,
        "operatingIncome": 29000000,
        "operatingIncomeRatio": 0.0463629097,
        "totalOtherIncomeExpensesNet": -6800000,
        "incomeBeforeTax": 22200000,
        "incomeBeforeTaxRatio": 0.0354916067,
        "incomeTaxExpense": 7900000,
        "netIncome": 14300000,
        "netIncomeRatio": 0.0228617106,
        "eps": 0.29,
        "epsdiluted": 0.29,
        "weightedAverageShsOut": 43103000,
        "weightedAverageShsOutDil": 43103000,
        "link": null,
        "finalLink": null
    },
    {
        "date": "1993-03-31",
        "symbol": "OLN",
        "reportedCurrency": "USD",
        "cik": "0000074303",
        "fillingDate": "1993-03-31",
        "acceptedDate": "1993-03-31 00:00:00",
        "calendarYear": "1993",
        "period": "Q1",
        "revenue": 591900000,
        "costOfRevenue": 451000000,
        "grossProfit": 140900000,
        "grossProfitRatio": 0.2380469674,
        "researchAndDevelopmentExpenses": 0,
        "generalAndAdministrativeExpenses": 0,
        "sellingAndMarketingExpenses": 0,
        "sellingGeneralAndAdministrativeExpenses": 82500000,
        "otherExpenses": 33100000,
        "operatingExpenses": 115600000,
        "costAndExpenses": 566600000,
        "interestIncome": 0,
        "interestExpense": 0,
        "depreciationAndAmortization": 33100000,
        "ebitda": 58400000,
        "ebitdaratio": 0.0986653151,
        "operatingIncome": 25300000,
        "operatingIncomeRatio": 0.0427437067,
        "totalOtherIncomeExpensesNet": -7400000,
        "incomeBeforeTax": 17900000,
        "incomeBeforeTaxRatio": 0.0302415949,
        "incomeTaxExpense": 6200000,
        "netIncome": 11700000,
        "netIncomeRatio": 0.0197668525,
        "eps": 0.23,
        "epsdiluted": 0.23,
        "weightedAverageShsOut": 38150000,
        "weightedAverageShsOutDil": 38150000,
        "link": null,
        "finalLink": null
    },
    {
        "date": "1992-12-31",
        "symbol": "OLN",
        "reportedCurrency": "USD",
        "cik": "0000074303",
        "fillingDate": "1992-12-31",
        "acceptedDate": "1992-12-31 00:00:00",
        "calendarYear": "1992",
        "period": "Q4",
        "revenue": 552400000,
        "costOfRevenue": 420200000,
        "grossProfit": 132200000,
        "grossProfitRatio": 0.2393193338,
        "researchAndDevelopmentExpenses": 0,
        "generalAndAdministrativeExpenses": 0,
        "sellingAndMarketingExpenses": 0,
        "sellingGeneralAndAdministrativeExpenses": 80000000,
        "otherExpenses": 33000000,
        "operatingExpenses": 113000000,
        "costAndExpenses": 533200000,
        "interestIncome": 0,
        "interestExpense": 0,
        "depreciationAndAmortization": 33000000,
        "ebitda": 52200000,
        "ebitdaratio": 0.0944967415,
        "operatingIncome": 19200000,
        "operatingIncomeRatio": 0.0347574222,
        "totalOtherIncomeExpensesNet": -10000000,
        "incomeBeforeTax": 9200000,
        "incomeBeforeTaxRatio": 0.0166545981,
        "incomeTaxExpense": 4200000,
        "netIncome": -41000000,
        "netIncomeRatio": -0.0742215786,
        "eps": -1.11,
        "epsdiluted": -1.11,
        "weightedAverageShsOut": 37000000,
        "weightedAverageShsOutDil": 37000000,
        "link": null,
        "finalLink": null
    },
    {
        "date": "1992-09-30",
        "symbol": "OLN",
        "reportedCurrency": "USD",
        "cik": "0000074303",
        "fillingDate": "1992-09-30",
        "acceptedDate": "1992-09-30 00:00:00",
        "calendarYear": "1992",
        "period": "Q3",
        "revenue": 576500000,
        "costOfRevenue": 442200000,
        "grossProfit": 134300000,
        "grossProfitRatio": 0.2329575022,
        "researchAndDevelopmentExpenses": 0,
        "generalAndAdministrativeExpenses": 0,
        "sellingAndMarketingExpenses": 0,
        "sellingGeneralAndAdministrativeExpenses": 77600000,
        "otherExpenses": 40000000,
        "operatingExpenses": 117600000,
        "costAndExpenses": 559800000,
        "interestIncome": 0,
        "interestExpense": 0,
        "depreciationAndAmortization": 30400000,
        "ebitda": 53600000,
        "ebitdaratio": 0.0929748482,
        "operatingIncome": 16700000,
        "operatingIncomeRatio": 0.0289679098,
        "totalOtherIncomeExpensesNet": -6300000,
        "incomeBeforeTax": 10400000,
        "incomeBeforeTaxRatio": 0.0180398959,
        "incomeTaxExpense": 4800000,
        "netIncome": 5600000,
        "netIncomeRatio": 0.0097137901,
        "eps": 0.1,
        "epsdiluted": 0.1,
        "weightedAverageShsOut": 37000000,
        "weightedAverageShsOutDil": 37000000,
        "link": null,
        "finalLink": null
    },
    {
        "date": "1992-06-30",
        "symbol": "OLN",
        "reportedCurrency": "USD",
        "cik": "0000074303",
        "fillingDate": "1992-06-30",
        "acceptedDate": "1992-06-30 00:00:00",
        "calendarYear": "1992",
        "period": "Q2",
        "revenue": 632900000,
        "costOfRevenue": 485600000,
        "grossProfit": 147300000,
        "grossProfitRatio": 0.2327381893,
        "researchAndDevelopmentExpenses": 0,
        "generalAndAdministrativeExpenses": 0,
        "sellingAndMarketingExpenses": 0,
        "sellingGeneralAndAdministrativeExpenses": 79200000,
        "otherExpenses": 29800000,
        "operatingExpenses": 109000000,
        "costAndExpenses": 594600000,
        "interestIncome": 0,
        "interestExpense": 0,
        "depreciationAndAmortization": 30400000,
        "ebitda": 68700000,
        "ebitdaratio": 0.1085479539,
        "operatingIncome": 38300000,
        "operatingIncomeRatio": 0.0605150893,
        "totalOtherIncomeExpensesNet": -6600000,
        "incomeBeforeTax": 31700000,
        "incomeBeforeTaxRatio": 0.0500869016,
        "incomeTaxExpense": 10900000,
        "netIncome": 20800000,
        "netIncomeRatio": 0.0328645916,
        "eps": 0.45,
        "epsdiluted": 0.44,
        "weightedAverageShsOut": 42000000,
        "weightedAverageShsOutDil": 42955000,
        "link": null,
        "finalLink": null
    },
    {
        "date": "1992-03-31",
        "symbol": "OLN",
        "reportedCurrency": "USD",
        "cik": "0000074303",
        "fillingDate": "1992-03-31",
        "acceptedDate": "1992-03-31 00:00:00",
        "calendarYear": "1992",
        "period": "Q1",
        "revenue": 614200000,
        "costOfRevenue": 461000000,
        "grossProfit": 153200000,
        "grossProfitRatio": 0.249430153,
        "researchAndDevelopmentExpenses": 0,
        "generalAndAdministrativeExpenses": 0,
        "sellingAndMarketingExpenses": 0,
        "sellingGeneralAndAdministrativeExpenses": 81200000,
        "otherExpenses": 29200000,
        "operatingExpenses": 110400000,
        "costAndExpenses": 571400000,
        "interestIncome": 0,
        "interestExpense": 0,
        "depreciationAndAmortization": 29200000,
        "ebitda": 72000000,
        "ebitdaratio": 0.1172256594,
        "operatingIncome": 42800000,
        "operatingIncomeRatio": 0.069684142,
        "totalOtherIncomeExpensesNet": -6100000,
        "incomeBeforeTax": 36700000,
        "incomeBeforeTaxRatio": 0.0597525236,
        "incomeTaxExpense": 13100000,
        "netIncome": 23600000,
        "netIncomeRatio": 0.0384239661,
        "eps": 0.53,
        "epsdiluted": 0.52,
        "weightedAverageShsOut": 40943000,
        "weightedAverageShsOutDil": 41731000,
        "link": null,
        "finalLink": null
    },
    {
        "date": "1991-12-31",
        "symbol": "OLN",
        "reportedCurrency": "USD",
        "cik": "0000074303",
        "fillingDate": "1991-12-31",
        "acceptedDate": "1991-12-31 00:00:00",
        "calendarYear": "1991",
        "period": "Q4",
        "revenue": 594300000,
        "costOfRevenue": 458500000,
        "grossProfit": 135800000,
        "grossProfitRatio": 0.2285041225,
        "researchAndDevelopmentExpenses": 0,
        "generalAndAdministrativeExpenses": 0,
        "sellingAndMarketingExpenses": 0,
        "sellingGeneralAndAdministrativeExpenses": 79900000,
        "otherExpenses": 28700000,
        "operatingExpenses": 108600000,
        "costAndExpenses": 567100000,
        "interestIncome": 0,
        "interestExpense": 0,
        "depreciationAndAmortization": 28700000,
        "ebitda": 55900000,
        "ebitdaratio": 0.0940602389,
        "operatingIncome": 27200000,
        "operatingIncomeRatio": 0.0457681306,
        "totalOtherIncomeExpensesNet": -9100000,
        "incomeBeforeTax": 18100000,
        "incomeBeforeTaxRatio": 0.0304559987,
        "incomeTaxExpense": 8200000,
        "netIncome": 9900000,
        "netIncomeRatio": 0.0166582534,
        "eps": 0.26,
        "epsdiluted": 0.26,
        "weightedAverageShsOut": 38000000,
        "weightedAverageShsOutDil": 38000000,
        "link": null,
        "finalLink": null
    },
    {
        "date": "1991-09-30",
        "symbol": "OLN",
        "reportedCurrency": "USD",
        "cik": "0000074303",
        "fillingDate": "1991-09-30",
        "acceptedDate": "1991-09-30 00:00:00",
        "calendarYear": "1991",
        "period": "Q3",
        "revenue": 551300000,
        "costOfRevenue": 423100000,
        "grossProfit": 128200000,
        "grossProfitRatio": 0.2325412661,
        "researchAndDevelopmentExpenses": 0,
        "generalAndAdministrativeExpenses": 0,
        "sellingAndMarketingExpenses": 0,
        "sellingGeneralAndAdministrativeExpenses": 68100000,
        "otherExpenses": 30300000,
        "operatingExpenses": 98400000,
        "costAndExpenses": 521500000,
        "interestIncome": 0,
        "interestExpense": 0,
        "depreciationAndAmortization": 30300000,
        "ebitda": 60100000,
        "ebitdaratio": 0.1090150553,
        "operatingIncome": 29800000,
        "operatingIncomeRatio": 0.0540540541,
        "totalOtherIncomeExpensesNet": -7100000,
        "incomeBeforeTax": 22700000,
        "incomeBeforeTaxRatio": 0.0411754036,
        "incomeTaxExpense": 7500000,
        "netIncome": 15200000,
        "netIncomeRatio": 0.0275711954,
        "eps": 0.35,
        "epsdiluted": 0.35,
        "weightedAverageShsOut": 38000000,
        "weightedAverageShsOutDil": 38000000,
        "link": null,
        "finalLink": null
    },
    {
        "date": "1991-06-30",
        "symbol": "OLN",
        "reportedCurrency": "USD",
        "cik": "0000074303",
        "fillingDate": "1991-06-30",
        "acceptedDate": "1991-06-30 00:00:00",
        "calendarYear": "1991",
        "period": "Q2",
        "revenue": 568000000,
        "costOfRevenue": 423000000,
        "grossProfit": 145000000,
        "grossProfitRatio": 0.2552816901,
        "researchAndDevelopmentExpenses": 0,
        "generalAndAdministrativeExpenses": 0,
        "sellingAndMarketingExpenses": 0,
        "sellingGeneralAndAdministrativeExpenses": 78000000,
        "otherExpenses": 31000000,
        "operatingExpenses": 109000000,
        "costAndExpenses": 532000000,
        "interestIncome": 0,
        "interestExpense": 0,
        "depreciationAndAmortization": 31000000,
        "ebitda": 67000000,
        "ebitdaratio": 0.1179577465,
        "operatingIncome": 36000000,
        "operatingIncomeRatio": 0.0633802817,
        "totalOtherIncomeExpensesNet": -6000000,
        "incomeBeforeTax": 30000000,
        "incomeBeforeTaxRatio": 0.0528169014,
        "incomeTaxExpense": 9000000,
        "netIncome": 21000000,
        "netIncomeRatio": 0.036971831,
        "eps": 0.49,
        "epsdiluted": 0.48,
        "weightedAverageShsOut": 38776000,
        "weightedAverageShsOutDil": 39583000,
        "link": null,
        "finalLink": null
    },
    {
        "date": "1991-03-31",
        "symbol": "OLN",
        "reportedCurrency": "USD",
        "cik": "0000074303",
        "fillingDate": "1991-03-31",
        "acceptedDate": "1991-03-31 00:00:00",
        "calendarYear": "1991",
        "period": "Q1",
        "revenue": 561000000,
        "costOfRevenue": 412000000,
        "grossProfit": 149000000,
        "grossProfitRatio": 0.265597148,
        "researchAndDevelopmentExpenses": 0,
        "generalAndAdministrativeExpenses": 0,
        "sellingAndMarketingExpenses": 0,
        "sellingGeneralAndAdministrativeExpenses": 207000000,
        "otherExpenses": 30000000,
        "operatingExpenses": 237000000,
        "costAndExpenses": 649000000,
        "interestIncome": 0,
        "interestExpense": 0,
        "depreciationAndAmortization": 30000000,
        "ebitda": -58000000,
        "ebitdaratio": -0.1033868093,
        "operatingIncome": -88000000,
        "operatingIncomeRatio": -0.1568627451,
        "totalOtherIncomeExpensesNet": -8000000,
        "incomeBeforeTax": -96000000,
        "incomeBeforeTaxRatio": -0.1711229947,
        "incomeTaxExpense": -37000000,
        "netIncome": -59000000,
        "netIncomeRatio": -0.1051693405,
        "eps": -1.6,
        "epsdiluted": -1.6,
        "weightedAverageShsOut": 38125000,
        "weightedAverageShsOutDil": 38125000,
        "link": null,
        "finalLink": null
    },
    {
        "date": "1990-12-31",
        "symbol": "OLN",
        "reportedCurrency": "USD",
        "cik": "0000074303",
        "fillingDate": "1990-12-31",
        "acceptedDate": "1990-12-31 00:00:00",
        "calendarYear": "1990",
        "period": "Q4",
        "revenue": 640000000,
        "costOfRevenue": 492000000,
        "grossProfit": 148000000,
        "grossProfitRatio": 0.23125,
        "researchAndDevelopmentExpenses": 0,
        "generalAndAdministrativeExpenses": 0,
        "sellingAndMarketingExpenses": 0,
        "sellingGeneralAndAdministrativeExpenses": 104000000,
        "otherExpenses": 33000000,
        "operatingExpenses": 137000000,
        "costAndExpenses": 629000000,
        "interestIncome": 0,
        "interestExpense": 0,
        "depreciationAndAmortization": 33000000,
        "ebitda": 44000000,
        "ebitdaratio": 0.06875,
        "operatingIncome": 11000000,
        "operatingIncomeRatio": 0.0171875,
        "totalOtherIncomeExpensesNet": -9000000,
        "incomeBeforeTax": 2000000,
        "incomeBeforeTaxRatio": 0.003125,
        "incomeTaxExpense": -6000000,
        "netIncome": 8000000,
        "netIncomeRatio": 0.0125,
        "eps": 0.2,
        "epsdiluted": 0.2,
        "weightedAverageShsOut": 39394000,
        "weightedAverageShsOutDil": 39394000,
        "link": null,
        "finalLink": null
    },
    {
        "date": "1990-09-30",
        "symbol": "OLN",
        "reportedCurrency": "USD",
        "cik": "0000074303",
        "fillingDate": "1990-09-30",
        "acceptedDate": "1990-09-30 00:00:00",
        "calendarYear": "1990",
        "period": "Q3",
        "revenue": 656000000,
        "costOfRevenue": 506000000,
        "grossProfit": 150000000,
        "grossProfitRatio": 0.2286585366,
        "researchAndDevelopmentExpenses": 0,
        "generalAndAdministrativeExpenses": 0,
        "sellingAndMarketingExpenses": 0,
        "sellingGeneralAndAdministrativeExpenses": 84000000,
        "otherExpenses": 31000000,
        "operatingExpenses": 115000000,
        "costAndExpenses": 621000000,
        "interestIncome": 0,
        "interestExpense": 0,
        "depreciationAndAmortization": 31000000,
        "ebitda": 66000000,
        "ebitdaratio": 0.1006097561,
        "operatingIncome": 35000000,
        "operatingIncomeRatio": 0.0533536585,
        "totalOtherIncomeExpensesNet": -14000000,
        "incomeBeforeTax": 21000000,
        "incomeBeforeTaxRatio": 0.0320121951,
        "incomeTaxExpense": 6000000,
        "netIncome": 15000000,
        "netIncomeRatio": 0.0228658537,
        "eps": 0.33,
        "epsdiluted": 0.31,
        "weightedAverageShsOut": 39394000,
        "weightedAverageShsOutDil": 41935000,
        "link": null,
        "finalLink": null
    },
    {
        "date": "1990-06-30",
        "symbol": "OLN",
        "reportedCurrency": "USD",
        "cik": "0000074303",
        "fillingDate": "1990-06-30",
        "acceptedDate": "1990-06-30 00:00:00",
        "calendarYear": "1990",
        "period": "Q2",
        "revenue": 660000000,
        "costOfRevenue": 481000000,
        "grossProfit": 179000000,
        "grossProfitRatio": 0.2712121212,
        "researchAndDevelopmentExpenses": 0,
        "generalAndAdministrativeExpenses": 0,
        "sellingAndMarketingExpenses": 0,
        "sellingGeneralAndAdministrativeExpenses": 102000000,
        "otherExpenses": 29000000,
        "operatingExpenses": 131000000,
        "costAndExpenses": 612000000,
        "interestIncome": 0,
        "interestExpense": 0,
        "depreciationAndAmortization": 29000000,
        "ebitda": 77000000,
        "ebitdaratio": 0.1166666667,
        "operatingIncome": 48000000,
        "operatingIncomeRatio": 0.0727272727,
        "totalOtherIncomeExpensesNet": -5000000,
        "incomeBeforeTax": 43000000,
        "incomeBeforeTaxRatio": 0.0651515152,
        "incomeTaxExpense": 14000000,
        "netIncome": 29000000,
        "netIncomeRatio": 0.0439393939,
        "eps": 0.71,
        "epsdiluted": 0.67,
        "weightedAverageShsOut": 38028000,
        "weightedAverageShsOutDil": 40299000,
        "link": null,
        "finalLink": null
    },
    {
        "date": "1990-03-31",
        "symbol": "OLN",
        "reportedCurrency": "USD",
        "cik": "0000074303",
        "fillingDate": "1990-03-31",
        "acceptedDate": "1990-03-31 00:00:00",
        "calendarYear": "1990",
        "period": "Q1",
        "revenue": 636000000,
        "costOfRevenue": 461000000,
        "grossProfit": 175000000,
        "grossProfitRatio": 0.2751572327,
        "researchAndDevelopmentExpenses": 0,
        "generalAndAdministrativeExpenses": 0,
        "sellingAndMarketingExpenses": 0,
        "sellingGeneralAndAdministrativeExpenses": 92000000,
        "otherExpenses": 30000000,
        "operatingExpenses": 122000000,
        "costAndExpenses": 583000000,
        "interestIncome": 0,
        "interestExpense": 0,
        "depreciationAndAmortization": 30000000,
        "ebitda": 83000000,
        "ebitdaratio": 0.1305031447,
        "operatingIncome": 53000000,
        "operatingIncomeRatio": 0.0833333333,
        "totalOtherIncomeExpensesNet": -3000000,
        "incomeBeforeTax": 50000000,
        "incomeBeforeTaxRatio": 0.0786163522,
        "incomeTaxExpense": 18000000,
        "netIncome": 32000000,
        "netIncomeRatio": 0.0503144654,
        "eps": 0.8,
        "epsdiluted": 0.76,
        "weightedAverageShsOut": 37500000,
        "weightedAverageShsOutDil": 39474000,
        "link": null,
        "finalLink": null
    },
    {
        "date": "1989-12-31",
        "symbol": "OLN",
        "reportedCurrency": "USD",
        "cik": "0000074303",
        "fillingDate": "1989-12-31",
        "acceptedDate": "1989-12-31 00:00:00",
        "calendarYear": "1989",
        "period": "Q4",
        "revenue": 600000000,
        "costOfRevenue": 423000000,
        "grossProfit": 177000000,
        "grossProfitRatio": 0.295,
        "researchAndDevelopmentExpenses": 0,
        "generalAndAdministrativeExpenses": 0,
        "sellingAndMarketingExpenses": 0,
        "sellingGeneralAndAdministrativeExpenses": 93000000,
        "otherExpenses": 32000000,
        "operatingExpenses": 125000000,
        "costAndExpenses": 548000000,
        "interestIncome": 0,
        "interestExpense": 0,
        "depreciationAndAmortization": 32000000,
        "ebitda": 84000000,
        "ebitdaratio": 0.14,
        "operatingIncome": 52000000,
        "operatingIncomeRatio": 0.0866666667,
        "totalOtherIncomeExpensesNet": -5000000,
        "incomeBeforeTax": 47000000,
        "incomeBeforeTaxRatio": 0.0783333333,
        "incomeTaxExpense": 16000000,
        "netIncome": 31000000,
        "netIncomeRatio": 0.0516666667,
        "eps": 0.82,
        "epsdiluted": 0.82,
        "weightedAverageShsOut": 37931000,
        "weightedAverageShsOutDil": 37931000,
        "link": null,
        "finalLink": null
    },
    {
        "date": "1989-09-30",
        "symbol": "OLN",
        "reportedCurrency": "USD",
        "cik": "0000074303",
        "fillingDate": "1989-09-30",
        "acceptedDate": "1989-09-30 00:00:00",
        "calendarYear": "1989",
        "period": "Q3",
        "revenue": 580000000,
        "costOfRevenue": 418000000,
        "grossProfit": 162000000,
        "grossProfitRatio": 0.2793103448,
        "researchAndDevelopmentExpenses": 0,
        "generalAndAdministrativeExpenses": 0,
        "sellingAndMarketingExpenses": 0,
        "sellingGeneralAndAdministrativeExpenses": 83000000,
        "otherExpenses": 31000000,
        "operatingExpenses": 114000000,
        "costAndExpenses": 532000000,
        "interestIncome": 0,
        "interestExpense": 0,
        "depreciationAndAmortization": 31000000,
        "ebitda": 79000000,
        "ebitdaratio": 0.1362068966,
        "operatingIncome": 48000000,
        "operatingIncomeRatio": 0.0827586207,
        "totalOtherIncomeExpensesNet": -11000000,
        "incomeBeforeTax": 37000000,
        "incomeBeforeTaxRatio": 0.0637931034,
        "incomeTaxExpense": 13000000,
        "netIncome": 24000000,
        "netIncomeRatio": 0.0413793103,
        "eps": 0.58,
        "epsdiluted": 0.55,
        "weightedAverageShsOut": 37931000,
        "weightedAverageShsOutDil": 40000000,
        "link": null,
        "finalLink": null
    },
    {
        "date": "1989-06-30",
        "symbol": "OLN",
        "reportedCurrency": "USD",
        "cik": "0000074303",
        "fillingDate": "1989-06-30",
        "acceptedDate": "1989-06-30 00:00:00",
        "calendarYear": "1989",
        "period": "Q2",
        "revenue": 658000000,
        "costOfRevenue": 476000000,
        "grossProfit": 182000000,
        "grossProfitRatio": 0.2765957447,
        "researchAndDevelopmentExpenses": 0,
        "generalAndAdministrativeExpenses": 0,
        "sellingAndMarketingExpenses": 0,
        "sellingGeneralAndAdministrativeExpenses": 87000000,
        "otherExpenses": 30000000,
        "operatingExpenses": 117000000,
        "costAndExpenses": 593000000,
        "interestIncome": 0,
        "interestExpense": 0,
        "depreciationAndAmortization": 30000000,
        "ebitda": 95000000,
        "ebitdaratio": 0.1443768997,
        "operatingIncome": 65000000,
        "operatingIncomeRatio": 0.0987841945,
        "totalOtherIncomeExpensesNet": -10000000,
        "incomeBeforeTax": 55000000,
        "incomeBeforeTaxRatio": 0.0835866261,
        "incomeTaxExpense": 20000000,
        "netIncome": 35000000,
        "netIncomeRatio": 0.0531914894,
        "eps": 0.85,
        "epsdiluted": 0.85,
        "weightedAverageShsOut": 41176000,
        "weightedAverageShsOutDil": 41176000,
        "link": null,
        "finalLink": null
    },
    {
        "date": "1989-03-31",
        "symbol": "OLN",
        "reportedCurrency": "USD",
        "cik": "0000074303",
        "fillingDate": "1989-03-31",
        "acceptedDate": "1989-03-31 00:00:00",
        "calendarYear": "1989",
        "period": "Q1",
        "revenue": 671000000,
        "costOfRevenue": 490000000,
        "grossProfit": 181000000,
        "grossProfitRatio": 0.2697466468,
        "researchAndDevelopmentExpenses": 0,
        "generalAndAdministrativeExpenses": 0,
        "sellingAndMarketingExpenses": 0,
        "sellingGeneralAndAdministrativeExpenses": 90000000,
        "otherExpenses": 29000000,
        "operatingExpenses": 119000000,
        "costAndExpenses": 609000000,
        "interestIncome": 0,
        "interestExpense": 0,
        "depreciationAndAmortization": 29000000,
        "ebitda": 91000000,
        "ebitdaratio": 0.1356184799,
        "operatingIncome": 62000000,
        "operatingIncomeRatio": 0.0923994039,
        "totalOtherIncomeExpensesNet": -9000000,
        "incomeBeforeTax": 53000000,
        "incomeBeforeTaxRatio": 0.0789865872,
        "incomeTaxExpense": 19000000,
        "netIncome": 34000000,
        "netIncomeRatio": 0.0506706408,
        "eps": 0.84,
        "epsdiluted": 0.84,
        "weightedAverageShsOut": 40476000,
        "weightedAverageShsOutDil": 40476000,
        "link": null,
        "finalLink": null
    },
    {
        "date": "1988-12-31",
        "symbol": "OLN",
        "reportedCurrency": "USD",
        "cik": "0000074303",
        "fillingDate": "1988-12-31",
        "acceptedDate": "1988-12-30 19:00:00",
        "calendarYear": "1988",
        "period": "Q4",
        "revenue": 623000000,
        "costOfRevenue": 0,
        "grossProfit": 623000000,
        "grossProfitRatio": 1,
        "researchAndDevelopmentExpenses": 0,
        "generalAndAdministrativeExpenses": 0,
        "sellingAndMarketingExpenses": 0,
        "sellingGeneralAndAdministrativeExpenses": 0,
        "otherExpenses": -2128000000,
        "operatingExpenses": -2128000000,
        "costAndExpenses": -2128000000,
        "interestIncome": 0,
        "interestExpense": 0,
        "depreciationAndAmortization": 0,
        "ebitda": -1505000000,
        "ebitdaratio": -2.4157303371,
        "operatingIncome": -1505000000,
        "operatingIncomeRatio": -2.4157303371,
        "totalOtherIncomeExpensesNet": 1505000000,
        "incomeBeforeTax": 0,
        "incomeBeforeTaxRatio": 0,
        "incomeTaxExpense": 0,
        "netIncome": 21000000,
        "netIncomeRatio": 0.0337078652,
        "eps": 0.51,
        "epsdiluted": 0.49,
        "weightedAverageShsOut": 44006000,
        "weightedAverageShsOutDil": 44006000,
        "link": "",
        "finalLink": ""
    },
    {
        "date": "1988-09-30",
        "symbol": "OLN",
        "reportedCurrency": "USD",
        "cik": "0000074303",
        "fillingDate": "1988-09-30",
        "acceptedDate": "1988-09-29 20:00:00",
        "calendarYear": "1988",
        "period": "Q3",
        "revenue": 540000000,
        "costOfRevenue": 0,
        "grossProfit": 540000000,
        "grossProfitRatio": 1,
        "researchAndDevelopmentExpenses": 0,
        "generalAndAdministrativeExpenses": 0,
        "sellingAndMarketingExpenses": 0,
        "sellingGeneralAndAdministrativeExpenses": 0,
        "otherExpenses": 540000000,
        "operatingExpenses": 540000000,
        "costAndExpenses": 540000000,
        "interestIncome": 0,
        "interestExpense": 0,
        "depreciationAndAmortization": 0,
        "ebitda": 540000000,
        "ebitdaratio": 1,
        "operatingIncome": 540000000,
        "operatingIncomeRatio": 1,
        "totalOtherIncomeExpensesNet": -540000000,
        "incomeBeforeTax": 0,
        "incomeBeforeTaxRatio": 0,
        "incomeTaxExpense": 0,
        "netIncome": 19000000,
        "netIncomeRatio": 0.0351851852,
        "eps": 0.45,
        "epsdiluted": 0.45,
        "weightedAverageShsOut": 44006000,
        "weightedAverageShsOutDil": 44006000,
        "link": "",
        "finalLink": ""
    },
    {
        "date": "1988-06-30",
        "symbol": "OLN",
        "reportedCurrency": "USD",
        "cik": "0000074303",
        "fillingDate": "1988-06-30",
        "acceptedDate": "1988-06-29 20:00:00",
        "calendarYear": "1988",
        "period": "Q2",
        "revenue": 578000000,
        "costOfRevenue": 0,
        "grossProfit": 578000000,
        "grossProfitRatio": 1,
        "researchAndDevelopmentExpenses": 0,
        "generalAndAdministrativeExpenses": 0,
        "sellingAndMarketingExpenses": 0,
        "sellingGeneralAndAdministrativeExpenses": 0,
        "otherExpenses": 578000000,
        "operatingExpenses": 578000000,
        "costAndExpenses": 578000000,
        "interestIncome": 0,
        "interestExpense": 0,
        "depreciationAndAmortization": 0,
        "ebitda": 578000000,
        "ebitdaratio": 1,
        "operatingIncome": 578000000,
        "operatingIncomeRatio": 1,
        "totalOtherIncomeExpensesNet": -578000000,
        "incomeBeforeTax": 0,
        "incomeBeforeTaxRatio": 0,
        "incomeTaxExpense": 0,
        "netIncome": 29000000,
        "netIncomeRatio": 0.0501730104,
        "eps": 0.69,
        "epsdiluted": 0.69,
        "weightedAverageShsOut": 44006000,
        "weightedAverageShsOutDil": 44006000,
        "link": "",
        "finalLink": ""
    },
    {
        "date": "1988-03-31",
        "symbol": "OLN",
        "reportedCurrency": "USD",
        "cik": "0000074303",
        "fillingDate": "1988-03-31",
        "acceptedDate": "1988-03-30 19:00:00",
        "calendarYear": "1988",
        "period": "Q1",
        "revenue": 567200000,
        "costOfRevenue": 0,
        "grossProfit": 567200000,
        "grossProfitRatio": 1,
        "researchAndDevelopmentExpenses": 0,
        "generalAndAdministrativeExpenses": 0,
        "sellingAndMarketingExpenses": 0,
        "sellingGeneralAndAdministrativeExpenses": 0,
        "otherExpenses": 567200000,
        "operatingExpenses": 567200000,
        "costAndExpenses": 567200000,
        "interestIncome": 0,
        "interestExpense": 0,
        "depreciationAndAmortization": 0,
        "ebitda": 567200000,
        "ebitdaratio": 1,
        "operatingIncome": 567200000,
        "operatingIncomeRatio": 1,
        "totalOtherIncomeExpensesNet": -567200000,
        "incomeBeforeTax": 0,
        "incomeBeforeTaxRatio": 0,
        "incomeTaxExpense": 0,
        "netIncome": 29200000,
        "netIncomeRatio": 0.0514809591,
        "eps": 0.67,
        "epsdiluted": 0.67,
        "weightedAverageShsOut": 44006000,
        "weightedAverageShsOutDil": 44006000,
        "link": "",
        "finalLink": ""
    },
    {
        "date": "1987-12-31",
        "symbol": "OLN",
        "reportedCurrency": "USD",
        "cik": "0000074303",
        "fillingDate": "1987-12-31",
        "acceptedDate": "1987-12-30 19:00:00",
        "calendarYear": "1987",
        "period": "Q4",
        "revenue": 502900000,
        "costOfRevenue": 0,
        "grossProfit": 502900000,
        "grossProfitRatio": 1,
        "researchAndDevelopmentExpenses": 0,
        "generalAndAdministrativeExpenses": 0,
        "sellingAndMarketingExpenses": 0,
        "sellingGeneralAndAdministrativeExpenses": 0,
        "otherExpenses": -1781000000,
        "operatingExpenses": -1781000000,
        "costAndExpenses": -1781000000,
        "interestIncome": 0,
        "interestExpense": 0,
        "depreciationAndAmortization": 0,
        "ebitda": -1278100000,
        "ebitdaratio": -2.5414595347,
        "operatingIncome": -1278100000,
        "operatingIncomeRatio": -2.5414595347,
        "totalOtherIncomeExpensesNet": 1278100000,
        "incomeBeforeTax": 0,
        "incomeBeforeTaxRatio": 0,
        "incomeTaxExpense": 0,
        "netIncome": 16400000,
        "netIncomeRatio": 0.032610857,
        "eps": 0.37,
        "epsdiluted": 0.36,
        "weightedAverageShsOut": 47532000,
        "weightedAverageShsOutDil": 47532000,
        "link": "",
        "finalLink": ""
    },
    {
        "date": "1987-09-30",
        "symbol": "OLN",
        "reportedCurrency": "USD",
        "cik": "0000074303",
        "fillingDate": "1987-09-30",
        "acceptedDate": "1987-09-29 20:00:00",
        "calendarYear": "1987",
        "period": "Q3",
        "revenue": 468500000,
        "costOfRevenue": 0,
        "grossProfit": 468500000,
        "grossProfitRatio": 1,
        "researchAndDevelopmentExpenses": 0,
        "generalAndAdministrativeExpenses": 0,
        "sellingAndMarketingExpenses": 0,
        "sellingGeneralAndAdministrativeExpenses": 0,
        "otherExpenses": 468500000,
        "operatingExpenses": 468500000,
        "costAndExpenses": 468500000,
        "interestIncome": 0,
        "interestExpense": 0,
        "depreciationAndAmortization": 0,
        "ebitda": 468500000,
        "ebitdaratio": 1,
        "operatingIncome": 468500000,
        "operatingIncomeRatio": 1,
        "totalOtherIncomeExpensesNet": -468500000,
        "incomeBeforeTax": 0,
        "incomeBeforeTaxRatio": 0,
        "incomeTaxExpense": 0,
        "netIncome": 14900000,
        "netIncomeRatio": 0.0318036286,
        "eps": 0.32,
        "epsdiluted": 0.32,
        "weightedAverageShsOut": 47532000,
        "weightedAverageShsOutDil": 47532000,
        "link": "",
        "finalLink": ""
    },
    {
        "date": "1987-06-30",
        "symbol": "OLN",
        "reportedCurrency": "USD",
        "cik": "0000074303",
        "fillingDate": "1987-06-30",
        "acceptedDate": "1987-06-29 20:00:00",
        "calendarYear": "1987",
        "period": "Q2",
        "revenue": 485900000,
        "costOfRevenue": 0,
        "grossProfit": 485900000,
        "grossProfitRatio": 1,
        "researchAndDevelopmentExpenses": 0,
        "generalAndAdministrativeExpenses": 0,
        "sellingAndMarketingExpenses": 0,
        "sellingGeneralAndAdministrativeExpenses": 0,
        "otherExpenses": 485900000,
        "operatingExpenses": 485900000,
        "costAndExpenses": 485900000,
        "interestIncome": 0,
        "interestExpense": 0,
        "depreciationAndAmortization": 0,
        "ebitda": 485900000,
        "ebitdaratio": 1,
        "operatingIncome": 485900000,
        "operatingIncomeRatio": 1,
        "totalOtherIncomeExpensesNet": -485900000,
        "incomeBeforeTax": 0,
        "incomeBeforeTaxRatio": 0,
        "incomeTaxExpense": 0,
        "netIncome": 22300000,
        "netIncomeRatio": 0.0458942169,
        "eps": 0.48,
        "epsdiluted": 0.47,
        "weightedAverageShsOut": 47532000,
        "weightedAverageShsOutDil": 47532000,
        "link": "",
        "finalLink": ""
    },
    {
        "date": "1987-03-31",
        "symbol": "OLN",
        "reportedCurrency": "USD",
        "cik": "0000074303",
        "fillingDate": "1987-03-31",
        "acceptedDate": "1987-03-30 19:00:00",
        "calendarYear": "1987",
        "period": "Q1",
        "revenue": 467700000,
        "costOfRevenue": 0,
        "grossProfit": 467700000,
        "grossProfitRatio": 1,
        "researchAndDevelopmentExpenses": 0,
        "generalAndAdministrativeExpenses": 0,
        "sellingAndMarketingExpenses": 0,
        "sellingGeneralAndAdministrativeExpenses": 0,
        "otherExpenses": 467700000,
        "operatingExpenses": 467700000,
        "costAndExpenses": 467700000,
        "interestIncome": 0,
        "interestExpense": 0,
        "depreciationAndAmortization": 0,
        "ebitda": 467700000,
        "ebitdaratio": 1,
        "operatingIncome": 467700000,
        "operatingIncomeRatio": 1,
        "totalOtherIncomeExpensesNet": -467700000,
        "incomeBeforeTax": 0,
        "incomeBeforeTaxRatio": 0,
        "incomeTaxExpense": 0,
        "netIncome": 24500000,
        "netIncomeRatio": 0.0523840068,
        "eps": 0.53,
        "epsdiluted": 0.52,
        "weightedAverageShsOut": 48252000,
        "weightedAverageShsOutDil": 48252000,
        "link": "",
        "finalLink": ""
    },
    {
        "date": "1986-12-31",
        "symbol": "OLN",
        "reportedCurrency": "USD",
        "cik": "0000074303",
        "fillingDate": "1986-12-31",
        "acceptedDate": "1986-12-30 19:00:00",
        "calendarYear": "1986",
        "period": "Q4",
        "revenue": 407300000,
        "costOfRevenue": 0,
        "grossProfit": 407300000,
        "grossProfitRatio": 1,
        "researchAndDevelopmentExpenses": 0,
        "generalAndAdministrativeExpenses": 0,
        "sellingAndMarketingExpenses": 0,
        "sellingGeneralAndAdministrativeExpenses": 0,
        "otherExpenses": -1625900000,
        "operatingExpenses": -1625900000,
        "costAndExpenses": -1625900000,
        "interestIncome": 0,
        "interestExpense": 0,
        "depreciationAndAmortization": 0,
        "ebitda": -1218600000,
        "ebitdaratio": -2.991897864,
        "operatingIncome": -1218600000,
        "operatingIncomeRatio": -2.991897864,
        "totalOtherIncomeExpensesNet": 1218600000,
        "incomeBeforeTax": 0,
        "incomeBeforeTaxRatio": 0,
        "incomeTaxExpense": 0,
        "netIncome": 8200000,
        "netIncomeRatio": 0.0201325804,
        "eps": 0.2,
        "epsdiluted": 0.2,
        "weightedAverageShsOut": 45504000,
        "weightedAverageShsOutDil": 45504000,
        "link": "",
        "finalLink": ""
    },
    {
        "date": "1986-09-30",
        "symbol": "OLN",
        "reportedCurrency": "USD",
        "cik": "0000074303",
        "fillingDate": "1986-09-30",
        "acceptedDate": "1986-09-29 20:00:00",
        "calendarYear": "1986",
        "period": "Q3",
        "revenue": 407500000,
        "costOfRevenue": 0,
        "grossProfit": 407500000,
        "grossProfitRatio": 1,
        "researchAndDevelopmentExpenses": 0,
        "generalAndAdministrativeExpenses": 0,
        "sellingAndMarketingExpenses": 0,
        "sellingGeneralAndAdministrativeExpenses": 0,
        "otherExpenses": 407500000,
        "operatingExpenses": 407500000,
        "costAndExpenses": 407500000,
        "interestIncome": 0,
        "interestExpense": 0,
        "depreciationAndAmortization": 0,
        "ebitda": 407500000,
        "ebitdaratio": 1,
        "operatingIncome": 407500000,
        "operatingIncomeRatio": 1,
        "totalOtherIncomeExpensesNet": -407500000,
        "incomeBeforeTax": 0,
        "incomeBeforeTaxRatio": 0,
        "incomeTaxExpense": 0,
        "netIncome": 8600000,
        "netIncomeRatio": 0.0211042945,
        "eps": 0.2,
        "epsdiluted": 0.2,
        "weightedAverageShsOut": 45504000,
        "weightedAverageShsOutDil": 45504000,
        "link": "",
        "finalLink": ""
    },
    {
        "date": "1986-06-30",
        "symbol": "OLN",
        "reportedCurrency": "USD",
        "cik": "0000074303",
        "fillingDate": "1986-06-30",
        "acceptedDate": "1986-06-29 20:00:00",
        "calendarYear": "1986",
        "period": "Q2",
        "revenue": 440800000,
        "costOfRevenue": 0,
        "grossProfit": 440800000,
        "grossProfitRatio": 1,
        "researchAndDevelopmentExpenses": 0,
        "generalAndAdministrativeExpenses": 0,
        "sellingAndMarketingExpenses": 0,
        "sellingGeneralAndAdministrativeExpenses": 0,
        "otherExpenses": 440800000,
        "operatingExpenses": 440800000,
        "costAndExpenses": 440800000,
        "interestIncome": 0,
        "interestExpense": 0,
        "depreciationAndAmortization": 0,
        "ebitda": 440800000,
        "ebitdaratio": 1,
        "operatingIncome": 440800000,
        "operatingIncomeRatio": 1,
        "totalOtherIncomeExpensesNet": -440800000,
        "incomeBeforeTax": 0,
        "incomeBeforeTaxRatio": 0,
        "incomeTaxExpense": 0,
        "netIncome": 30000000,
        "netIncomeRatio": 0.0680580762,
        "eps": 0.66,
        "epsdiluted": 0.6,
        "weightedAverageShsOut": 45600000,
        "weightedAverageShsOutDil": 45600000,
        "link": "",
        "finalLink": ""
    },
    {
        "date": "1986-03-31",
        "symbol": "OLN",
        "reportedCurrency": "USD",
        "cik": "0000074303",
        "fillingDate": "1986-03-31",
        "acceptedDate": "1986-03-30 19:00:00",
        "calendarYear": "1986",
        "period": "Q1",
        "revenue": 451400000,
        "costOfRevenue": 0,
        "grossProfit": 451400000,
        "grossProfitRatio": 1,
        "researchAndDevelopmentExpenses": 0,
        "generalAndAdministrativeExpenses": 0,
        "sellingAndMarketingExpenses": 0,
        "sellingGeneralAndAdministrativeExpenses": 0,
        "otherExpenses": 451400000,
        "operatingExpenses": 451400000,
        "costAndExpenses": 451400000,
        "interestIncome": 0,
        "interestExpense": 0,
        "depreciationAndAmortization": 0,
        "ebitda": 451400000,
        "ebitdaratio": 1,
        "operatingIncome": 451400000,
        "operatingIncomeRatio": 1,
        "totalOtherIncomeExpensesNet": -451400000,
        "incomeBeforeTax": 0,
        "incomeBeforeTaxRatio": 0,
        "incomeTaxExpense": 0,
        "netIncome": 25300000,
        "netIncomeRatio": 0.0560478511,
        "eps": 0.56,
        "epsdiluted": 0.53,
        "weightedAverageShsOut": 45942000,
        "weightedAverageShsOutDil": 45942000,
        "link": "",
        "finalLink": ""
    },
    {
        "date": "1985-12-31",
        "symbol": "OLN",
        "reportedCurrency": "USD",
        "cik": "0000074303",
        "fillingDate": "1985-12-31",
        "acceptedDate": "1985-12-30 19:00:00",
        "calendarYear": "1985",
        "period": "Q4",
        "revenue": 390600000,
        "costOfRevenue": 0,
        "grossProfit": 390600000,
        "grossProfitRatio": 1,
        "researchAndDevelopmentExpenses": 0,
        "generalAndAdministrativeExpenses": 0,
        "sellingAndMarketingExpenses": 0,
        "sellingGeneralAndAdministrativeExpenses": 0,
        "otherExpenses": -1694400000,
        "operatingExpenses": -1694400000,
        "costAndExpenses": -1694400000,
        "interestIncome": 0,
        "interestExpense": 0,
        "depreciationAndAmortization": 0,
        "ebitda": -1303800000,
        "ebitdaratio": -3.3379416283,
        "operatingIncome": -1303800000,
        "operatingIncomeRatio": -3.3379416283,
        "totalOtherIncomeExpensesNet": 1303800000,
        "incomeBeforeTax": 0,
        "incomeBeforeTaxRatio": 0,
        "incomeTaxExpense": 0,
        "netIncome": 8400000,
        "netIncomeRatio": 0.0215053763,
        "eps": 0.19,
        "epsdiluted": 0.19,
        "weightedAverageShsOut": 45942000,
        "weightedAverageShsOutDil": 45966000,
        "link": "",
        "finalLink": ""
    },
    {
        "date": "1985-09-30",
        "symbol": "OLN",
        "reportedCurrency": "USD",
        "cik": "0000074303",
        "fillingDate": "1985-09-30",
        "acceptedDate": "1985-09-29 20:00:00",
        "calendarYear": "1985",
        "period": "Q3",
        "revenue": 427100000,
        "costOfRevenue": 0,
        "grossProfit": 427100000,
        "grossProfitRatio": 1,
        "researchAndDevelopmentExpenses": 0,
        "generalAndAdministrativeExpenses": 0,
        "sellingAndMarketingExpenses": 0,
        "sellingGeneralAndAdministrativeExpenses": 0,
        "otherExpenses": 427100000,
        "operatingExpenses": 427100000,
        "costAndExpenses": 427100000,
        "interestIncome": 0,
        "interestExpense": 0,
        "depreciationAndAmortization": 0,
        "ebitda": 427100000,
        "ebitdaratio": 1,
        "operatingIncome": 427100000,
        "operatingIncomeRatio": 1,
        "totalOtherIncomeExpensesNet": -427100000,
        "incomeBeforeTax": 0,
        "incomeBeforeTaxRatio": 0,
        "incomeTaxExpense": 0,
        "netIncome": 0,
        "netIncomeRatio": 0,
        "eps": -4.46,
        "epsdiluted": -4.46,
        "weightedAverageShsOut": 45966000,
        "weightedAverageShsOutDil": 45966000,
        "link": "",
        "finalLink": ""
    }
]