[
    {
        "date": "2025-06-30",
        "symbol": "PAR",
        "reportedCurrency": "USD",
        "cik": "0000708821",
        "fillingDate": "2025-08-08",
        "acceptedDate": "2025-08-08 16:06:30",
        "calendarYear": "2025",
        "period": "Q2",
        "revenue": 112404000,
        "costOfRevenue": 61412000,
        "grossProfit": 50992000,
        "grossProfitRatio": 0.4536493363,
        "researchAndDevelopmentExpenses": 20934000,
        "generalAndAdministrativeExpenses": 31697000,
        "sellingAndMarketingExpenses": 12274000,
        "sellingGeneralAndAdministrativeExpenses": 43971000,
        "otherExpenses": 0,
        "operatingExpenses": 64905000,
        "costAndExpenses": 127165000,
        "interestIncome": 0,
        "interestExpense": 1408000,
        "depreciationAndAmortization": 0,
        "ebitda": -21040000,
        "ebitdaratio": -0.1871819508,
        "operatingIncome": -21040000,
        "operatingIncomeRatio": -0.1871819508,
        "totalOtherIncomeExpensesNet": 944000,
        "incomeBeforeTax": -20096000,
        "incomeBeforeTaxRatio": -0.1787836732,
        "incomeTaxExpense": 944000,
        "netIncome": -21040000,
        "netIncomeRatio": -0.1871819508,
        "eps": -0.52,
        "epsdiluted": -0.52,
        "weightedAverageShsOut": 40520000,
        "weightedAverageShsOutDil": 40520000,
        "link": "https://www.sec.gov/Archives/edgar/data/708821/000070882125000119/0000708821-25-000119-index.htm",
        "finalLink": "https://www.sec.gov/Archives/edgar/data/708821/000070882125000119/par-20250630.htm"
    },
    {
        "date": "2025-03-31",
        "symbol": "PAR",
        "reportedCurrency": "USD",
        "cik": "0000708821",
        "fillingDate": "2025-05-09",
        "acceptedDate": "2025-05-09 16:09:39",
        "calendarYear": "2025",
        "period": "Q1",
        "revenue": 103859000,
        "costOfRevenue": 55517000,
        "grossProfit": 48342000,
        "grossProfitRatio": 0.4654579767,
        "researchAndDevelopmentExpenses": 19767000,
        "generalAndAdministrativeExpenses": 29284000,
        "sellingAndMarketingExpenses": 11782000,
        "sellingGeneralAndAdministrativeExpenses": 41066000,
        "otherExpenses": 3259000,
        "operatingExpenses": 64092000,
        "costAndExpenses": 119609000,
        "interestIncome": 0,
        "interestExpense": 1634000,
        "depreciationAndAmortization": 11882000,
        "ebitda": -24547000,
        "ebitdaratio": -0.2363492812,
        "operatingIncome": -24547000,
        "operatingIncomeRatio": -0.2363492812,
        "totalOtherIncomeExpensesNet": 1281000,
        "incomeBeforeTax": -23266000,
        "incomeBeforeTaxRatio": -0.2240152514,
        "incomeTaxExpense": -1281000,
        "netIncome": -24350000,
        "netIncomeRatio": -0.2344524788,
        "eps": -0.61,
        "epsdiluted": -0.61,
        "weightedAverageShsOut": 40174000,
        "weightedAverageShsOutDil": 40174000,
        "link": "https://www.sec.gov/Archives/edgar/data/708821/000070882125000067/0000708821-25-000067-index.htm",
        "finalLink": "https://www.sec.gov/Archives/edgar/data/708821/000070882125000067/par-20250331.htm"
    },
    {
        "date": "2024-12-31",
        "symbol": "PAR",
        "reportedCurrency": "USD",
        "cik": "0000708821",
        "fillingDate": "2025-03-03",
        "acceptedDate": "2025-03-03 17:20:32",
        "calendarYear": "2024",
        "period": "Q4",
        "revenue": 105005000,
        "costOfRevenue": 59998000,
        "grossProfit": 45007000,
        "grossProfitRatio": 0.4286176849,
        "researchAndDevelopmentExpenses": 17432000,
        "generalAndAdministrativeExpenses": 31002000,
        "sellingAndMarketingExpenses": 10471000,
        "sellingGeneralAndAdministrativeExpenses": 41473000,
        "otherExpenses": 2527000,
        "operatingExpenses": 61432000,
        "costAndExpenses": 121430000,
        "interestIncome": 0,
        "interestExpense": 3412000,
        "depreciationAndAmortization": 11205000,
        "ebitda": -8924000,
        "ebitdaratio": -0.0849864292,
        "operatingIncome": -16425000,
        "operatingIncomeRatio": -0.1564211228,
        "totalOtherIncomeExpensesNet": -7116000,
        "incomeBeforeTax": -23541000,
        "incomeBeforeTaxRatio": -0.2241893243,
        "incomeTaxExpense": 1752000,
        "netIncome": -21057000,
        "netIncomeRatio": -0.2005333079,
        "eps": -0.68,
        "epsdiluted": -0.68,
        "weightedAverageShsOut": 37197000,
        "weightedAverageShsOutDil": 37197000,
        "link": "https://www.sec.gov/Archives/edgar/data/708821/000070882125000015/0000708821-25-000015-index.htm",
        "finalLink": "https://www.sec.gov/Archives/edgar/data/708821/000070882125000015/par-20241231.htm"
    },
    {
        "date": "2024-09-30",
        "symbol": "PAR",
        "reportedCurrency": "USD",
        "cik": "0000708821",
        "fillingDate": "2024-11-08",
        "acceptedDate": "2024-11-08 16:02:48",
        "calendarYear": "2024",
        "period": "Q3",
        "revenue": 96754000,
        "costOfRevenue": 53723000,
        "grossProfit": 43031000,
        "grossProfitRatio": 0.4447464704,
        "researchAndDevelopmentExpenses": 17821000,
        "generalAndAdministrativeExpenses": 27352000,
        "sellingAndMarketingExpenses": 10500000,
        "sellingGeneralAndAdministrativeExpenses": 37852000,
        "otherExpenses": 2552000,
        "operatingExpenses": 58225000,
        "costAndExpenses": 111948000,
        "interestIncome": 0,
        "interestExpense": 3417000,
        "depreciationAndAmortization": 10575000,
        "ebitda": -6019000,
        "ebitdaratio": -0.0622093143,
        "operatingIncome": -20664000,
        "operatingIncomeRatio": -0.2135725655,
        "totalOtherIncomeExpensesNet": 653000,
        "incomeBeforeTax": -20011000,
        "incomeBeforeTaxRatio": -0.2068234905,
        "incomeTaxExpense": 653000,
        "netIncome": -19832000,
        "netIncomeRatio": -0.2049734378,
        "eps": -0.55,
        "epsdiluted": -0.55,
        "weightedAverageShsOut": 35865000,
        "weightedAverageShsOutDil": 35865000,
        "link": "https://www.sec.gov/Archives/edgar/data/708821/000070882124000113/0000708821-24-000113-index.htm",
        "finalLink": "https://www.sec.gov/Archives/edgar/data/708821/000070882124000113/par-20240930.htm"
    },
    {
        "date": "2024-06-30",
        "symbol": "PAR",
        "reportedCurrency": "USD",
        "cik": "0000708821",
        "fillingDate": "2024-08-08",
        "acceptedDate": "2024-08-08 16:06:22",
        "calendarYear": "2024",
        "period": "Q2",
        "revenue": 78150000,
        "costOfRevenue": 46122000,
        "grossProfit": 32028000,
        "grossProfitRatio": 0.4098272553,
        "researchAndDevelopmentExpenses": 16237000,
        "generalAndAdministrativeExpenses": 25369000,
        "sellingAndMarketingExpenses": 9811000,
        "sellingGeneralAndAdministrativeExpenses": 35180000,
        "otherExpenses": 1346000,
        "operatingExpenses": 52763000,
        "costAndExpenses": 98885000,
        "interestIncome": 0,
        "interestExpense": 1630000,
        "depreciationAndAmortization": 8901000,
        "ebitda": -12444000,
        "ebitdaratio": -0.1592322457,
        "operatingIncome": -20735000,
        "operatingIncomeRatio": -0.2653230966,
        "totalOtherIncomeExpensesNet": -2240000,
        "incomeBeforeTax": -22975000,
        "incomeBeforeTaxRatio": -0.2939859245,
        "incomeTaxExpense": 612000,
        "netIncome": 54190000,
        "netIncomeRatio": 0.6934101088,
        "eps": 1.59,
        "epsdiluted": 1.6,
        "weightedAverageShsOut": 34015000,
        "weightedAverageShsOutDil": 34015000,
        "link": "https://www.sec.gov/Archives/edgar/data/708821/000070882124000078/0000708821-24-000078-index.htm",
        "finalLink": "https://www.sec.gov/Archives/edgar/data/708821/000070882124000078/par-20240630.htm"
    },
    {
        "date": "2024-03-31",
        "symbol": "PAR",
        "reportedCurrency": "USD",
        "cik": "0000708821",
        "fillingDate": "2024-05-09",
        "acceptedDate": "2024-05-09 16:06:45",
        "calendarYear": "2024",
        "period": "Q1",
        "revenue": 105497000,
        "costOfRevenue": 77866000,
        "grossProfit": 27631000,
        "grossProfitRatio": 0.261912661,
        "researchAndDevelopmentExpenses": 15768000,
        "generalAndAdministrativeExpenses": 25608000,
        "sellingAndMarketingExpenses": 10926000,
        "sellingGeneralAndAdministrativeExpenses": 36534000,
        "otherExpenses": -5846000,
        "operatingExpenses": 46456000,
        "costAndExpenses": 124322000,
        "interestIncome": 0,
        "interestExpense": 1708000,
        "depreciationAndAmortization": 7226000,
        "ebitda": -17139000,
        "ebitdaratio": -0.162459596,
        "operatingIncome": -18825000,
        "operatingIncomeRatio": -0.1784410931,
        "totalOtherIncomeExpensesNet": -7248000,
        "incomeBeforeTax": -26073000,
        "incomeBeforeTaxRatio": -0.2471444686,
        "incomeTaxExpense": -7785000,
        "netIncome": -18288000,
        "netIncomeRatio": -0.173350901,
        "eps": -0.62,
        "epsdiluted": -0.62,
        "weightedAverageShsOut": 29516000,
        "weightedAverageShsOutDil": 29516000,
        "link": "https://www.sec.gov/Archives/edgar/data/708821/000070882124000057/0000708821-24-000057-index.htm",
        "finalLink": "https://www.sec.gov/Archives/edgar/data/708821/000070882124000057/par-20240331.htm"
    },
    {
        "date": "2023-12-31",
        "symbol": "PAR",
        "reportedCurrency": "USD",
        "cik": "0000708821",
        "fillingDate": "2024-02-27",
        "acceptedDate": "2024-02-27 16:07:56",
        "calendarYear": "2023",
        "period": "Q4",
        "revenue": 107708000,
        "costOfRevenue": 81307000,
        "grossProfit": 26401000,
        "grossProfitRatio": 0.2451164259,
        "researchAndDevelopmentExpenses": 14493000,
        "generalAndAdministrativeExpenses": 18640000,
        "sellingAndMarketingExpenses": 9508000,
        "sellingGeneralAndAdministrativeExpenses": 28148000,
        "otherExpenses": -1235000,
        "operatingExpenses": 41406000,
        "costAndExpenses": 122713000,
        "interestIncome": 0,
        "interestExpense": 1779000,
        "depreciationAndAmortization": 7001000,
        "ebitda": -8791000,
        "ebitdaratio": -0.0816188213,
        "operatingIncome": -15005000,
        "operatingIncomeRatio": -0.1393118431,
        "totalOtherIncomeExpensesNet": -2566000,
        "incomeBeforeTax": -17571000,
        "incomeBeforeTaxRatio": -0.1631355145,
        "incomeTaxExpense": 1058000,
        "netIncome": -18629000,
        "netIncomeRatio": -0.1729583689,
        "eps": -0.67,
        "epsdiluted": -0.67,
        "weightedAverageShsOut": 27968000,
        "weightedAverageShsOutDil": 27968000,
        "link": "https://www.sec.gov/Archives/edgar/data/708821/000070882124000014/0000708821-24-000014-index.htm",
        "finalLink": "https://www.sec.gov/Archives/edgar/data/708821/000070882124000014/par-20231231.htm"
    },
    {
        "date": "2023-09-30",
        "symbol": "PAR",
        "reportedCurrency": "USD",
        "cik": "0000708821",
        "fillingDate": "2023-11-09",
        "acceptedDate": "2023-11-09 16:09:55",
        "calendarYear": "2023",
        "period": "Q3",
        "revenue": 107134000,
        "costOfRevenue": 78948000,
        "grossProfit": 28186000,
        "grossProfitRatio": 0.2630910822,
        "researchAndDevelopmentExpenses": 14660000,
        "generalAndAdministrativeExpenses": 17525000,
        "sellingAndMarketingExpenses": 9532000,
        "sellingGeneralAndAdministrativeExpenses": 26249000,
        "otherExpenses": 464000,
        "operatingExpenses": 41373000,
        "costAndExpenses": 120321000,
        "interestIncome": 0,
        "interestExpense": 1750000,
        "depreciationAndAmortization": 6549000,
        "ebitda": -10760000,
        "ebitdaratio": -0.1004349693,
        "operatingIncome": -13187000,
        "operatingIncomeRatio": -0.123088842,
        "totalOtherIncomeExpensesNet": -2123000,
        "incomeBeforeTax": -15310000,
        "incomeBeforeTaxRatio": -0.1429051468,
        "incomeTaxExpense": 206000,
        "netIncome": -15516000,
        "netIncomeRatio": -0.1448279724,
        "eps": -0.56,
        "epsdiluted": -0.56,
        "weightedAverageShsOut": 27472000,
        "weightedAverageShsOutDil": 27472000,
        "link": "https://www.sec.gov/Archives/edgar/data/708821/000070882123000089/0000708821-23-000089-index.htm",
        "finalLink": "https://www.sec.gov/Archives/edgar/data/708821/000070882123000089/par-20230930.htm"
    },
    {
        "date": "2023-06-30",
        "symbol": "PAR",
        "reportedCurrency": "USD",
        "cik": "0000708821",
        "fillingDate": "2023-08-09",
        "acceptedDate": "2023-08-09 16:08:34",
        "calendarYear": "2023",
        "period": "Q2",
        "revenue": 100544000,
        "costOfRevenue": 80014000,
        "grossProfit": 20530000,
        "grossProfitRatio": 0.2041892107,
        "researchAndDevelopmentExpenses": 14888000,
        "generalAndAdministrativeExpenses": 16434000,
        "sellingAndMarketingExpenses": 10075000,
        "sellingGeneralAndAdministrativeExpenses": 26509000,
        "otherExpenses": 95000,
        "operatingExpenses": 39062000,
        "costAndExpenses": 120532000,
        "interestIncome": 0,
        "interestExpense": 1735000,
        "depreciationAndAmortization": 6882000,
        "ebitda": -13070000,
        "ebitdaratio": -0.129992839,
        "operatingIncome": -19876000,
        "operatingIncomeRatio": -0.1976845958,
        "totalOtherIncomeExpensesNet": 583000,
        "incomeBeforeTax": -19293000,
        "incomeBeforeTaxRatio": -0.1918861394,
        "incomeTaxExpense": 409000,
        "netIncome": -19702000,
        "netIncomeRatio": -0.1959540102,
        "eps": -0.72,
        "epsdiluted": -0.72,
        "weightedAverageShsOut": 27357000,
        "weightedAverageShsOutDil": 27357000,
        "link": "https://www.sec.gov/Archives/edgar/data/708821/000070882123000078/0000708821-23-000078-index.htm",
        "finalLink": "https://www.sec.gov/Archives/edgar/data/708821/000070882123000078/par-20230630.htm"
    },
    {
        "date": "2023-03-31",
        "symbol": "PAR",
        "reportedCurrency": "USD",
        "cik": "0000708821",
        "fillingDate": "2023-05-10",
        "acceptedDate": "2023-05-10 16:08:44",
        "calendarYear": "2023",
        "period": "Q1",
        "revenue": 100437000,
        "costOfRevenue": 77244000,
        "grossProfit": 23193000,
        "grossProfitRatio": 0.2309208758,
        "researchAndDevelopmentExpenses": 14315000,
        "generalAndAdministrativeExpenses": 18080000,
        "sellingAndMarketingExpenses": 9398000,
        "sellingGeneralAndAdministrativeExpenses": 27478000,
        "otherExpenses": -4736000,
        "operatingExpenses": 37057000,
        "costAndExpenses": 119037000,
        "interestIncome": 0,
        "interestExpense": 1667000,
        "depreciationAndAmortization": 6933000,
        "ebitda": -6990000,
        "ebitdaratio": -0.0695958661,
        "operatingIncome": -13864000,
        "operatingIncomeRatio": -0.1380367793,
        "totalOtherIncomeExpensesNet": -1726000,
        "incomeBeforeTax": -15590000,
        "incomeBeforeTaxRatio": -0.1552216813,
        "incomeTaxExpense": 315000,
        "netIncome": -15905000,
        "netIncomeRatio": -0.1583579756,
        "eps": -0.58,
        "epsdiluted": -0.58,
        "weightedAverageShsOut": 27344000,
        "weightedAverageShsOutDil": 27344000,
        "link": "https://www.sec.gov/Archives/edgar/data/708821/000070882123000050/0000708821-23-000050-index.htm",
        "finalLink": "https://www.sec.gov/Archives/edgar/data/708821/000070882123000050/par-20230331.htm"
    },
    {
        "date": "2022-12-31",
        "symbol": "PAR",
        "reportedCurrency": "USD",
        "cik": "0000708821",
        "fillingDate": "2023-03-01",
        "acceptedDate": "2023-03-01 16:07:05",
        "calendarYear": "2022",
        "period": "Q4",
        "revenue": 97650000,
        "costOfRevenue": 71499000,
        "grossProfit": 26151000,
        "grossProfitRatio": 0.2678033794,
        "researchAndDevelopmentExpenses": 14858000,
        "generalAndAdministrativeExpenses": 0,
        "sellingAndMarketingExpenses": 0,
        "sellingGeneralAndAdministrativeExpenses": 25910000,
        "otherExpenses": -3936000,
        "operatingExpenses": 36832000,
        "costAndExpenses": 108331000,
        "interestIncome": 0,
        "interestExpense": 1757000,
        "depreciationAndAmortization": 6470000,
        "ebitda": -4631000,
        "ebitdaratio": -0.0474244752,
        "operatingIncome": -10681000,
        "operatingIncomeRatio": -0.1093804403,
        "totalOtherIncomeExpensesNet": -2177000,
        "incomeBeforeTax": -12858000,
        "incomeBeforeTaxRatio": -0.1316743472,
        "incomeTaxExpense": 623000,
        "netIncome": -13481000,
        "netIncomeRatio": -0.1380542755,
        "eps": -0.5,
        "epsdiluted": -0.5,
        "weightedAverageShsOut": 27118000,
        "weightedAverageShsOutDil": 27118000,
        "link": "https://www.sec.gov/Archives/edgar/data/708821/000070882123000013/0000708821-23-000013-index.htm",
        "finalLink": "https://www.sec.gov/Archives/edgar/data/708821/000070882123000013/par-20221231.htm"
    },
    {
        "date": "2022-09-30",
        "symbol": "PAR",
        "reportedCurrency": "USD",
        "cik": "0000708821",
        "fillingDate": "2022-11-09",
        "acceptedDate": "2022-11-09 16:07:35",
        "calendarYear": "2022",
        "period": "Q3",
        "revenue": 92767000,
        "costOfRevenue": 71359000,
        "grossProfit": 21408000,
        "grossProfitRatio": 0.2307717184,
        "researchAndDevelopmentExpenses": 12843000,
        "generalAndAdministrativeExpenses": 0,
        "sellingAndMarketingExpenses": 0,
        "sellingGeneralAndAdministrativeExpenses": 26543000,
        "otherExpenses": 465000,
        "operatingExpenses": 39851000,
        "costAndExpenses": 111210000,
        "interestIncome": 0,
        "interestExpense": 2140000,
        "depreciationAndAmortization": 6768000,
        "ebitda": -11854000,
        "ebitdaratio": -0.1277825089,
        "operatingIncome": -18443000,
        "operatingIncomeRatio": -0.1988099216,
        "totalOtherIncomeExpensesNet": -2319000,
        "incomeBeforeTax": -20762000,
        "incomeBeforeTaxRatio": -0.2238080352,
        "incomeTaxExpense": 578000,
        "netIncome": -21340000,
        "netIncomeRatio": -0.2300386991,
        "eps": -0.79,
        "epsdiluted": -0.79,
        "weightedAverageShsOut": 27110000,
        "weightedAverageShsOutDil": 27110000,
        "link": "https://www.sec.gov/Archives/edgar/data/708821/000070882122000081/0000708821-22-000081-index.htm",
        "finalLink": "https://www.sec.gov/Archives/edgar/data/708821/000070882122000081/par-20220930.htm"
    },
    {
        "date": "2022-06-30",
        "symbol": "PAR",
        "reportedCurrency": "USD",
        "cik": "0000708821",
        "fillingDate": "2022-08-09",
        "acceptedDate": "2022-08-09 16:06:08",
        "calendarYear": "2022",
        "period": "Q2",
        "revenue": 85093000,
        "costOfRevenue": 63972000,
        "grossProfit": 21121000,
        "grossProfitRatio": 0.2482107811,
        "researchAndDevelopmentExpenses": 10101000,
        "generalAndAdministrativeExpenses": 0,
        "sellingAndMarketingExpenses": 0,
        "sellingGeneralAndAdministrativeExpenses": 26398000,
        "otherExpenses": 721000,
        "operatingExpenses": 37220000,
        "costAndExpenses": 101192000,
        "interestIncome": 0,
        "interestExpense": 2451000,
        "depreciationAndAmortization": 6457000,
        "ebitda": -9899000,
        "ebitdaratio": -0.1163315431,
        "operatingIncome": -16099000,
        "operatingIncomeRatio": -0.1891930006,
        "totalOtherIncomeExpensesNet": -2708000,
        "incomeBeforeTax": -18807000,
        "incomeBeforeTaxRatio": -0.2210170049,
        "incomeTaxExpense": 41000,
        "netIncome": -18848000,
        "netIncomeRatio": -0.2214988307,
        "eps": -0.7,
        "epsdiluted": -0.7,
        "weightedAverageShsOut": 26982000,
        "weightedAverageShsOutDil": 26982000,
        "link": "https://www.sec.gov/Archives/edgar/data/708821/000070882122000070/0000708821-22-000070-index.htm",
        "finalLink": "https://www.sec.gov/Archives/edgar/data/708821/000070882122000070/par-20220630.htm"
    },
    {
        "date": "2022-03-31",
        "symbol": "PAR",
        "reportedCurrency": "USD",
        "cik": "0000708821",
        "fillingDate": "2022-05-10",
        "acceptedDate": "2022-05-10 16:19:32",
        "calendarYear": "2022",
        "period": "Q1",
        "revenue": 80285000,
        "costOfRevenue": 59672000,
        "grossProfit": 20613000,
        "grossProfitRatio": 0.2567478358,
        "researchAndDevelopmentExpenses": 10841000,
        "generalAndAdministrativeExpenses": 0,
        "sellingAndMarketingExpenses": 0,
        "sellingGeneralAndAdministrativeExpenses": 22368000,
        "otherExpenses": 213000,
        "operatingExpenses": 33422000,
        "costAndExpenses": 93094000,
        "interestIncome": 0,
        "interestExpense": 2463000,
        "depreciationAndAmortization": 6400000,
        "ebitda": -6777000,
        "ebitdaratio": -0.084411783,
        "operatingIncome": -12809000,
        "operatingIncomeRatio": -0.1595441241,
        "totalOtherIncomeExpensesNet": -2831000,
        "incomeBeforeTax": -15640000,
        "incomeBeforeTaxRatio": -0.1948060036,
        "incomeTaxExpense": 10000,
        "netIncome": -15650000,
        "netIncomeRatio": -0.1949305599,
        "eps": -0.58,
        "epsdiluted": -0.58,
        "weightedAverageShsOut": 26970000,
        "weightedAverageShsOutDil": 26970000,
        "link": "https://www.sec.gov/Archives/edgar/data/708821/000070882122000045/0000708821-22-000045-index.htm",
        "finalLink": "https://www.sec.gov/Archives/edgar/data/708821/000070882122000045/par-20220331.htm"
    },
    {
        "date": "2021-12-31",
        "symbol": "PAR",
        "reportedCurrency": "USD",
        "cik": "0000708821",
        "fillingDate": "2022-03-01",
        "acceptedDate": "2022-03-01 17:00:55",
        "calendarYear": "2021",
        "period": "Q4",
        "revenue": 81599000,
        "costOfRevenue": 62995000,
        "grossProfit": 18604000,
        "grossProfitRatio": 0.2279929901,
        "researchAndDevelopmentExpenses": 10005000,
        "generalAndAdministrativeExpenses": 0,
        "sellingAndMarketingExpenses": 0,
        "sellingGeneralAndAdministrativeExpenses": 24853000,
        "otherExpenses": 522000,
        "operatingExpenses": 35380000,
        "costAndExpenses": 98375000,
        "interestIncome": 0,
        "interestExpense": 5644000,
        "depreciationAndAmortization": 6352000,
        "ebitda": -10772000,
        "ebitdaratio": -0.1320114217,
        "operatingIncome": -16776000,
        "operatingIncomeRatio": -0.2055907548,
        "totalOtherIncomeExpensesNet": -5992000,
        "incomeBeforeTax": -22768000,
        "incomeBeforeTaxRatio": -0.2790230272,
        "incomeTaxExpense": 2871000,
        "netIncome": -25639000,
        "netIncomeRatio": -0.314207282,
        "eps": -0.95,
        "epsdiluted": -0.95,
        "weightedAverageShsOut": 26878000,
        "weightedAverageShsOutDil": 26878000,
        "link": "https://www.sec.gov/Archives/edgar/data/708821/000070882122000012/0000708821-22-000012-index.htm",
        "finalLink": "https://www.sec.gov/Archives/edgar/data/708821/000070882122000012/par-20211231.htm"
    },
    {
        "date": "2021-09-30",
        "symbol": "PAR",
        "reportedCurrency": "USD",
        "cik": "0000708821",
        "fillingDate": "2021-11-09",
        "acceptedDate": "2021-11-09 17:18:39",
        "calendarYear": "2021",
        "period": "Q3",
        "revenue": 77860000,
        "costOfRevenue": 59646000,
        "grossProfit": 18214000,
        "grossProfitRatio": 0.2339326997,
        "researchAndDevelopmentExpenses": 10122000,
        "generalAndAdministrativeExpenses": 0,
        "sellingAndMarketingExpenses": 0,
        "sellingGeneralAndAdministrativeExpenses": 21662000,
        "otherExpenses": 539000,
        "operatingExpenses": 32323000,
        "costAndExpenses": 91969000,
        "interestIncome": 0,
        "interestExpense": 5406000,
        "depreciationAndAmortization": 6199000,
        "ebitda": -20365000,
        "ebitdaratio": -0.2615592088,
        "operatingIncome": -14109000,
        "operatingIncomeRatio": -0.1812098639,
        "totalOtherIncomeExpensesNet": -17861000,
        "incomeBeforeTax": -31970000,
        "incomeBeforeTaxRatio": -0.410608785,
        "incomeTaxExpense": -37000,
        "netIncome": -31933000,
        "netIncomeRatio": -0.4101335731,
        "eps": -1.23,
        "epsdiluted": -1.23,
        "weightedAverageShsOut": 25998000,
        "weightedAverageShsOutDil": 25998000,
        "link": "https://www.sec.gov/Archives/edgar/data/708821/000070882121000032/0000708821-21-000032-index.htm",
        "finalLink": "https://www.sec.gov/Archives/edgar/data/708821/000070882121000032/par-20210930.htm"
    },
    {
        "date": "2021-06-30",
        "symbol": "PAR",
        "reportedCurrency": "USD",
        "cik": "0000708821",
        "fillingDate": "2021-08-09",
        "acceptedDate": "2021-08-09 16:37:05",
        "calendarYear": "2021",
        "period": "Q2",
        "revenue": 68950000,
        "costOfRevenue": 53847000,
        "grossProfit": 15103000,
        "grossProfitRatio": 0.2190427846,
        "researchAndDevelopmentExpenses": 8643000,
        "generalAndAdministrativeExpenses": 0,
        "sellingAndMarketingExpenses": 0,
        "sellingGeneralAndAdministrativeExpenses": 22946000,
        "otherExpenses": 489000,
        "operatingExpenses": 32078000,
        "costAndExpenses": 85925000,
        "interestIncome": 0,
        "interestExpense": 4937000,
        "depreciationAndAmortization": 4880000,
        "ebitda": -12436000,
        "ebitdaratio": -0.1803625816,
        "operatingIncome": -16975000,
        "operatingIncomeRatio": -0.2461928934,
        "totalOtherIncomeExpensesNet": -5278000,
        "incomeBeforeTax": -22253000,
        "incomeBeforeTaxRatio": -0.3227411168,
        "incomeTaxExpense": -12297000,
        "netIncome": -9956000,
        "netIncomeRatio": -0.1443944888,
        "eps": -0.39,
        "epsdiluted": -0.39,
        "weightedAverageShsOut": 25484000,
        "weightedAverageShsOutDil": 25484000,
        "link": "https://www.sec.gov/Archives/edgar/data/708821/000070882121000023/0000708821-21-000023-index.htm",
        "finalLink": "https://www.sec.gov/Archives/edgar/data/708821/000070882121000023/par-20210630.htm"
    },
    {
        "date": "2021-03-31",
        "symbol": "PAR",
        "reportedCurrency": "USD",
        "cik": "0000708821",
        "fillingDate": "2021-05-10",
        "acceptedDate": "2021-05-10 17:07:41",
        "calendarYear": "2021",
        "period": "Q1",
        "revenue": 54467000,
        "costOfRevenue": 44267000,
        "grossProfit": 10200000,
        "grossProfitRatio": 0.1872693558,
        "researchAndDevelopmentExpenses": 5809000,
        "generalAndAdministrativeExpenses": 0,
        "sellingAndMarketingExpenses": 0,
        "sellingGeneralAndAdministrativeExpenses": 14537000,
        "otherExpenses": -4125000,
        "operatingExpenses": 16221000,
        "costAndExpenses": 60488000,
        "interestIncome": 0,
        "interestExpense": 2160000,
        "depreciationAndAmortization": 3990000,
        "ebitda": -2082000,
        "ebitdaratio": -0.0382249803,
        "operatingIncome": -6021000,
        "operatingIncomeRatio": -0.1105439991,
        "totalOtherIncomeExpensesNet": -2211000,
        "incomeBeforeTax": -8232000,
        "incomeBeforeTaxRatio": -0.1511373859,
        "incomeTaxExpense": 39000,
        "netIncome": -8271000,
        "netIncomeRatio": -0.1518534158,
        "eps": -0.38,
        "epsdiluted": -0.38,
        "weightedAverageShsOut": 21929000,
        "weightedAverageShsOutDil": 21929000,
        "link": "https://www.sec.gov/Archives/edgar/data/708821/000162828021009724/0001628280-21-009724-index.htm",
        "finalLink": "https://www.sec.gov/Archives/edgar/data/708821/000162828021009724/par-20210331.htm"
    },
    {
        "date": "2020-12-31",
        "symbol": "PAR",
        "reportedCurrency": "USD",
        "cik": "0000708821",
        "fillingDate": "2021-03-16",
        "acceptedDate": "2021-03-16 17:03:45",
        "calendarYear": "2020",
        "period": "Q4",
        "revenue": 58516000,
        "costOfRevenue": 50988000,
        "grossProfit": 7528000,
        "grossProfitRatio": 0.1286485747,
        "researchAndDevelopmentExpenses": 5639000,
        "generalAndAdministrativeExpenses": 14208000,
        "sellingAndMarketingExpenses": 0,
        "sellingGeneralAndAdministrativeExpenses": 14208000,
        "otherExpenses": -544000,
        "operatingExpenses": 19303000,
        "costAndExpenses": 70291000,
        "interestIncome": 0,
        "interestExpense": 1969000,
        "depreciationAndAmortization": 4300000,
        "ebitda": -5417000,
        "ebitdaratio": -0.0925729715,
        "operatingIncome": -11775000,
        "operatingIncomeRatio": -0.2012270148,
        "totalOtherIncomeExpensesNet": 89000,
        "incomeBeforeTax": -11686000,
        "incomeBeforeTaxRatio": -0.1997060633,
        "incomeTaxExpense": 1279000,
        "netIncome": -12965000,
        "netIncomeRatio": -0.2215633331,
        "eps": -0.6,
        "epsdiluted": -0.6,
        "weightedAverageShsOut": 21610000,
        "weightedAverageShsOutDil": 21610000,
        "link": "https://www.sec.gov/Archives/edgar/data/708821/000162828021004914/0001628280-21-004914-index.htm",
        "finalLink": "https://www.sec.gov/Archives/edgar/data/708821/000162828021004914/par-20201231.htm"
    },
    {
        "date": "2020-09-30",
        "symbol": "PAR",
        "reportedCurrency": "USD",
        "cik": "0000708821",
        "fillingDate": "2020-11-06",
        "acceptedDate": "2020-11-06 17:20:26",
        "calendarYear": "2020",
        "period": "Q3",
        "revenue": 54847000,
        "costOfRevenue": 43176000,
        "grossProfit": 11671000,
        "grossProfitRatio": 0.2127919485,
        "researchAndDevelopmentExpenses": 4210000,
        "generalAndAdministrativeExpenses": 0,
        "sellingAndMarketingExpenses": 0,
        "sellingGeneralAndAdministrativeExpenses": 10512000,
        "otherExpenses": -2053000,
        "operatingExpenses": 12669000,
        "costAndExpenses": 55845000,
        "interestIncome": 0,
        "interestExpense": 2235000,
        "depreciationAndAmortization": 2409000,
        "ebitda": 1968000,
        "ebitdaratio": 0.0358816344,
        "operatingIncome": -998000,
        "operatingIncomeRatio": -0.0181960727,
        "totalOtherIncomeExpensesNet": -2721000,
        "incomeBeforeTax": -3719000,
        "incomeBeforeTaxRatio": -0.067806808,
        "incomeTaxExpense": -8000,
        "netIncome": -3711000,
        "netIncomeRatio": -0.0676609477,
        "eps": -0.2,
        "epsdiluted": -0.2,
        "weightedAverageShsOut": 18250000,
        "weightedAverageShsOutDil": 18250000,
        "link": "https://www.sec.gov/Archives/edgar/data/708821/000070882120000072/0000708821-20-000072-index.htm",
        "finalLink": "https://www.sec.gov/Archives/edgar/data/708821/000070882120000072/par-20200930.htm"
    },
    {
        "date": "2020-06-30",
        "symbol": "PAR",
        "reportedCurrency": "USD",
        "cik": "0000708821",
        "fillingDate": "2020-08-07",
        "acceptedDate": "2020-08-07 17:07:13",
        "calendarYear": "2020",
        "period": "Q2",
        "revenue": 45691000,
        "costOfRevenue": 36612000,
        "grossProfit": 9079000,
        "grossProfitRatio": 0.19870434,
        "researchAndDevelopmentExpenses": 4538000,
        "generalAndAdministrativeExpenses": 0,
        "sellingAndMarketingExpenses": 0,
        "sellingGeneralAndAdministrativeExpenses": 10049000,
        "otherExpenses": 210000,
        "operatingExpenses": 14797000,
        "costAndExpenses": 51409000,
        "interestIncome": 0,
        "interestExpense": 2111000,
        "depreciationAndAmortization": 1395000,
        "ebitda": -4462000,
        "ebitdaratio": -0.0976559935,
        "operatingIncome": -5718000,
        "operatingIncomeRatio": -0.1251449957,
        "totalOtherIncomeExpensesNet": -2250000,
        "incomeBeforeTax": -7968000,
        "incomeBeforeTaxRatio": -0.1743888293,
        "incomeTaxExpense": 1008000,
        "netIncome": -8976000,
        "netIncomeRatio": -0.1964500668,
        "eps": -0.49,
        "epsdiluted": -0.49,
        "weightedAverageShsOut": 18244000,
        "weightedAverageShsOutDil": 18244000,
        "link": "https://www.sec.gov/Archives/edgar/data/708821/000070882120000061/0000708821-20-000061-index.htm",
        "finalLink": "https://www.sec.gov/Archives/edgar/data/708821/000070882120000061/par-20200630.htm"
    },
    {
        "date": "2020-03-31",
        "symbol": "PAR",
        "reportedCurrency": "USD",
        "cik": "0000708821",
        "fillingDate": "2020-05-11",
        "acceptedDate": "2020-05-11 16:03:07",
        "calendarYear": "2020",
        "period": "Q1",
        "revenue": 54732000,
        "costOfRevenue": 43685000,
        "grossProfit": 11047000,
        "grossProfitRatio": 0.2018380472,
        "researchAndDevelopmentExpenses": 4865000,
        "generalAndAdministrativeExpenses": 0,
        "sellingAndMarketingExpenses": 0,
        "sellingGeneralAndAdministrativeExpenses": 11427000,
        "otherExpenses": 210000,
        "operatingExpenses": 16502000,
        "costAndExpenses": 60406000,
        "interestIncome": 0,
        "interestExpense": 1972000,
        "depreciationAndAmortization": 3142000,
        "ebitda": -11061000,
        "ebitdaratio": -0.2020938391,
        "operatingIncome": -5674000,
        "operatingIncomeRatio": -0.1036687861,
        "totalOtherIncomeExpensesNet": -10501000,
        "incomeBeforeTax": -16175000,
        "incomeBeforeTaxRatio": -0.2955309508,
        "incomeTaxExpense": -5265000,
        "netIncome": -10910000,
        "netIncomeRatio": -0.1993349412,
        "eps": -0.61,
        "epsdiluted": -0.61,
        "weightedAverageShsOut": 17941000,
        "weightedAverageShsOutDil": 17941000,
        "link": "https://www.sec.gov/Archives/edgar/data/708821/000070882120000029/0000708821-20-000029-index.htm",
        "finalLink": "https://www.sec.gov/Archives/edgar/data/708821/000070882120000029/par10q2020q1.htm"
    },
    {
        "date": "2019-12-31",
        "symbol": "PAR",
        "reportedCurrency": "USD",
        "cik": "0000708821",
        "fillingDate": "2020-03-16",
        "acceptedDate": "2020-03-16 16:51:59",
        "calendarYear": "2019",
        "period": "Q4",
        "revenue": 52923000,
        "costOfRevenue": 42023000,
        "grossProfit": 10900000,
        "grossProfitRatio": 0.2059596017,
        "researchAndDevelopmentExpenses": 4139000,
        "generalAndAdministrativeExpenses": 10848000,
        "sellingAndMarketingExpenses": -996000,
        "sellingGeneralAndAdministrativeExpenses": 9852000,
        "otherExpenses": 495000,
        "operatingExpenses": 14486000,
        "costAndExpenses": 56509000,
        "interestIncome": 0,
        "interestExpense": 1593000,
        "depreciationAndAmortization": 2262000,
        "ebitda": -2320000,
        "ebitdaratio": -0.043837273,
        "operatingIncome": -4640000,
        "operatingIncomeRatio": -0.087674546,
        "totalOtherIncomeExpensesNet": -837000,
        "incomeBeforeTax": -5477000,
        "incomeBeforeTaxRatio": -0.103489976,
        "incomeTaxExpense": 354000,
        "netIncome": -5831000,
        "netIncomeRatio": -0.1101789392,
        "eps": -0.35,
        "epsdiluted": -0.35,
        "weightedAverageShsOut": 16570000,
        "weightedAverageShsOutDil": 16570000,
        "link": "https://www.sec.gov/Archives/edgar/data/708821/000070882120000018/0000708821-20-000018-index.htm",
        "finalLink": "https://www.sec.gov/Archives/edgar/data/708821/000070882120000018/par12311910-k.htm"
    },
    {
        "date": "2019-09-30",
        "symbol": "PAR",
        "reportedCurrency": "USD",
        "cik": "0000708821",
        "fillingDate": "2019-11-08",
        "acceptedDate": "2019-11-08 09:16:47",
        "calendarYear": "2019",
        "period": "Q3",
        "revenue": 45380000,
        "costOfRevenue": 36384000,
        "grossProfit": 8996000,
        "grossProfitRatio": 0.1982371089,
        "researchAndDevelopmentExpenses": 3448000,
        "generalAndAdministrativeExpenses": 0,
        "sellingAndMarketingExpenses": 0,
        "sellingGeneralAndAdministrativeExpenses": 9539000,
        "otherExpenses": 0,
        "operatingExpenses": 12987000,
        "costAndExpenses": 49371000,
        "interestIncome": 0,
        "interestExpense": 1588000,
        "depreciationAndAmortization": 1872000,
        "ebitda": -2520000,
        "ebitdaratio": -0.055531071,
        "operatingIncome": -3991000,
        "operatingIncomeRatio": -0.0879462318,
        "totalOtherIncomeExpensesNet": -1989000,
        "incomeBeforeTax": -5980000,
        "incomeBeforeTaxRatio": -0.1317761128,
        "incomeTaxExpense": -78000,
        "netIncome": -5902000,
        "netIncomeRatio": -0.130057294,
        "eps": -0.36,
        "epsdiluted": -0.36,
        "weightedAverageShsOut": 16300000,
        "weightedAverageShsOutDil": 16300000,
        "link": "https://www.sec.gov/Archives/edgar/data/708821/000070882119000131/0000708821-19-000131-index.htm",
        "finalLink": "https://www.sec.gov/Archives/edgar/data/708821/000070882119000131/par930201910q.htm"
    },
    {
        "date": "2019-06-30",
        "symbol": "PAR",
        "reportedCurrency": "USD",
        "cik": "0000708821",
        "fillingDate": "2019-08-07",
        "acceptedDate": "2019-08-07 16:20:33",
        "calendarYear": "2019",
        "period": "Q2",
        "revenue": 44247000,
        "costOfRevenue": 35916000,
        "grossProfit": 8331000,
        "grossProfitRatio": 0.1882839515,
        "researchAndDevelopmentExpenses": 2725000,
        "generalAndAdministrativeExpenses": 0,
        "sellingAndMarketingExpenses": 0,
        "sellingGeneralAndAdministrativeExpenses": 9059000,
        "otherExpenses": 0,
        "operatingExpenses": 11784000,
        "costAndExpenses": 47700000,
        "interestIncome": 0,
        "interestExpense": 1244000,
        "depreciationAndAmortization": 2109000,
        "ebitda": -2464000,
        "ebitdaratio": -0.0556873912,
        "operatingIncome": -3453000,
        "operatingIncomeRatio": -0.0780391891,
        "totalOtherIncomeExpensesNet": -1618000,
        "incomeBeforeTax": -5071000,
        "incomeBeforeTaxRatio": -0.11460664,
        "incomeTaxExpense": -3962000,
        "netIncome": -1109000,
        "netIncomeRatio": -0.0250638461,
        "eps": -0.07,
        "epsdiluted": -0.0681,
        "weightedAverageShsOut": 16290000,
        "weightedAverageShsOutDil": 16290000,
        "link": "https://www.sec.gov/Archives/edgar/data/708821/000070882119000053/0000708821-19-000053-index.htm",
        "finalLink": "https://www.sec.gov/Archives/edgar/data/708821/000070882119000053/par628201910q.htm"
    },
    {
        "date": "2019-03-31",
        "symbol": "PAR",
        "reportedCurrency": "USD",
        "cik": "0000708821",
        "fillingDate": "2019-05-07",
        "acceptedDate": "2019-05-07 09:14:02",
        "calendarYear": "2019",
        "period": "Q1",
        "revenue": 44682000,
        "costOfRevenue": 35159000,
        "grossProfit": 9523000,
        "grossProfitRatio": 0.2131283291,
        "researchAndDevelopmentExpenses": 3060000,
        "generalAndAdministrativeExpenses": 0,
        "sellingAndMarketingExpenses": 0,
        "sellingGeneralAndAdministrativeExpenses": 8564000,
        "otherExpenses": 0,
        "operatingExpenses": 11624000,
        "costAndExpenses": 46783000,
        "interestIncome": 0,
        "interestExpense": 146000,
        "depreciationAndAmortization": 1012000,
        "ebitda": -1519000,
        "ebitdaratio": -0.0339957925,
        "operatingIncome": -2101000,
        "operatingIncomeRatio": -0.0470211718,
        "totalOtherIncomeExpensesNet": -576000,
        "incomeBeforeTax": -2677000,
        "incomeBeforeTaxRatio": -0.0599122689,
        "incomeTaxExpense": 52000,
        "netIncome": -2729000,
        "netIncomeRatio": -0.0610760485,
        "eps": -0.17,
        "epsdiluted": -0.17,
        "weightedAverageShsOut": 16044000,
        "weightedAverageShsOutDil": 16044000,
        "link": "https://www.sec.gov/Archives/edgar/data/708821/000070882119000028/0000708821-19-000028-index.htm",
        "finalLink": "https://www.sec.gov/Archives/edgar/data/708821/000070882119000028/par331201910q.htm"
    },
    {
        "date": "2018-12-31",
        "symbol": "PAR",
        "reportedCurrency": "USD",
        "cik": "0000708821",
        "fillingDate": "2019-03-18",
        "acceptedDate": "2019-03-18 17:21:17",
        "calendarYear": "2018",
        "period": "Q4",
        "revenue": 46652000,
        "costOfRevenue": 39934000,
        "grossProfit": 6718000,
        "grossProfitRatio": 0.1440024008,
        "researchAndDevelopmentExpenses": 3330000,
        "generalAndAdministrativeExpenses": 10261000,
        "sellingAndMarketingExpenses": -865000,
        "sellingGeneralAndAdministrativeExpenses": 9396000,
        "otherExpenses": 242000,
        "operatingExpenses": 12968000,
        "costAndExpenses": 52902000,
        "interestIncome": 0,
        "interestExpense": 126000,
        "depreciationAndAmortization": 1239000,
        "ebitda": -5876000,
        "ebitdaratio": -0.1259538712,
        "operatingIncome": -6250000,
        "operatingIncomeRatio": -0.1339706765,
        "totalOtherIncomeExpensesNet": 60000,
        "incomeBeforeTax": -6190000,
        "incomeBeforeTaxRatio": -0.132684558,
        "incomeTaxExpense": -27000,
        "netIncome": -6163000,
        "netIncomeRatio": -0.1321058047,
        "eps": -0.38,
        "epsdiluted": -0.38,
        "weightedAverageShsOut": 16079041,
        "weightedAverageShsOutDil": 16079000,
        "link": "https://www.sec.gov/Archives/edgar/data/708821/000070882119000017/0000708821-19-000017-index.htm",
        "finalLink": "https://www.sec.gov/Archives/edgar/data/708821/000070882119000017/par12311810-k.htm"
    },
    {
        "date": "2018-09-30",
        "symbol": "PAR",
        "reportedCurrency": "USD",
        "cik": "0000708821",
        "fillingDate": "2018-11-09",
        "acceptedDate": "2018-11-09 16:03:42",
        "calendarYear": "2018",
        "period": "Q3",
        "revenue": 46362000,
        "costOfRevenue": 37824000,
        "grossProfit": 8538000,
        "grossProfitRatio": 0.1841594409,
        "researchAndDevelopmentExpenses": 2992000,
        "generalAndAdministrativeExpenses": 0,
        "sellingAndMarketingExpenses": 0,
        "sellingGeneralAndAdministrativeExpenses": 7967000,
        "otherExpenses": 241000,
        "operatingExpenses": 11200000,
        "costAndExpenses": 49024000,
        "interestIncome": 0,
        "interestExpense": 142000,
        "depreciationAndAmortization": 1212000,
        "ebitda": -1450000,
        "ebitdaratio": -0.0312756136,
        "operatingIncome": -2662000,
        "operatingIncomeRatio": -0.0574177128,
        "totalOtherIncomeExpensesNet": 313000,
        "incomeBeforeTax": -2349000,
        "incomeBeforeTaxRatio": -0.0506664941,
        "incomeTaxExpense": 14355000,
        "netIncome": -16704000,
        "netIncomeRatio": -0.3602950692,
        "eps": -1.04,
        "epsdiluted": -1.04,
        "weightedAverageShsOut": 16071000,
        "weightedAverageShsOutDil": 16071000,
        "link": "https://www.sec.gov/Archives/edgar/data/708821/000070882118000065/0000708821-18-000065-index.htm",
        "finalLink": "https://www.sec.gov/Archives/edgar/data/708821/000070882118000065/par930201810q.htm"
    },
    {
        "date": "2018-06-30",
        "symbol": "PAR",
        "reportedCurrency": "USD",
        "cik": "0000708821",
        "fillingDate": "2018-08-09",
        "acceptedDate": "2018-08-09 16:04:18",
        "calendarYear": "2018",
        "period": "Q2",
        "revenue": 52571000,
        "costOfRevenue": 41211000,
        "grossProfit": 11360000,
        "grossProfitRatio": 0.2160887181,
        "researchAndDevelopmentExpenses": 3222000,
        "generalAndAdministrativeExpenses": 0,
        "sellingAndMarketingExpenses": 0,
        "sellingGeneralAndAdministrativeExpenses": 9020000,
        "otherExpenses": 242000,
        "operatingExpenses": 12484000,
        "costAndExpenses": 53695000,
        "interestIncome": 0,
        "interestExpense": 78000,
        "depreciationAndAmortization": 1217000,
        "ebitda": 93000,
        "ebitdaratio": 0.0017690362,
        "operatingIncome": -1124000,
        "operatingIncomeRatio": -0.0213806091,
        "totalOtherIncomeExpensesNet": -462000,
        "incomeBeforeTax": -1586000,
        "incomeBeforeTaxRatio": -0.0301687242,
        "incomeTaxExpense": -263000,
        "netIncome": -1323000,
        "netIncomeRatio": -0.025165966,
        "eps": -0.081,
        "epsdiluted": -0.081,
        "weightedAverageShsOut": 16330000,
        "weightedAverageShsOutDil": 16330000,
        "link": "https://www.sec.gov/Archives/edgar/data/708821/000070882118000052/0000708821-18-000052-index.htm",
        "finalLink": "https://www.sec.gov/Archives/edgar/data/708821/000070882118000052/par630201810q.htm"
    },
    {
        "date": "2018-03-31",
        "symbol": "PAR",
        "reportedCurrency": "USD",
        "cik": "0000708821",
        "fillingDate": "2018-05-10",
        "acceptedDate": "2018-05-10 08:45:14",
        "calendarYear": "2018",
        "period": "Q1",
        "revenue": 55661000,
        "costOfRevenue": 43814000,
        "grossProfit": 11847000,
        "grossProfitRatio": 0.2128420258,
        "researchAndDevelopmentExpenses": 2868000,
        "generalAndAdministrativeExpenses": 0,
        "sellingAndMarketingExpenses": 0,
        "sellingGeneralAndAdministrativeExpenses": 8600000,
        "otherExpenses": 241000,
        "operatingExpenses": 11709000,
        "costAndExpenses": 55523000,
        "interestIncome": 0,
        "interestExpense": 41000,
        "depreciationAndAmortization": 1062000,
        "ebitda": 1249000,
        "ebitdaratio": 0.02243941,
        "operatingIncome": 138000,
        "operatingIncomeRatio": 0.0024792943,
        "totalOtherIncomeExpensesNet": 8000,
        "incomeBeforeTax": 146000,
        "incomeBeforeTaxRatio": 0.0026230215,
        "incomeTaxExpense": 78000,
        "netIncome": 68000,
        "netIncomeRatio": 0.0012216812,
        "eps": 0.0043,
        "epsdiluted": 0.0042,
        "weightedAverageShsOut": 15948000,
        "weightedAverageShsOutDil": 16286000,
        "link": "https://www.sec.gov/Archives/edgar/data/708821/000070882118000024/0000708821-18-000024-index.htm",
        "finalLink": "https://www.sec.gov/Archives/edgar/data/708821/000070882118000024/par331201810q.htm"
    },
    {
        "date": "2017-12-31",
        "symbol": "PAR",
        "reportedCurrency": "USD",
        "cik": "0000708821",
        "fillingDate": "2018-03-16",
        "acceptedDate": "2018-03-16 16:03:33",
        "calendarYear": "2017",
        "period": "Q4",
        "revenue": 55541000,
        "costOfRevenue": 42936000,
        "grossProfit": 12605000,
        "grossProfitRatio": 0.2269494608,
        "researchAndDevelopmentExpenses": 4293000,
        "generalAndAdministrativeExpenses": 10590000,
        "sellingAndMarketingExpenses": 0,
        "sellingGeneralAndAdministrativeExpenses": 10590000,
        "otherExpenses": 242000,
        "operatingExpenses": 15125000,
        "costAndExpenses": 58061000,
        "interestIncome": 0,
        "interestExpense": 37000,
        "depreciationAndAmortization": 1228000,
        "ebitda": -1292000,
        "ebitdaratio": -0.0232620947,
        "operatingIncome": -2520000,
        "operatingIncomeRatio": -0.0453718874,
        "totalOtherIncomeExpensesNet": 856000,
        "incomeBeforeTax": -1664000,
        "incomeBeforeTaxRatio": -0.0299598495,
        "incomeTaxExpense": 3670000,
        "netIncome": -5293000,
        "netIncomeRatio": -0.0952989683,
        "eps": -0.33,
        "epsdiluted": -0.33,
        "weightedAverageShsOut": 16056000,
        "weightedAverageShsOutDil": 16056000,
        "link": "https://www.sec.gov/Archives/edgar/data/708821/000070882118000010/0000708821-18-000010-index.htm",
        "finalLink": "https://www.sec.gov/Archives/edgar/data/708821/000070882118000010/par12311710-k.htm"
    },
    {
        "date": "2017-09-30",
        "symbol": "PAR",
        "reportedCurrency": "USD",
        "cik": "0000708821",
        "fillingDate": "2017-11-13",
        "acceptedDate": "2017-11-13 17:16:31",
        "calendarYear": "2017",
        "period": "Q3",
        "revenue": 48938000,
        "costOfRevenue": 39710000,
        "grossProfit": 9228000,
        "grossProfitRatio": 0.1885651232,
        "researchAndDevelopmentExpenses": 2668000,
        "generalAndAdministrativeExpenses": 0,
        "sellingAndMarketingExpenses": 0,
        "sellingGeneralAndAdministrativeExpenses": 9054000,
        "otherExpenses": 0,
        "operatingExpenses": 11722000,
        "costAndExpenses": 51534000,
        "interestIncome": 0,
        "interestExpense": 39000,
        "depreciationAndAmortization": 953000,
        "ebitda": -1643000,
        "ebitdaratio": -0.0335730925,
        "operatingIncome": -2596000,
        "operatingIncomeRatio": -0.0530467122,
        "totalOtherIncomeExpensesNet": -109000,
        "incomeBeforeTax": -2705000,
        "incomeBeforeTaxRatio": -0.0552740202,
        "incomeTaxExpense": -1188000,
        "netIncome": -1517000,
        "netIncomeRatio": -0.0309984061,
        "eps": -0.095,
        "epsdiluted": -0.1,
        "weightedAverageShsOut": 15976000,
        "weightedAverageShsOutDil": 15976000,
        "link": "https://www.sec.gov/Archives/edgar/data/708821/000114036117042195/0001140361-17-042195-index.htm",
        "finalLink": "https://www.sec.gov/Archives/edgar/data/708821/000114036117042195/form10q.htm"
    },
    {
        "date": "2017-06-30",
        "symbol": "PAR",
        "reportedCurrency": "USD",
        "cik": "0000708821",
        "fillingDate": "2017-08-14",
        "acceptedDate": "2017-08-14 17:04:44",
        "calendarYear": "2017",
        "period": "Q2",
        "revenue": 62261000,
        "costOfRevenue": 47306000,
        "grossProfit": 14955000,
        "grossProfitRatio": 0.2401985191,
        "researchAndDevelopmentExpenses": 3284000,
        "generalAndAdministrativeExpenses": 0,
        "sellingAndMarketingExpenses": 0,
        "sellingGeneralAndAdministrativeExpenses": 8917000,
        "otherExpenses": 0,
        "operatingExpenses": 12201000,
        "costAndExpenses": 59507000,
        "interestIncome": 0,
        "interestExpense": 13000,
        "depreciationAndAmortization": 954000,
        "ebitda": 3708000,
        "ebitdaratio": 0.0595557412,
        "operatingIncome": 2754000,
        "operatingIncomeRatio": 0.0442331476,
        "totalOtherIncomeExpensesNet": 41000,
        "incomeBeforeTax": 2795000,
        "incomeBeforeTaxRatio": 0.0448916657,
        "incomeTaxExpense": 818000,
        "netIncome": 1977000,
        "netIncomeRatio": 0.0317534251,
        "eps": 0.12,
        "epsdiluted": 0.12,
        "weightedAverageShsOut": 15919000,
        "weightedAverageShsOutDil": 16179000,
        "link": "https://www.sec.gov/Archives/edgar/data/708821/000114036117032100/0001140361-17-032100-index.htm",
        "finalLink": "https://www.sec.gov/Archives/edgar/data/708821/000114036117032100/form10q.htm"
    },
    {
        "date": "2017-03-31",
        "symbol": "PAR",
        "reportedCurrency": "USD",
        "cik": "0000708821",
        "fillingDate": "2017-05-15",
        "acceptedDate": "2017-05-15 17:02:10",
        "calendarYear": "2017",
        "period": "Q1",
        "revenue": 65865000,
        "costOfRevenue": 50204000,
        "grossProfit": 15661000,
        "grossProfitRatio": 0.2377742352,
        "researchAndDevelopmentExpenses": 3569000,
        "generalAndAdministrativeExpenses": 0,
        "sellingAndMarketingExpenses": 0,
        "sellingGeneralAndAdministrativeExpenses": 9610000,
        "otherExpenses": -59001,
        "operatingExpenses": 13179000,
        "costAndExpenses": 63624000,
        "interestIncome": 0,
        "interestExpense": 32000,
        "depreciationAndAmortization": 898000,
        "ebitda": 3139000,
        "ebitdaratio": 0.0476580885,
        "operatingIncome": 2241000,
        "operatingIncomeRatio": 0.0340241403,
        "totalOtherIncomeExpensesNet": -280000,
        "incomeBeforeTax": 1961000,
        "incomeBeforeTaxRatio": 0.0297730206,
        "incomeTaxExpense": 697000,
        "netIncome": 1447000,
        "netIncomeRatio": 0.0219691794,
        "eps": 0.09,
        "epsdiluted": 0.09,
        "weightedAverageShsOut": 15781000,
        "weightedAverageShsOutDil": 15978000,
        "link": "https://www.sec.gov/Archives/edgar/data/708821/000114036117020767/0001140361-17-020767-index.htm",
        "finalLink": "https://www.sec.gov/Archives/edgar/data/708821/000114036117020767/form10q.htm"
    },
    {
        "date": "2016-12-31",
        "symbol": "PAR",
        "reportedCurrency": "USD",
        "cik": "0000708821",
        "fillingDate": "2017-04-17",
        "acceptedDate": "2017-04-17 17:12:58",
        "calendarYear": "2016",
        "period": "Q4",
        "revenue": 60198000,
        "costOfRevenue": 47464000,
        "grossProfit": 12734000,
        "grossProfitRatio": 0.211535267,
        "researchAndDevelopmentExpenses": 3160000,
        "generalAndAdministrativeExpenses": 8831000,
        "sellingAndMarketingExpenses": -663000,
        "sellingGeneralAndAdministrativeExpenses": 8168000,
        "otherExpenses": 0,
        "operatingExpenses": 11328000,
        "costAndExpenses": 59223000,
        "interestIncome": 0,
        "interestExpense": 0,
        "depreciationAndAmortization": 1410000,
        "ebitda": 2085000,
        "ebitdaratio": 0.0346357022,
        "operatingIncome": 975000,
        "operatingIncomeRatio": 0.0161965514,
        "totalOtherIncomeExpensesNet": 1735000,
        "incomeBeforeTax": 2710000,
        "incomeBeforeTaxRatio": 0.0450181069,
        "incomeTaxExpense": 841000,
        "netIncome": 1175000,
        "netIncomeRatio": 0.0195189209,
        "eps": 0.11,
        "epsdiluted": 0.11,
        "weightedAverageShsOut": 15777000,
        "weightedAverageShsOutDil": 15818000,
        "link": "https://www.sec.gov/Archives/edgar/data/708821/000114036117016022/0001140361-17-016022-index.htm",
        "finalLink": "https://www.sec.gov/Archives/edgar/data/708821/000114036117016022/form10k.htm"
    },
    {
        "date": "2016-09-30",
        "symbol": "PAR",
        "reportedCurrency": "USD",
        "cik": "0000708821",
        "fillingDate": "2016-11-14",
        "acceptedDate": "2016-11-14 16:03:32",
        "calendarYear": "2016",
        "period": "Q3",
        "revenue": 61492000,
        "costOfRevenue": 48892000,
        "grossProfit": 12600000,
        "grossProfitRatio": 0.2049047031,
        "researchAndDevelopmentExpenses": 2866000,
        "generalAndAdministrativeExpenses": 0,
        "sellingAndMarketingExpenses": 0,
        "sellingGeneralAndAdministrativeExpenses": 8672000,
        "otherExpenses": 241000,
        "operatingExpenses": 11779000,
        "costAndExpenses": 60671000,
        "interestIncome": 0,
        "interestExpense": 12000,
        "depreciationAndAmortization": 1646000,
        "ebitda": 2429000,
        "ebitdaratio": 0.0395010733,
        "operatingIncome": 821000,
        "operatingIncomeRatio": 0.0133513303,
        "totalOtherIncomeExpensesNet": -50000,
        "incomeBeforeTax": 771000,
        "incomeBeforeTaxRatio": 0.0125382164,
        "incomeTaxExpense": 253000,
        "netIncome": 518000,
        "netIncomeRatio": 0.00842386,
        "eps": 0.03,
        "epsdiluted": 0.03,
        "weightedAverageShsOut": 15770000,
        "weightedAverageShsOutDil": 15822000,
        "link": "https://www.sec.gov/Archives/edgar/data/708821/000114036116086391/0001140361-16-086391-index.htm",
        "finalLink": "https://www.sec.gov/Archives/edgar/data/708821/000114036116086391/form10q.htm"
    },
    {
        "date": "2016-06-30",
        "symbol": "PAR",
        "reportedCurrency": "USD",
        "cik": "0000708821",
        "fillingDate": "2016-08-08",
        "acceptedDate": "2016-08-08 17:26:54",
        "calendarYear": "2016",
        "period": "Q2",
        "revenue": 52658000,
        "costOfRevenue": 42213000,
        "grossProfit": 10445000,
        "grossProfitRatio": 0.1983554256,
        "researchAndDevelopmentExpenses": 2793000,
        "generalAndAdministrativeExpenses": 0,
        "sellingAndMarketingExpenses": 0,
        "sellingGeneralAndAdministrativeExpenses": 7058000,
        "otherExpenses": 242000,
        "operatingExpenses": 10093000,
        "costAndExpenses": 52306000,
        "interestIncome": 0,
        "interestExpense": 0,
        "depreciationAndAmortization": 829000,
        "ebitda": 1181000,
        "ebitdaratio": 0.0224277413,
        "operatingIncome": 352000,
        "operatingIncomeRatio": 0.0066846443,
        "totalOtherIncomeExpensesNet": -207000,
        "incomeBeforeTax": 145000,
        "incomeBeforeTaxRatio": 0.0027536177,
        "incomeTaxExpense": 45000,
        "netIncome": 74000,
        "netIncomeRatio": 0.0014052945,
        "eps": 0.01,
        "epsdiluted": 0.01,
        "weightedAverageShsOut": 15615000,
        "weightedAverageShsOutDil": 15670000,
        "link": "https://www.sec.gov/Archives/edgar/data/708821/000114036116075250/0001140361-16-075250-index.htm",
        "finalLink": "https://www.sec.gov/Archives/edgar/data/708821/000114036116075250/form10q.htm"
    },
    {
        "date": "2016-03-31",
        "symbol": "PAR",
        "reportedCurrency": "USD",
        "cik": "0000708821",
        "fillingDate": "2016-05-11",
        "acceptedDate": "2016-05-11 17:28:19",
        "calendarYear": "2016",
        "period": "Q1",
        "revenue": 55305000,
        "costOfRevenue": 44696000,
        "grossProfit": 10609000,
        "grossProfitRatio": 0.1918271404,
        "researchAndDevelopmentExpenses": 2762000,
        "generalAndAdministrativeExpenses": 0,
        "sellingAndMarketingExpenses": 0,
        "sellingGeneralAndAdministrativeExpenses": 7542000,
        "otherExpenses": 241000,
        "operatingExpenses": 10545000,
        "costAndExpenses": 55241000,
        "interestIncome": 0,
        "interestExpense": 0,
        "depreciationAndAmortization": 777000,
        "ebitda": 841000,
        "ebitdaratio": 0.0152065817,
        "operatingIncome": 64000,
        "operatingIncomeRatio": 0.0011572191,
        "totalOtherIncomeExpensesNet": -41000,
        "incomeBeforeTax": 23000,
        "incomeBeforeTaxRatio": 0.0004158756,
        "incomeTaxExpense": 8000,
        "netIncome": 15000,
        "netIncomeRatio": 0.0002712232,
        "eps": 0.001,
        "epsdiluted": 0.001,
        "weightedAverageShsOut": 15646000,
        "weightedAverageShsOutDil": 15723000,
        "link": "https://www.sec.gov/Archives/edgar/data/708821/000114036116064626/0001140361-16-064626-index.htm",
        "finalLink": "https://www.sec.gov/Archives/edgar/data/708821/000114036116064626/form10q.htm"
    },
    {
        "date": "2015-12-31",
        "symbol": "PAR",
        "reportedCurrency": "USD",
        "cik": "0000708821",
        "fillingDate": "2016-03-30",
        "acceptedDate": "2016-03-30 17:25:25",
        "calendarYear": "2015",
        "period": "Q4",
        "revenue": 56797000,
        "costOfRevenue": 45151000,
        "grossProfit": 11646000,
        "grossProfitRatio": 0.2050460412,
        "researchAndDevelopmentExpenses": 2412000,
        "generalAndAdministrativeExpenses": 7287000,
        "sellingAndMarketingExpenses": 0,
        "sellingGeneralAndAdministrativeExpenses": 7287000,
        "otherExpenses": 0,
        "operatingExpenses": 9694000,
        "costAndExpenses": 54680000,
        "interestIncome": 0,
        "interestExpense": 56000,
        "depreciationAndAmortization": 788000,
        "ebitda": 2163000,
        "ebitdaratio": 0.0380829973,
        "operatingIncome": 2117000,
        "operatingIncomeRatio": 0.0372730954,
        "totalOtherIncomeExpensesNet": -798000,
        "incomeBeforeTax": 1319000,
        "incomeBeforeTaxRatio": 0.0232230576,
        "incomeTaxExpense": 30000,
        "netIncome": 882000,
        "netIncomeRatio": 0.0155289892,
        "eps": 0.06,
        "epsdiluted": 0.06,
        "weightedAverageShsOut": 15616000,
        "weightedAverageShsOutDil": 15732000,
        "link": "https://www.sec.gov/Archives/edgar/data/708821/000114036116059555/0001140361-16-059555-index.htm",
        "finalLink": "https://www.sec.gov/Archives/edgar/data/708821/000114036116059555/form10k.htm"
    },
    {
        "date": "2015-09-30",
        "symbol": "PAR",
        "reportedCurrency": "USD",
        "cik": "0000708821",
        "fillingDate": "2015-11-16",
        "acceptedDate": "2015-11-16 17:26:11",
        "calendarYear": "2015",
        "period": "Q3",
        "revenue": 58060000,
        "costOfRevenue": 46340000,
        "grossProfit": 11720000,
        "grossProfitRatio": 0.2018601447,
        "researchAndDevelopmentExpenses": 2744000,
        "generalAndAdministrativeExpenses": 0,
        "sellingAndMarketingExpenses": 0,
        "sellingGeneralAndAdministrativeExpenses": 7033000,
        "otherExpenses": 23000,
        "operatingExpenses": 9800000,
        "costAndExpenses": 56140000,
        "interestIncome": 0,
        "interestExpense": 81000,
        "depreciationAndAmortization": 0,
        "ebitda": 1920000,
        "ebitdaratio": 0.0330692387,
        "operatingIncome": 1920000,
        "operatingIncomeRatio": 0.0330692387,
        "totalOtherIncomeExpensesNet": 47000,
        "incomeBeforeTax": 1967000,
        "incomeBeforeTaxRatio": 0.0338787461,
        "incomeTaxExpense": 670000,
        "netIncome": -1489000,
        "netIncomeRatio": -0.0256458836,
        "eps": -0.0955,
        "epsdiluted": -0.1,
        "weightedAverageShsOut": 15589000,
        "weightedAverageShsOutDil": 15659000,
        "link": "https://www.sec.gov/Archives/edgar/data/708821/000114036115041875/0001140361-15-041875-index.htm",
        "finalLink": "https://www.sec.gov/Archives/edgar/data/708821/000114036115041875/form10q.htm"
    },
    {
        "date": "2015-06-30",
        "symbol": "PAR",
        "reportedCurrency": "USD",
        "cik": "0000708821",
        "fillingDate": "2015-08-14",
        "acceptedDate": "2015-08-14 11:08:36",
        "calendarYear": "2015",
        "period": "Q2",
        "revenue": 58928000,
        "costOfRevenue": 47235000,
        "grossProfit": 11693000,
        "grossProfitRatio": 0.1984285908,
        "researchAndDevelopmentExpenses": 2868000,
        "generalAndAdministrativeExpenses": 0,
        "sellingAndMarketingExpenses": 0,
        "sellingGeneralAndAdministrativeExpenses": 6845000,
        "otherExpenses": 249000,
        "operatingExpenses": 13673000,
        "costAndExpenses": 56990000,
        "interestIncome": 0,
        "interestExpense": 85000,
        "depreciationAndAmortization": 746000,
        "ebitda": 2477000,
        "ebitdaratio": 0.042034347,
        "operatingIncome": 1938000,
        "operatingIncomeRatio": 0.0328875916,
        "totalOtherIncomeExpensesNet": -65000,
        "incomeBeforeTax": 1873000,
        "incomeBeforeTaxRatio": 0.0317845506,
        "incomeTaxExpense": 629000,
        "netIncome": 101000,
        "netIncomeRatio": 0.001713956,
        "eps": 0.01,
        "epsdiluted": 0.01,
        "weightedAverageShsOut": 15584000,
        "weightedAverageShsOutDil": 15671000,
        "link": "https://www.sec.gov/Archives/edgar/data/708821/000114036115031932/0001140361-15-031932-index.htm",
        "finalLink": "https://www.sec.gov/Archives/edgar/data/708821/000114036115031932/form10q.htm"
    },
    {
        "date": "2015-03-31",
        "symbol": "PAR",
        "reportedCurrency": "USD",
        "cik": "0000708821",
        "fillingDate": "2015-05-08",
        "acceptedDate": "2015-05-08 14:33:06",
        "calendarYear": "2015",
        "period": "Q1",
        "revenue": 55218000,
        "costOfRevenue": 45220000,
        "grossProfit": 9998000,
        "grossProfitRatio": 0.1810641457,
        "researchAndDevelopmentExpenses": 2434000,
        "generalAndAdministrativeExpenses": 0,
        "sellingAndMarketingExpenses": 0,
        "sellingGeneralAndAdministrativeExpenses": 6660000,
        "otherExpenses": -229000,
        "operatingExpenses": 9343000,
        "costAndExpenses": 54563000,
        "interestIncome": 0,
        "interestExpense": 86000,
        "depreciationAndAmortization": 718000,
        "ebitda": 1186000,
        "ebitdaratio": 0.0214785034,
        "operatingIncome": -669000,
        "operatingIncomeRatio": -0.0121156145,
        "totalOtherIncomeExpensesNet": 1032000,
        "incomeBeforeTax": 363000,
        "incomeBeforeTaxRatio": 0.0065739433,
        "incomeTaxExpense": 171000,
        "netIncome": -385000,
        "netIncomeRatio": -0.0069723641,
        "eps": -0.0247,
        "epsdiluted": -0.0245,
        "weightedAverageShsOut": 15596000,
        "weightedAverageShsOutDil": 15710000,
        "link": "https://www.sec.gov/Archives/edgar/data/708821/000114036115018454/0001140361-15-018454-index.htm",
        "finalLink": "https://www.sec.gov/Archives/edgar/data/708821/000114036115018454/form10q.htm"
    },
    {
        "date": "2014-12-31",
        "symbol": "PAR",
        "reportedCurrency": "USD",
        "cik": "0000708821",
        "fillingDate": "2015-03-31",
        "acceptedDate": "2015-03-31 15:49:49",
        "calendarYear": "2014",
        "period": "Q4",
        "revenue": 59283000,
        "costOfRevenue": 48467000,
        "grossProfit": 10816000,
        "grossProfitRatio": 0.1824469072,
        "researchAndDevelopmentExpenses": 4323000,
        "generalAndAdministrativeExpenses": 9142000,
        "sellingAndMarketingExpenses": 0,
        "sellingGeneralAndAdministrativeExpenses": 9142000,
        "otherExpenses": 248000,
        "operatingExpenses": 13465000,
        "costAndExpenses": 63293000,
        "interestIncome": 0,
        "interestExpense": 73000,
        "depreciationAndAmortization": 248000,
        "ebitda": 327000,
        "ebitdaratio": 0.0055159152,
        "operatingIncome": 83000,
        "operatingIncomeRatio": 0.0014000641,
        "totalOtherIncomeExpensesNet": -77000,
        "incomeBeforeTax": 6000,
        "incomeBeforeTaxRatio": 0.0001012095,
        "incomeTaxExpense": 2040000,
        "netIncome": -2034000,
        "netIncomeRatio": -0.0343100046,
        "eps": -0.13,
        "epsdiluted": -0.13,
        "weightedAverageShsOut": 15501000,
        "weightedAverageShsOutDil": 15570000,
        "link": "https://www.sec.gov/Archives/edgar/data/708821/000114036115013699/0001140361-15-013699-index.htm",
        "finalLink": "https://www.sec.gov/Archives/edgar/data/708821/000114036115013699/form10k.htm"
    },
    {
        "date": "2014-09-30",
        "symbol": "PAR",
        "reportedCurrency": "USD",
        "cik": "0000708821",
        "fillingDate": "2014-11-14",
        "acceptedDate": "2014-11-14 16:38:25",
        "calendarYear": "2014",
        "period": "Q3",
        "revenue": 52622000,
        "costOfRevenue": 41469000,
        "grossProfit": 11153000,
        "grossProfitRatio": 0.2119455741,
        "researchAndDevelopmentExpenses": 2156000,
        "generalAndAdministrativeExpenses": 0,
        "sellingAndMarketingExpenses": 0,
        "sellingGeneralAndAdministrativeExpenses": 7599000,
        "otherExpenses": -20000,
        "operatingExpenses": 13427000,
        "costAndExpenses": 51255000,
        "interestIncome": 0,
        "interestExpense": 21000,
        "depreciationAndAmortization": 0,
        "ebitda": 1302000,
        "ebitdaratio": 0.0247425031,
        "operatingIncome": -175000,
        "operatingIncomeRatio": -0.0033256053,
        "totalOtherIncomeExpensesNet": 1456000,
        "incomeBeforeTax": 1281000,
        "incomeBeforeTaxRatio": 0.0243434305,
        "incomeTaxExpense": 613000,
        "netIncome": -109000,
        "netIncomeRatio": -0.002071377,
        "eps": -0.007,
        "epsdiluted": -0.007,
        "weightedAverageShsOut": 15577000,
        "weightedAverageShsOutDil": 15635000,
        "link": "https://www.sec.gov/Archives/edgar/data/708821/000114036114042295/0001140361-14-042295-index.htm",
        "finalLink": "https://www.sec.gov/Archives/edgar/data/708821/000114036114042295/form10q.htm"
    },
    {
        "date": "2014-06-30",
        "symbol": "PAR",
        "reportedCurrency": "USD",
        "cik": "0000708821",
        "fillingDate": "2014-08-08",
        "acceptedDate": "2014-08-08 15:37:37",
        "calendarYear": "2014",
        "period": "Q2",
        "revenue": 57402000,
        "costOfRevenue": 45141000,
        "grossProfit": 12261000,
        "grossProfitRatio": 0.2135988293,
        "researchAndDevelopmentExpenses": 3761000,
        "generalAndAdministrativeExpenses": 0,
        "sellingAndMarketingExpenses": 0,
        "sellingGeneralAndAdministrativeExpenses": 9513000,
        "otherExpenses": 0,
        "operatingExpenses": 13274000,
        "costAndExpenses": 58415000,
        "interestIncome": 0,
        "interestExpense": 25000,
        "depreciationAndAmortization": 831000,
        "ebitda": -607000,
        "ebitdaratio": -0.0105745444,
        "operatingIncome": -1013000,
        "operatingIncomeRatio": -0.0176474687,
        "totalOtherIncomeExpensesNet": 381000,
        "incomeBeforeTax": -632000,
        "incomeBeforeTaxRatio": -0.0110100693,
        "incomeTaxExpense": -113000,
        "netIncome": -519000,
        "netIncomeRatio": -0.0090414968,
        "eps": -0.03,
        "epsdiluted": -0.03,
        "weightedAverageShsOut": 15612000,
        "weightedAverageShsOutDil": 15612000,
        "link": "https://www.sec.gov/Archives/edgar/data/708821/000114036114031485/0001140361-14-031485-index.htm",
        "finalLink": "https://www.sec.gov/Archives/edgar/data/708821/000114036114031485/form10q.htm"
    },
    {
        "date": "2014-03-31",
        "symbol": "PAR",
        "reportedCurrency": "USD",
        "cik": "0000708821",
        "fillingDate": "2014-05-07",
        "acceptedDate": "2014-05-07 16:55:56",
        "calendarYear": "2014",
        "period": "Q1",
        "revenue": 56541000,
        "costOfRevenue": 44528000,
        "grossProfit": 12013000,
        "grossProfitRatio": 0.2124652907,
        "researchAndDevelopmentExpenses": 3864000,
        "generalAndAdministrativeExpenses": 0,
        "sellingAndMarketingExpenses": 0,
        "sellingGeneralAndAdministrativeExpenses": 9263000,
        "otherExpenses": 0,
        "operatingExpenses": 13127000,
        "costAndExpenses": 57655000,
        "interestIncome": 0,
        "interestExpense": 17000,
        "depreciationAndAmortization": 830000,
        "ebitda": -362000,
        "ebitdaratio": -0.0064024336,
        "operatingIncome": -1114000,
        "operatingIncomeRatio": -0.0197025168,
        "totalOtherIncomeExpensesNet": -95000,
        "incomeBeforeTax": -1209000,
        "incomeBeforeTaxRatio": -0.0213827134,
        "incomeTaxExpense": -220000,
        "netIncome": -989000,
        "netIncomeRatio": -0.0174917317,
        "eps": -0.0638,
        "epsdiluted": -0.0638,
        "weightedAverageShsOut": 15499000,
        "weightedAverageShsOutDil": 15499000,
        "link": "https://www.sec.gov/Archives/edgar/data/708821/000114036114019405/0001140361-14-019405-index.htm",
        "finalLink": "https://www.sec.gov/Archives/edgar/data/708821/000114036114019405/form10q.htm"
    },
    {
        "date": "2013-12-31",
        "symbol": "PAR",
        "reportedCurrency": "USD",
        "cik": "0000708821",
        "fillingDate": "2014-03-14",
        "acceptedDate": "2014-03-14 17:13:03",
        "calendarYear": "2013",
        "period": "Q4",
        "revenue": 59666000,
        "costOfRevenue": 45815000,
        "grossProfit": 13851000,
        "grossProfitRatio": 0.2321422586,
        "researchAndDevelopmentExpenses": 3991000,
        "generalAndAdministrativeExpenses": 9610000,
        "sellingAndMarketingExpenses": 0,
        "sellingGeneralAndAdministrativeExpenses": 9610000,
        "otherExpenses": 0,
        "operatingExpenses": 13601000,
        "costAndExpenses": 59416000,
        "interestIncome": 0,
        "interestExpense": 18000,
        "depreciationAndAmortization": 825000,
        "ebitda": 1208000,
        "ebitdaratio": 0.0202460363,
        "operatingIncome": 250000,
        "operatingIncomeRatio": 0.0041899909,
        "totalOtherIncomeExpensesNet": 115000,
        "incomeBeforeTax": 365000,
        "incomeBeforeTaxRatio": 0.0061173868,
        "incomeTaxExpense": 120000,
        "netIncome": 245000,
        "netIncomeRatio": 0.0041061911,
        "eps": 0.02,
        "epsdiluted": 0.02,
        "weightedAverageShsOut": 15240000,
        "weightedAverageShsOutDil": 15530000,
        "link": "https://www.sec.gov/Archives/edgar/data/708821/000114036114012801/0001140361-14-012801-index.htm",
        "finalLink": "https://www.sec.gov/Archives/edgar/data/708821/000114036114012801/form10k.htm"
    },
    {
        "date": "2013-09-30",
        "symbol": "PAR",
        "reportedCurrency": "USD",
        "cik": "0000708821",
        "fillingDate": "2013-11-08",
        "acceptedDate": "2013-11-08 13:18:48",
        "calendarYear": "2013",
        "period": "Q3",
        "revenue": 55538000,
        "costOfRevenue": 43183000,
        "grossProfit": 12355000,
        "grossProfitRatio": 0.2224602975,
        "researchAndDevelopmentExpenses": 3730000,
        "generalAndAdministrativeExpenses": 0,
        "sellingAndMarketingExpenses": 0,
        "sellingGeneralAndAdministrativeExpenses": 8616000,
        "otherExpenses": 0,
        "operatingExpenses": 12346000,
        "costAndExpenses": 55529000,
        "interestIncome": 0,
        "interestExpense": 16000,
        "depreciationAndAmortization": 749000,
        "ebitda": 910000,
        "ebitdaratio": 0.0163851777,
        "operatingIncome": 9000,
        "operatingIncomeRatio": 0.0001620512,
        "totalOtherIncomeExpensesNet": 136000,
        "incomeBeforeTax": 145000,
        "incomeBeforeTaxRatio": 0.002610825,
        "incomeTaxExpense": -300000,
        "netIncome": 440000,
        "netIncomeRatio": 0.0079225035,
        "eps": 0.03,
        "epsdiluted": 0.03,
        "weightedAverageShsOut": 15405000,
        "weightedAverageShsOutDil": 15446000,
        "link": "https://www.sec.gov/Archives/edgar/data/708821/000114036113041316/0001140361-13-041316-index.htm",
        "finalLink": "https://www.sec.gov/Archives/edgar/data/708821/000114036113041316/form10q.htm"
    },
    {
        "date": "2013-06-30",
        "symbol": "PAR",
        "reportedCurrency": "USD",
        "cik": "0000708821",
        "fillingDate": "2013-08-08",
        "acceptedDate": "2013-08-08 16:23:34",
        "calendarYear": "2013",
        "period": "Q2",
        "revenue": 59516000,
        "costOfRevenue": 46057000,
        "grossProfit": 13459000,
        "grossProfitRatio": 0.2261408697,
        "researchAndDevelopmentExpenses": 3706000,
        "generalAndAdministrativeExpenses": 0,
        "sellingAndMarketingExpenses": 0,
        "sellingGeneralAndAdministrativeExpenses": 9494000,
        "otherExpenses": 0,
        "operatingExpenses": 13200000,
        "costAndExpenses": 59257000,
        "interestIncome": 0,
        "interestExpense": 13000,
        "depreciationAndAmortization": 712000,
        "ebitda": 1226000,
        "ebitdaratio": 0.0205995027,
        "operatingIncome": 259000,
        "operatingIncomeRatio": 0.004351771,
        "totalOtherIncomeExpensesNet": 242000,
        "incomeBeforeTax": 501000,
        "incomeBeforeTaxRatio": 0.0084179044,
        "incomeTaxExpense": 253000,
        "netIncome": 57000,
        "netIncomeRatio": 0.0009577257,
        "eps": 0.01,
        "epsdiluted": 0.01,
        "weightedAverageShsOut": 15171000,
        "weightedAverageShsOutDil": 15340000,
        "link": "https://www.sec.gov/Archives/edgar/data/708821/000070882113000070/0000708821-13-000070-index.htm",
        "finalLink": "https://www.sec.gov/Archives/edgar/data/708821/000070882113000070/form10q2q2013.htm"
    },
    {
        "date": "2013-03-31",
        "symbol": "PAR",
        "reportedCurrency": "USD",
        "cik": "0000708821",
        "fillingDate": "2013-05-09",
        "acceptedDate": "2013-05-09 16:05:50",
        "calendarYear": "2013",
        "period": "Q1",
        "revenue": 66674000,
        "costOfRevenue": 53504000,
        "grossProfit": 13170000,
        "grossProfitRatio": 0.1975282719,
        "researchAndDevelopmentExpenses": 4140000,
        "generalAndAdministrativeExpenses": 0,
        "sellingAndMarketingExpenses": 0,
        "sellingGeneralAndAdministrativeExpenses": 10205000,
        "otherExpenses": 0,
        "operatingExpenses": 14345000,
        "costAndExpenses": 67849000,
        "interestIncome": 0,
        "interestExpense": 13000,
        "depreciationAndAmortization": 544000,
        "ebitda": -665000,
        "ebitdaratio": -0.0099739029,
        "operatingIncome": -1175000,
        "operatingIncomeRatio": -0.0176230615,
        "totalOtherIncomeExpensesNet": -47000,
        "incomeBeforeTax": -1222000,
        "incomeBeforeTaxRatio": -0.0183279839,
        "incomeTaxExpense": -853000,
        "netIncome": -384000,
        "netIncomeRatio": -0.0057593665,
        "eps": -0.0253,
        "epsdiluted": -0.0253,
        "weightedAverageShsOut": 15154000,
        "weightedAverageShsOutDil": 15154000,
        "link": "https://www.sec.gov/Archives/edgar/data/708821/000070882113000041/0000708821-13-000041-index.htm",
        "finalLink": "https://www.sec.gov/Archives/edgar/data/708821/000070882113000041/form10q2013.htm"
    },
    {
        "date": "2012-12-31",
        "symbol": "PAR",
        "reportedCurrency": "USD",
        "cik": "0000708821",
        "fillingDate": "2013-03-14",
        "acceptedDate": "2013-03-13 17:32:17",
        "calendarYear": "2012",
        "period": "Q4",
        "revenue": 66429000,
        "costOfRevenue": 56551000,
        "grossProfit": 9878000,
        "grossProfitRatio": 0.1487001159,
        "researchAndDevelopmentExpenses": 3750000,
        "generalAndAdministrativeExpenses": 11632000,
        "sellingAndMarketingExpenses": 0,
        "sellingGeneralAndAdministrativeExpenses": 11632000,
        "otherExpenses": 0,
        "operatingExpenses": 15396000,
        "costAndExpenses": 71811000,
        "interestIncome": 0,
        "interestExpense": 5000,
        "depreciationAndAmortization": 14000,
        "ebitda": -5068000,
        "ebitdaratio": -0.0762919809,
        "operatingIncome": -5818000,
        "operatingIncomeRatio": -0.0875822307,
        "totalOtherIncomeExpensesNet": 431000,
        "incomeBeforeTax": -5387000,
        "incomeBeforeTaxRatio": -0.0810941005,
        "incomeTaxExpense": -1797000,
        "netIncome": -3613000,
        "netIncomeRatio": -0.0543888964,
        "eps": -0.24,
        "epsdiluted": -0.24,
        "weightedAverageShsOut": 15115000,
        "weightedAverageShsOutDil": 15145000,
        "link": "https://www.sec.gov/Archives/edgar/data/708821/000070882113000011/0000708821-13-000011-index.htm",
        "finalLink": "https://www.sec.gov/Archives/edgar/data/708821/000070882113000011/fm10k2012.htm"
    },
    {
        "date": "2012-09-30",
        "symbol": "PAR",
        "reportedCurrency": "USD",
        "cik": "0000708821",
        "fillingDate": "2012-11-13",
        "acceptedDate": "2012-11-13 17:03:05",
        "calendarYear": "2012",
        "period": "Q3",
        "revenue": 61052000,
        "costOfRevenue": 47040000,
        "grossProfit": 14012000,
        "grossProfitRatio": 0.2295092708,
        "researchAndDevelopmentExpenses": 3309000,
        "generalAndAdministrativeExpenses": 0,
        "sellingAndMarketingExpenses": 0,
        "sellingGeneralAndAdministrativeExpenses": 9410000,
        "otherExpenses": 138000,
        "operatingExpenses": 12857000,
        "costAndExpenses": 59664000,
        "interestIncome": 0,
        "interestExpense": 22000,
        "depreciationAndAmortization": 905000,
        "ebitda": 2293000,
        "ebitdaratio": 0.0375581472,
        "operatingIncome": 1155000,
        "operatingIncomeRatio": 0.0189182992,
        "totalOtherIncomeExpensesNet": 211000,
        "incomeBeforeTax": 1366000,
        "incomeBeforeTaxRatio": 0.0223743694,
        "incomeTaxExpense": 62000,
        "netIncome": 1354000,
        "netIncomeRatio": 0.0221778156,
        "eps": 0.09,
        "epsdiluted": 0.09,
        "weightedAverageShsOut": 15131000,
        "weightedAverageShsOutDil": 15207000,
        "link": "https://www.sec.gov/Archives/edgar/data/708821/000070882112000057/0000708821-12-000057-index.htm",
        "finalLink": "https://www.sec.gov/Archives/edgar/data/708821/000070882112000057/thirdqtr10q_2012.htm"
    },
    {
        "date": "2012-06-30",
        "symbol": "PAR",
        "reportedCurrency": "USD",
        "cik": "0000708821",
        "fillingDate": "2012-08-14",
        "acceptedDate": "2012-08-14 16:04:18",
        "calendarYear": "2012",
        "period": "Q2",
        "revenue": 62085000,
        "costOfRevenue": 50098000,
        "grossProfit": 11987000,
        "grossProfitRatio": 0.1930740114,
        "researchAndDevelopmentExpenses": 3089000,
        "generalAndAdministrativeExpenses": 9291000,
        "sellingAndMarketingExpenses": 0,
        "sellingGeneralAndAdministrativeExpenses": 9291000,
        "otherExpenses": 150000,
        "operatingExpenses": 12530000,
        "costAndExpenses": 62628000,
        "interestIncome": 0,
        "interestExpense": 21000,
        "depreciationAndAmortization": 919000,
        "ebitda": 10000,
        "ebitdaratio": 0.0001610695,
        "operatingIncome": -543000,
        "operatingIncomeRatio": -0.0087460739,
        "totalOtherIncomeExpensesNet": -387000,
        "incomeBeforeTax": -930000,
        "incomeBeforeTaxRatio": -0.0149794636,
        "incomeTaxExpense": -419000,
        "netIncome": -521000,
        "netIncomeRatio": -0.008391721,
        "eps": -0.0345,
        "epsdiluted": -0.0345,
        "weightedAverageShsOut": 15098000,
        "weightedAverageShsOutDil": 15098000,
        "link": "https://www.sec.gov/Archives/edgar/data/708821/000070882112000037/0000708821-12-000037-index.htm",
        "finalLink": "https://www.sec.gov/Archives/edgar/data/708821/000070882112000037/form10q063012.htm"
    },
    {
        "date": "2012-03-31",
        "symbol": "PAR",
        "reportedCurrency": "USD",
        "cik": "0000708821",
        "fillingDate": "2012-05-15",
        "acceptedDate": "2012-05-15 15:08:15",
        "calendarYear": "2012",
        "period": "Q1",
        "revenue": 55593000,
        "costOfRevenue": 40525000,
        "grossProfit": 15068000,
        "grossProfitRatio": 0.2710413182,
        "researchAndDevelopmentExpenses": 3549000,
        "generalAndAdministrativeExpenses": 10143000,
        "sellingAndMarketingExpenses": 0,
        "sellingGeneralAndAdministrativeExpenses": 10143000,
        "otherExpenses": 153000,
        "operatingExpenses": 13845000,
        "costAndExpenses": 54370000,
        "interestIncome": 0,
        "interestExpense": 21000,
        "depreciationAndAmortization": 825000,
        "ebitda": 2621000,
        "ebitdaratio": 0.0471462234,
        "operatingIncome": 1223000,
        "operatingIncomeRatio": 0.0219991726,
        "totalOtherIncomeExpensesNet": 552000,
        "incomeBeforeTax": 1775000,
        "incomeBeforeTaxRatio": 0.0319284802,
        "incomeTaxExpense": 740000,
        "netIncome": 2465000,
        "netIncomeRatio": 0.0443401148,
        "eps": 0.16,
        "epsdiluted": 0.16,
        "weightedAverageShsOut": 15083000,
        "weightedAverageShsOutDil": 15162000,
        "link": "https://www.sec.gov/Archives/edgar/data/708821/000070882112000024/0000708821-12-000024-index.htm",
        "finalLink": "https://www.sec.gov/Archives/edgar/data/708821/000070882112000024/form10qq12012.htm"
    },
    {
        "date": "2011-12-31",
        "symbol": "PAR",
        "reportedCurrency": "USD",
        "cik": "0000708821",
        "fillingDate": "2012-04-04",
        "acceptedDate": "2012-04-04 16:07:08",
        "calendarYear": "2011",
        "period": "Q4",
        "revenue": 60116000,
        "costOfRevenue": 46087000,
        "grossProfit": 14029000,
        "grossProfitRatio": 0.2333654934,
        "researchAndDevelopmentExpenses": 2207000,
        "generalAndAdministrativeExpenses": 6470000,
        "sellingAndMarketingExpenses": 0,
        "sellingGeneralAndAdministrativeExpenses": 6470000,
        "otherExpenses": 173000,
        "operatingExpenses": 8850000,
        "costAndExpenses": 51318000,
        "interestIncome": 0,
        "interestExpense": 48000,
        "depreciationAndAmortization": 576000,
        "ebitda": 5094000,
        "ebitdaratio": 0.0847361767,
        "operatingIncome": 4209000,
        "operatingIncomeRatio": 0.0700146384,
        "totalOtherIncomeExpensesNet": 261000,
        "incomeBeforeTax": 4470000,
        "incomeBeforeTaxRatio": 0.0743562446,
        "incomeTaxExpense": 1588000,
        "netIncome": 710000,
        "netIncomeRatio": 0.0118104997,
        "eps": 0.05,
        "epsdiluted": 0.05,
        "weightedAverageShsOut": 15000000,
        "weightedAverageShsOutDil": 15000000,
        "link": "https://www.sec.gov/Archives/edgar/data/708821/000070882112000018/0000708821-12-000018-index.htm",
        "finalLink": "https://www.sec.gov/Archives/edgar/data/708821/000070882112000018/form10k2011.htm"
    },
    {
        "date": "2011-09-30",
        "symbol": "PAR",
        "reportedCurrency": "USD",
        "cik": "0000708821",
        "fillingDate": "2011-11-10",
        "acceptedDate": "2011-11-10 16:48:56",
        "calendarYear": "2011",
        "period": "Q3",
        "revenue": 58690000,
        "costOfRevenue": 43605000,
        "grossProfit": 15085000,
        "grossProfitRatio": 0.2570284546,
        "researchAndDevelopmentExpenses": 3730000,
        "generalAndAdministrativeExpenses": 9239000,
        "sellingAndMarketingExpenses": 0,
        "sellingGeneralAndAdministrativeExpenses": 9239000,
        "otherExpenses": 257000,
        "operatingExpenses": 13226000,
        "costAndExpenses": 55970000,
        "interestIncome": 0,
        "interestExpense": 48000,
        "depreciationAndAmortization": 662000,
        "ebitda": 3405000,
        "ebitdaratio": 0.0580166979,
        "operatingIncome": 2720000,
        "operatingIncomeRatio": 0.0463452036,
        "totalOtherIncomeExpensesNet": -25000,
        "incomeBeforeTax": 2695000,
        "incomeBeforeTaxRatio": 0.0459192367,
        "incomeTaxExpense": 1099000,
        "netIncome": 1202000,
        "netIncomeRatio": 0.0204804907,
        "eps": 0.08,
        "epsdiluted": 0.08,
        "weightedAverageShsOut": 15031000,
        "weightedAverageShsOutDil": 15118000,
        "link": "https://www.sec.gov/Archives/edgar/data/708821/000070882111000037/0000708821-11-000037-index.htm",
        "finalLink": "https://www.sec.gov/Archives/edgar/data/708821/000070882111000037/fm10qq32011.htm"
    },
    {
        "date": "2011-06-30",
        "symbol": "PAR",
        "reportedCurrency": "USD",
        "cik": "0000708821",
        "fillingDate": "2011-08-22",
        "acceptedDate": "2011-08-22 15:19:28",
        "calendarYear": "2011",
        "period": "Q2",
        "revenue": 56441000,
        "costOfRevenue": 49584000,
        "grossProfit": 6857000,
        "grossProfitRatio": 0.1214896972,
        "researchAndDevelopmentExpenses": 3720000,
        "generalAndAdministrativeExpenses": 10157000,
        "sellingAndMarketingExpenses": 0,
        "sellingGeneralAndAdministrativeExpenses": 10157000,
        "otherExpenses": 21048000,
        "operatingExpenses": 14082000,
        "costAndExpenses": 65130000,
        "interestIncome": 0,
        "interestExpense": 67000,
        "depreciationAndAmortization": 684000,
        "ebitda": -26633000,
        "ebitdaratio": -0.4718732836,
        "operatingIncome": -27688000,
        "operatingIncomeRatio": -0.4905653691,
        "totalOtherIncomeExpensesNet": 304000,
        "incomeBeforeTax": -27384000,
        "incomeBeforeTaxRatio": -0.4851792137,
        "incomeTaxExpense": -10064000,
        "netIncome": -17848000,
        "netIncomeRatio": -0.3162240215,
        "eps": -1.19,
        "epsdiluted": -1.19,
        "weightedAverageShsOut": 14996000,
        "weightedAverageShsOutDil": 14996000,
        "link": "https://www.sec.gov/Archives/edgar/data/708821/000070882111000033/0000708821-11-000033-index.htm",
        "finalLink": "https://www.sec.gov/Archives/edgar/data/708821/000070882111000033/fm10qq22011.htm"
    },
    {
        "date": "2011-03-31",
        "symbol": "PAR",
        "reportedCurrency": "USD",
        "cik": "0000708821",
        "fillingDate": "2011-05-16",
        "acceptedDate": "2011-05-16 13:53:30",
        "calendarYear": "2011",
        "period": "Q1",
        "revenue": 54176000,
        "costOfRevenue": 39687000,
        "grossProfit": 14489000,
        "grossProfitRatio": 0.2674431483,
        "researchAndDevelopmentExpenses": 4140000,
        "generalAndAdministrativeExpenses": 9908000,
        "sellingAndMarketingExpenses": 0,
        "sellingGeneralAndAdministrativeExpenses": 9908000,
        "otherExpenses": 205000,
        "operatingExpenses": 14253000,
        "costAndExpenses": 55185000,
        "interestIncome": 0,
        "interestExpense": 48000,
        "depreciationAndAmortization": 704000,
        "ebitda": 867000,
        "ebitdaratio": 0.0160033963,
        "operatingIncome": 1203000,
        "operatingIncomeRatio": 0.0222054046,
        "totalOtherIncomeExpensesNet": -20000,
        "incomeBeforeTax": 1183000,
        "incomeBeforeTaxRatio": 0.0218362374,
        "incomeTaxExpense": 442000,
        "netIncome": 404000,
        "netIncomeRatio": 0.0074571766,
        "eps": 0.03,
        "epsdiluted": 0.03,
        "weightedAverageShsOut": 14924000,
        "weightedAverageShsOutDil": 15058000,
        "link": "https://www.sec.gov/Archives/edgar/data/708821/000070882111000014/0000708821-11-000014-index.htm",
        "finalLink": "https://www.sec.gov/Archives/edgar/data/708821/000070882111000014/form10qq12011.htm"
    },
    {
        "date": "2010-12-31",
        "symbol": "PAR",
        "reportedCurrency": "USD",
        "cik": "0000708821",
        "fillingDate": "2011-03-16",
        "acceptedDate": "2011-03-16 16:13:21",
        "calendarYear": "2010",
        "period": "Q4",
        "revenue": 64435000,
        "costOfRevenue": 47059000,
        "grossProfit": 17376000,
        "grossProfitRatio": 0.2696671064,
        "researchAndDevelopmentExpenses": 4469000,
        "generalAndAdministrativeExpenses": 11478000,
        "sellingAndMarketingExpenses": 0,
        "sellingGeneralAndAdministrativeExpenses": 11478000,
        "otherExpenses": 236000,
        "operatingExpenses": 16183000,
        "costAndExpenses": 63242000,
        "interestIncome": 0,
        "interestExpense": 53000,
        "depreciationAndAmortization": 863000,
        "ebitda": 2180000,
        "ebitdaratio": 0.0338325444,
        "operatingIncome": 1193000,
        "operatingIncomeRatio": 0.0185147823,
        "totalOtherIncomeExpensesNet": 71000,
        "incomeBeforeTax": 1264000,
        "incomeBeforeTaxRatio": 0.019616668,
        "incomeTaxExpense": 110000,
        "netIncome": 1154000,
        "netIncomeRatio": 0.0179095212,
        "eps": 0.0773,
        "epsdiluted": 0.0773,
        "weightedAverageShsOut": 14822000,
        "weightedAverageShsOutDil": 15008000,
        "link": "https://www.sec.gov/Archives/edgar/data/708821/000070882111000006/0000708821-11-000006-index.htm",
        "finalLink": "https://www.sec.gov/Archives/edgar/data/708821/000070882111000006/fm10k123110.htm"
    },
    {
        "date": "2010-09-30",
        "symbol": "PAR",
        "reportedCurrency": "USD",
        "cik": "0000708821",
        "fillingDate": "2010-11-10",
        "acceptedDate": "2010-11-10 15:46:42",
        "calendarYear": "2010",
        "period": "Q3",
        "revenue": 61171000,
        "costOfRevenue": 45098000,
        "grossProfit": 16073000,
        "grossProfitRatio": 0.2627552272,
        "researchAndDevelopmentExpenses": 4826000,
        "generalAndAdministrativeExpenses": 9995000,
        "sellingAndMarketingExpenses": 0,
        "sellingGeneralAndAdministrativeExpenses": 9995000,
        "otherExpenses": 234000,
        "operatingExpenses": 15055000,
        "costAndExpenses": 60153000,
        "interestIncome": 0,
        "interestExpense": 157000,
        "depreciationAndAmortization": 800000,
        "ebitda": 1915000,
        "ebitdaratio": 0.0313056841,
        "operatingIncome": 1018000,
        "operatingIncomeRatio": 0.0166418728,
        "totalOtherIncomeExpensesNet": -60000,
        "incomeBeforeTax": 958000,
        "incomeBeforeTaxRatio": 0.0156610158,
        "incomeTaxExpense": 420000,
        "netIncome": 538000,
        "netIncomeRatio": 0.0087950172,
        "eps": 0.04,
        "epsdiluted": 0.04,
        "weightedAverageShsOut": 14879000,
        "weightedAverageShsOutDil": 15048000,
        "link": "https://www.sec.gov/Archives/edgar/data/708821/000070882110000024/0000708821-10-000024-index.htm",
        "finalLink": "https://www.sec.gov/Archives/edgar/data/708821/000070882110000024/form10qq3.htm"
    },
    {
        "date": "2010-06-30",
        "symbol": "PAR",
        "reportedCurrency": "USD",
        "cik": "0000708821",
        "fillingDate": "2010-08-09",
        "acceptedDate": "2010-08-09 16:22:24",
        "calendarYear": "2010",
        "period": "Q2",
        "revenue": 56214000,
        "costOfRevenue": 41125000,
        "grossProfit": 15089000,
        "grossProfitRatio": 0.2684206781,
        "researchAndDevelopmentExpenses": 4321000,
        "generalAndAdministrativeExpenses": 9781000,
        "sellingAndMarketingExpenses": 0,
        "sellingGeneralAndAdministrativeExpenses": 9781000,
        "otherExpenses": 235000,
        "operatingExpenses": 14337000,
        "costAndExpenses": 55462000,
        "interestIncome": 0,
        "interestExpense": 71000,
        "depreciationAndAmortization": 847000,
        "ebitda": 1877000,
        "ebitdaratio": 0.0333902587,
        "operatingIncome": 752000,
        "operatingIncomeRatio": 0.0133774505,
        "totalOtherIncomeExpensesNet": 207000,
        "incomeBeforeTax": 959000,
        "incomeBeforeTaxRatio": 0.0170598072,
        "incomeTaxExpense": 110000,
        "netIncome": 849000,
        "netIncomeRatio": 0.0151029993,
        "eps": 0.06,
        "epsdiluted": 0.06,
        "weightedAverageShsOut": 14800000,
        "weightedAverageShsOutDil": 15031000,
        "link": "https://www.sec.gov/Archives/edgar/data/708821/000070882110000012/0000708821-10-000012-index.htm",
        "finalLink": "https://www.sec.gov/Archives/edgar/data/708821/000070882110000012/form10qq22010.htm"
    },
    {
        "date": "2010-03-31",
        "symbol": "PAR",
        "reportedCurrency": "USD",
        "cik": "0000708821",
        "fillingDate": "2010-05-10",
        "acceptedDate": "2010-05-10 15:14:33",
        "calendarYear": "2010",
        "period": "Q1",
        "revenue": 58119000,
        "costOfRevenue": 44028000,
        "grossProfit": 14091000,
        "grossProfitRatio": 0.2424508336,
        "researchAndDevelopmentExpenses": 3445000,
        "generalAndAdministrativeExpenses": 9540000,
        "sellingAndMarketingExpenses": 0,
        "sellingGeneralAndAdministrativeExpenses": 9540000,
        "otherExpenses": 234000,
        "operatingExpenses": 13219000,
        "costAndExpenses": 57247000,
        "interestIncome": 0,
        "interestExpense": 71000,
        "depreciationAndAmortization": 849000,
        "ebitda": 1862000,
        "ebitdaratio": 0.0320377157,
        "operatingIncome": 872000,
        "operatingIncomeRatio": 0.0150036993,
        "totalOtherIncomeExpensesNet": 70000,
        "incomeBeforeTax": 942000,
        "incomeBeforeTaxRatio": 0.0162081247,
        "incomeTaxExpense": 360000,
        "netIncome": 582000,
        "netIncomeRatio": 0.0100139369,
        "eps": 0.04,
        "epsdiluted": 0.04,
        "weightedAverageShsOut": 14702000,
        "weightedAverageShsOutDil": 14958000,
        "link": "https://www.sec.gov/Archives/edgar/data/708821/000070882110000007/0000708821-10-000007-index.htm",
        "finalLink": "https://www.sec.gov/Archives/edgar/data/708821/000070882110000007/form10q_firstqtr2010.htm"
    },
    {
        "date": "2009-12-31",
        "symbol": "PAR",
        "reportedCurrency": "USD",
        "cik": "0000708821",
        "fillingDate": "2010-03-16",
        "acceptedDate": "2010-03-16 16:11:22",
        "calendarYear": "2009",
        "period": "Q4",
        "revenue": 58207000,
        "costOfRevenue": 50186000,
        "grossProfit": 8021000,
        "grossProfitRatio": 0.1378012954,
        "researchAndDevelopmentExpenses": 4069000,
        "generalAndAdministrativeExpenses": 9386000,
        "sellingAndMarketingExpenses": 0,
        "sellingGeneralAndAdministrativeExpenses": 9386000,
        "otherExpenses": 233000,
        "operatingExpenses": 13688000,
        "costAndExpenses": 63874000,
        "interestIncome": 0,
        "interestExpense": 72000,
        "depreciationAndAmortization": 900000,
        "ebitda": -4876000,
        "ebitdaratio": -0.0837699933,
        "operatingIncome": -5667000,
        "operatingIncomeRatio": -0.0973594241,
        "totalOtherIncomeExpensesNet": -181000,
        "incomeBeforeTax": -5848000,
        "incomeBeforeTaxRatio": -0.1004690158,
        "incomeTaxExpense": -955000,
        "netIncome": -4893000,
        "netIncomeRatio": -0.0840620544,
        "eps": -0.33,
        "epsdiluted": -0.33,
        "weightedAverageShsOut": 14547000,
        "weightedAverageShsOutDil": 14547000,
        "link": "https://www.sec.gov/Archives/edgar/data/708821/000070882110000003/0000708821-10-000003-index.htm",
        "finalLink": "https://www.sec.gov/Archives/edgar/data/708821/000070882110000003/form10k_09.htm"
    },
    {
        "date": "2009-09-30",
        "symbol": "PAR",
        "reportedCurrency": "USD",
        "cik": "0000708821",
        "fillingDate": "2009-11-09",
        "acceptedDate": "2009-11-09 16:20:52",
        "calendarYear": "2009",
        "period": "Q3",
        "revenue": 49914000,
        "costOfRevenue": 38509000,
        "grossProfit": 11405000,
        "grossProfitRatio": 0.228493008,
        "researchAndDevelopmentExpenses": 3771000,
        "generalAndAdministrativeExpenses": 8579000,
        "sellingAndMarketingExpenses": 0,
        "sellingGeneralAndAdministrativeExpenses": 8579000,
        "otherExpenses": 371000,
        "operatingExpenses": 12721000,
        "costAndExpenses": 51230000,
        "interestIncome": 0,
        "interestExpense": 106000,
        "depreciationAndAmortization": 873000,
        "ebitda": -431000,
        "ebitdaratio": -0.0086348519,
        "operatingIncome": -1316000,
        "operatingIncomeRatio": -0.0263653484,
        "totalOtherIncomeExpensesNet": -94000,
        "incomeBeforeTax": -1410000,
        "incomeBeforeTaxRatio": -0.0282485876,
        "incomeTaxExpense": -632000,
        "netIncome": -778000,
        "netIncomeRatio": -0.0155868093,
        "eps": -0.0535,
        "epsdiluted": -0.0535,
        "weightedAverageShsOut": 14544000,
        "weightedAverageShsOutDil": 14544000,
        "link": "https://www.sec.gov/Archives/edgar/data/708821/000070882109000014/0000708821-09-000014-index.htm",
        "finalLink": "https://www.sec.gov/Archives/edgar/data/708821/000070882109000014/thirdqtr10q09.txt"
    },
    {
        "date": "2009-06-30",
        "symbol": "PAR",
        "reportedCurrency": "USD",
        "cik": "0000708821",
        "fillingDate": "2009-08-10",
        "acceptedDate": "2009-08-10 13:09:22",
        "calendarYear": "2009",
        "period": "Q2",
        "revenue": 54459000,
        "costOfRevenue": 42097000,
        "grossProfit": 12362000,
        "grossProfitRatio": 0.226996456,
        "researchAndDevelopmentExpenses": 3048000,
        "generalAndAdministrativeExpenses": 8647000,
        "sellingAndMarketingExpenses": 0,
        "sellingGeneralAndAdministrativeExpenses": 8647000,
        "otherExpenses": 368000,
        "operatingExpenses": 12063000,
        "costAndExpenses": 54160000,
        "interestIncome": 0,
        "interestExpense": 82000,
        "depreciationAndAmortization": 1028000,
        "ebitda": 1483000,
        "ebitdaratio": 0.0272314953,
        "operatingIncome": 299000,
        "operatingIncomeRatio": 0.0054903689,
        "totalOtherIncomeExpensesNet": 74000,
        "incomeBeforeTax": 373000,
        "incomeBeforeTaxRatio": 0.0068491893,
        "incomeTaxExpense": 135000,
        "netIncome": 238000,
        "netIncomeRatio": 0.0043702602,
        "eps": 0.02,
        "epsdiluted": 0.02,
        "weightedAverageShsOut": 14501000,
        "weightedAverageShsOutDil": 14787000,
        "link": "https://www.sec.gov/Archives/edgar/data/708821/000070882109000012/0000708821-09-000012-index.htm",
        "finalLink": "https://www.sec.gov/Archives/edgar/data/708821/000070882109000012/secqtr10q09.txt"
    },
    {
        "date": "2009-03-31",
        "symbol": "PAR",
        "reportedCurrency": "USD",
        "cik": "0000708821",
        "fillingDate": "2009-05-11",
        "acceptedDate": "2009-05-11 15:50:15",
        "calendarYear": "2009",
        "period": "Q1",
        "revenue": 60468000,
        "costOfRevenue": 46781000,
        "grossProfit": 13687000,
        "grossProfitRatio": 0.2263511279,
        "researchAndDevelopmentExpenses": 3309000,
        "generalAndAdministrativeExpenses": 9595000,
        "sellingAndMarketingExpenses": 0,
        "sellingGeneralAndAdministrativeExpenses": 9595000,
        "otherExpenses": 365000,
        "operatingExpenses": 13269000,
        "costAndExpenses": 60050000,
        "interestIncome": 0,
        "interestExpense": 139000,
        "depreciationAndAmortization": 1045000,
        "ebitda": 1570000,
        "ebitdaratio": 0.0259641463,
        "operatingIncome": 418000,
        "operatingIncomeRatio": 0.0069127472,
        "totalOtherIncomeExpensesNet": -32000,
        "incomeBeforeTax": 386000,
        "incomeBeforeTaxRatio": 0.0063835417,
        "incomeTaxExpense": 139000,
        "netIncome": 247000,
        "netIncomeRatio": 0.0040848052,
        "eps": 0.02,
        "epsdiluted": 0.02,
        "weightedAverageShsOut": 14473000,
        "weightedAverageShsOutDil": 14721000,
        "link": "https://www.sec.gov/Archives/edgar/data/708821/000070882109000008/0000708821-09-000008-index.htm",
        "finalLink": "https://www.sec.gov/Archives/edgar/data/708821/000070882109000008/firstqtrq09.txt"
    },
    {
        "date": "2008-12-31",
        "symbol": "PAR",
        "reportedCurrency": "USD",
        "cik": "0000708821",
        "fillingDate": "2009-03-16",
        "acceptedDate": "2009-03-16 15:53:17",
        "calendarYear": "2008",
        "period": "Q4",
        "revenue": 65379000,
        "costOfRevenue": 48881000,
        "grossProfit": 16498000,
        "grossProfitRatio": 0.2523440248,
        "researchAndDevelopmentExpenses": 3724000,
        "generalAndAdministrativeExpenses": 9866000,
        "sellingAndMarketingExpenses": 0,
        "sellingGeneralAndAdministrativeExpenses": 9866000,
        "otherExpenses": 368000,
        "operatingExpenses": 13958000,
        "costAndExpenses": 62839000,
        "interestIncome": 0,
        "interestExpense": 0,
        "depreciationAndAmortization": 965000,
        "ebitda": 3505000,
        "ebitdaratio": 0.0536104865,
        "operatingIncome": 2540000,
        "operatingIncomeRatio": 0.0388503954,
        "totalOtherIncomeExpensesNet": -269000,
        "incomeBeforeTax": 2271000,
        "incomeBeforeTaxRatio": 0.0347359244,
        "incomeTaxExpense": 811000,
        "netIncome": 1460000,
        "netIncomeRatio": 0.0223313296,
        "eps": 0.1,
        "epsdiluted": 0.1,
        "weightedAverageShsOut": 14472000,
        "weightedAverageShsOutDil": 14473000,
        "link": "https://www.sec.gov/Archives/edgar/data/708821/000070882109000005/0000708821-09-000005-index.htm",
        "finalLink": "https://www.sec.gov/Archives/edgar/data/708821/000070882109000005/ye08.txt"
    },
    {
        "date": "2008-09-30",
        "symbol": "PAR",
        "reportedCurrency": "USD",
        "cik": "0000708821",
        "fillingDate": "2008-11-10",
        "acceptedDate": "2008-11-10 15:31:53",
        "calendarYear": "2008",
        "period": "Q3",
        "revenue": 57967000,
        "costOfRevenue": 43406000,
        "grossProfit": 14561000,
        "grossProfitRatio": 0.2511946452,
        "researchAndDevelopmentExpenses": 3560000,
        "generalAndAdministrativeExpenses": 9121000,
        "sellingAndMarketingExpenses": 0,
        "sellingGeneralAndAdministrativeExpenses": 9121000,
        "otherExpenses": 388000,
        "operatingExpenses": 13069000,
        "costAndExpenses": 56475000,
        "interestIncome": 0,
        "interestExpense": 275000,
        "depreciationAndAmortization": 1019000,
        "ebitda": 2511000,
        "ebitdaratio": 0.0433177498,
        "operatingIncome": 1492000,
        "operatingIncomeRatio": 0.0257387824,
        "totalOtherIncomeExpensesNet": -59000,
        "incomeBeforeTax": 1433000,
        "incomeBeforeTaxRatio": 0.0247209619,
        "incomeTaxExpense": 605000,
        "netIncome": 828000,
        "netIncomeRatio": 0.0142839892,
        "eps": 0.06,
        "epsdiluted": 0.06,
        "weightedAverageShsOut": 14440000,
        "weightedAverageShsOutDil": 14823000,
        "link": "https://www.sec.gov/Archives/edgar/data/708821/000070882108000010/0000708821-08-000010-index.htm",
        "finalLink": "https://www.sec.gov/Archives/edgar/data/708821/000070882108000010/thirdqtr10q08.txt"
    },
    {
        "date": "2008-06-30",
        "symbol": "PAR",
        "reportedCurrency": "USD",
        "cik": "0000708821",
        "fillingDate": "2008-08-11",
        "acceptedDate": "2008-08-11 15:06:38",
        "calendarYear": "2008",
        "period": "Q2",
        "revenue": 57234000,
        "costOfRevenue": 43202000,
        "grossProfit": 14032000,
        "grossProfitRatio": 0.2451689555,
        "researchAndDevelopmentExpenses": 3890000,
        "generalAndAdministrativeExpenses": 8742000,
        "sellingAndMarketingExpenses": 0,
        "sellingGeneralAndAdministrativeExpenses": 8742000,
        "otherExpenses": 389000,
        "operatingExpenses": 13021000,
        "costAndExpenses": 56223000,
        "interestIncome": 0,
        "interestExpense": 0,
        "depreciationAndAmortization": 1016000,
        "ebitda": 2027000,
        "ebitdaratio": 0.0354160115,
        "operatingIncome": 1011000,
        "operatingIncomeRatio": 0.0176643254,
        "totalOtherIncomeExpensesNet": 108000,
        "incomeBeforeTax": 1119000,
        "incomeBeforeTaxRatio": 0.0195513157,
        "incomeTaxExpense": 445000,
        "netIncome": 674000,
        "netIncomeRatio": 0.0117762169,
        "eps": 0.05,
        "epsdiluted": 0.05,
        "weightedAverageShsOut": 14394000,
        "weightedAverageShsOutDil": 14798000,
        "link": "https://www.sec.gov/Archives/edgar/data/708821/000070882108000008/0000708821-08-000008-index.htm",
        "finalLink": "https://www.sec.gov/Archives/edgar/data/708821/000070882108000008/secqtr10q08.txt"
    },
    {
        "date": "2008-03-31",
        "symbol": "PAR",
        "reportedCurrency": "USD",
        "cik": "0000708821",
        "fillingDate": "2008-05-12",
        "acceptedDate": "2008-05-12 14:50:14",
        "calendarYear": "2008",
        "period": "Q1",
        "revenue": 52107000,
        "costOfRevenue": 39748000,
        "grossProfit": 12359000,
        "grossProfitRatio": 0.2371850231,
        "researchAndDevelopmentExpenses": 4121000,
        "generalAndAdministrativeExpenses": 9061000,
        "sellingAndMarketingExpenses": 0,
        "sellingGeneralAndAdministrativeExpenses": 9061000,
        "otherExpenses": 390000,
        "operatingExpenses": 13572000,
        "costAndExpenses": 53320000,
        "interestIncome": 0,
        "interestExpense": 0,
        "depreciationAndAmortization": 1029000,
        "ebitda": -184000,
        "ebitdaratio": -0.0035311954,
        "operatingIncome": -1213000,
        "operatingIncomeRatio": -0.023279022,
        "totalOtherIncomeExpensesNet": -34000,
        "incomeBeforeTax": -1247000,
        "incomeBeforeTaxRatio": -0.0239315255,
        "incomeTaxExpense": -503000,
        "netIncome": -744000,
        "netIncomeRatio": -0.0142783119,
        "eps": -0.0517,
        "epsdiluted": -0.0517,
        "weightedAverageShsOut": 14379000,
        "weightedAverageShsOutDil": 14379000,
        "link": "https://www.sec.gov/Archives/edgar/data/708821/000070882108000006/0000708821-08-000006-index.htm",
        "finalLink": "https://www.sec.gov/Archives/edgar/data/708821/000070882108000006/firstqtr10q08.txt"
    },
    {
        "date": "2007-12-31",
        "symbol": "PAR",
        "reportedCurrency": "USD",
        "cik": "0000708821",
        "fillingDate": "2008-03-17",
        "acceptedDate": "2008-03-17 15:52:57",
        "calendarYear": "2007",
        "period": "Q4",
        "revenue": 60199000,
        "costOfRevenue": 44136000,
        "grossProfit": 16063000,
        "grossProfitRatio": 0.2668316749,
        "researchAndDevelopmentExpenses": 4392000,
        "generalAndAdministrativeExpenses": 11041000,
        "sellingAndMarketingExpenses": 0,
        "sellingGeneralAndAdministrativeExpenses": 11041000,
        "otherExpenses": 391000,
        "operatingExpenses": 15824000,
        "costAndExpenses": 59960000,
        "interestIncome": 0,
        "interestExpense": 0,
        "depreciationAndAmortization": 1164000,
        "ebitda": 1403000,
        "ebitdaratio": 0.023306035,
        "operatingIncome": 239000,
        "operatingIncomeRatio": 0.0039701656,
        "totalOtherIncomeExpensesNet": 156000,
        "incomeBeforeTax": 395000,
        "incomeBeforeTaxRatio": 0.0065615708,
        "incomeTaxExpense": -88000,
        "netIncome": 483000,
        "netIncomeRatio": 0.0080233891,
        "eps": 0.0336,
        "epsdiluted": 0.0336,
        "weightedAverageShsOut": 14360000,
        "weightedAverageShsOutDil": 14379000,
        "link": "https://www.sec.gov/Archives/edgar/data/708821/000070882108000003/0000708821-08-000003-index.htm",
        "finalLink": "https://www.sec.gov/Archives/edgar/data/708821/000070882108000003/ye10k07.txt"
    },
    {
        "date": "2007-09-30",
        "symbol": "PAR",
        "reportedCurrency": "USD",
        "cik": "0000708821",
        "fillingDate": "2007-11-09",
        "acceptedDate": "2007-11-09 14:42:55",
        "calendarYear": "2007",
        "period": "Q3",
        "revenue": 51577000,
        "costOfRevenue": 39175000,
        "grossProfit": 12402000,
        "grossProfitRatio": 0.2404560172,
        "researchAndDevelopmentExpenses": 4562000,
        "generalAndAdministrativeExpenses": 8581000,
        "sellingAndMarketingExpenses": 0,
        "sellingGeneralAndAdministrativeExpenses": 8581000,
        "otherExpenses": 397000,
        "operatingExpenses": 13540000,
        "costAndExpenses": 52715000,
        "interestIncome": 0,
        "interestExpense": 0,
        "depreciationAndAmortization": 960000,
        "ebitda": -178000,
        "ebitdaratio": -0.0034511507,
        "operatingIncome": -1138000,
        "operatingIncomeRatio": -0.0220640983,
        "totalOtherIncomeExpensesNet": 40000,
        "incomeBeforeTax": -1098000,
        "incomeBeforeTaxRatio": -0.0212885589,
        "incomeTaxExpense": -236000,
        "netIncome": -862000,
        "netIncomeRatio": -0.0167128759,
        "eps": -0.0601,
        "epsdiluted": -0.0601,
        "weightedAverageShsOut": 14351000,
        "weightedAverageShsOutDil": 14351000,
        "link": "https://www.sec.gov/Archives/edgar/data/708821/000070882107000012/0000708821-07-000012-index.htm",
        "finalLink": "https://www.sec.gov/Archives/edgar/data/708821/000070882107000012/thirdqtr0710q.txt"
    },
    {
        "date": "2007-06-30",
        "symbol": "PAR",
        "reportedCurrency": "USD",
        "cik": "0000708821",
        "fillingDate": "2007-08-09",
        "acceptedDate": "2007-08-09 11:52:53",
        "calendarYear": "2007",
        "period": "Q2",
        "revenue": 49872000,
        "costOfRevenue": 37237000,
        "grossProfit": 12635000,
        "grossProfitRatio": 0.2533485723,
        "researchAndDevelopmentExpenses": 4387000,
        "generalAndAdministrativeExpenses": 9186000,
        "sellingAndMarketingExpenses": 0,
        "sellingGeneralAndAdministrativeExpenses": 9186000,
        "otherExpenses": 394000,
        "operatingExpenses": 13967000,
        "costAndExpenses": 51204000,
        "interestIncome": 0,
        "interestExpense": 237000,
        "depreciationAndAmortization": 990000,
        "ebitda": -342000,
        "ebitdaratio": -0.0068575553,
        "operatingIncome": -1332000,
        "operatingIncomeRatio": -0.0267083734,
        "totalOtherIncomeExpensesNet": -83000,
        "incomeBeforeTax": -1415000,
        "incomeBeforeTaxRatio": -0.0283726339,
        "incomeTaxExpense": -394000,
        "netIncome": -1021000,
        "netIncomeRatio": -0.0204724094,
        "eps": -0.0712,
        "epsdiluted": -0.0712,
        "weightedAverageShsOut": 14348000,
        "weightedAverageShsOutDil": 14348000,
        "link": "https://www.sec.gov/Archives/edgar/data/708821/000070882107000010/0000708821-07-000010-index.htm",
        "finalLink": "https://www.sec.gov/Archives/edgar/data/708821/000070882107000010/secqtr10q07.txt"
    },
    {
        "date": "2007-03-31",
        "symbol": "PAR",
        "reportedCurrency": "USD",
        "cik": "0000708821",
        "fillingDate": "2007-05-10",
        "acceptedDate": "2007-05-10 13:47:34",
        "calendarYear": "2007",
        "period": "Q1",
        "revenue": 47836000,
        "costOfRevenue": 37028000,
        "grossProfit": 10808000,
        "grossProfitRatio": 0.2259386236,
        "researchAndDevelopmentExpenses": 3814000,
        "generalAndAdministrativeExpenses": 8709000,
        "sellingAndMarketingExpenses": 0,
        "sellingGeneralAndAdministrativeExpenses": 8709000,
        "otherExpenses": 390000,
        "operatingExpenses": 12913000,
        "costAndExpenses": 49941000,
        "interestIncome": 0,
        "interestExpense": 0,
        "depreciationAndAmortization": 965000,
        "ebitda": -1140000,
        "ebitdaratio": -0.023831424,
        "operatingIncome": -2105000,
        "operatingIncomeRatio": -0.0440045154,
        "totalOtherIncomeExpensesNet": 18000,
        "incomeBeforeTax": -2087000,
        "incomeBeforeTaxRatio": -0.0436282298,
        "incomeTaxExpense": -779000,
        "netIncome": -1308000,
        "netIncomeRatio": -0.0273434234,
        "eps": -0.0913,
        "epsdiluted": -0.0913,
        "weightedAverageShsOut": 14320000,
        "weightedAverageShsOutDil": 14320000,
        "link": "https://www.sec.gov/Archives/edgar/data/708821/000070882107000008/0000708821-07-000008-index.htm",
        "finalLink": "https://www.sec.gov/Archives/edgar/data/708821/000070882107000008/q110q07.txt"
    },
    {
        "date": "2006-12-31",
        "symbol": "PAR",
        "reportedCurrency": "USD",
        "cik": "0000708821",
        "fillingDate": "2007-03-16",
        "acceptedDate": "2007-03-16 15:07:59",
        "calendarYear": "2006",
        "period": "Q4",
        "revenue": 54193000,
        "costOfRevenue": 40135000,
        "grossProfit": 14058000,
        "grossProfitRatio": 0.2594061964,
        "researchAndDevelopmentExpenses": 3454000,
        "generalAndAdministrativeExpenses": 8930000,
        "sellingAndMarketingExpenses": 0,
        "sellingGeneralAndAdministrativeExpenses": 8930000,
        "otherExpenses": 361000,
        "operatingExpenses": 12745000,
        "costAndExpenses": 52880000,
        "interestIncome": 0,
        "interestExpense": 276000,
        "depreciationAndAmortization": 1026000,
        "ebitda": 2339000,
        "ebitdaratio": 0.0431605558,
        "operatingIncome": 1313000,
        "operatingIncomeRatio": 0.0242282214,
        "totalOtherIncomeExpensesNet": -96000,
        "incomeBeforeTax": 1217000,
        "incomeBeforeTaxRatio": 0.0224567749,
        "incomeTaxExpense": 396000,
        "netIncome": 821000,
        "netIncomeRatio": 0.0151495581,
        "eps": 0.0573,
        "epsdiluted": 0.0573,
        "weightedAverageShsOut": 14268000,
        "weightedAverageShsOutDil": 14320000,
        "link": "https://www.sec.gov/Archives/edgar/data/708821/000070882107000004/0000708821-07-000004-index.htm",
        "finalLink": "https://www.sec.gov/Archives/edgar/data/708821/000070882107000004/fm10k06.txt"
    },
    {
        "date": "2006-09-30",
        "symbol": "PAR",
        "reportedCurrency": "USD",
        "cik": "0000708821",
        "fillingDate": "2006-11-09",
        "acceptedDate": "2006-11-09 15:46:34",
        "calendarYear": "2006",
        "period": "Q3",
        "revenue": 48534000,
        "costOfRevenue": 36357000,
        "grossProfit": 12177000,
        "grossProfitRatio": 0.2508962789,
        "researchAndDevelopmentExpenses": 2613000,
        "generalAndAdministrativeExpenses": 8241000,
        "sellingAndMarketingExpenses": 0,
        "sellingGeneralAndAdministrativeExpenses": 8241000,
        "otherExpenses": 307000,
        "operatingExpenses": 11161000,
        "costAndExpenses": 47518000,
        "interestIncome": 0,
        "interestExpense": 0,
        "depreciationAndAmortization": 944000,
        "ebitda": 1960000,
        "ebitdaratio": 0.0403840607,
        "operatingIncome": 1016000,
        "operatingIncomeRatio": 0.0209337784,
        "totalOtherIncomeExpensesNet": -144000,
        "incomeBeforeTax": 872000,
        "incomeBeforeTaxRatio": 0.0179667862,
        "incomeTaxExpense": 322000,
        "netIncome": 550000,
        "netIncomeRatio": 0.0113322619,
        "eps": 0.04,
        "epsdiluted": 0.04,
        "weightedAverageShsOut": 14181000,
        "weightedAverageShsOutDil": 14646000,
        "link": "https://www.sec.gov/Archives/edgar/data/708821/000070882106000024/0000708821-06-000024-index.htm",
        "finalLink": "https://www.sec.gov/Archives/edgar/data/708821/000070882106000024/form10q093006.txt"
    },
    {
        "date": "2006-06-30",
        "symbol": "PAR",
        "reportedCurrency": "USD",
        "cik": "0000708821",
        "fillingDate": "2006-08-09",
        "acceptedDate": "2006-08-09 15:23:08",
        "calendarYear": "2006",
        "period": "Q2",
        "revenue": 53343000,
        "costOfRevenue": 38432000,
        "grossProfit": 14911000,
        "grossProfitRatio": 0.2795305851,
        "researchAndDevelopmentExpenses": 2836000,
        "generalAndAdministrativeExpenses": 8194000,
        "sellingAndMarketingExpenses": 0,
        "sellingGeneralAndAdministrativeExpenses": 8194000,
        "otherExpenses": 308000,
        "operatingExpenses": 11338000,
        "costAndExpenses": 49770000,
        "interestIncome": 0,
        "interestExpense": 0,
        "depreciationAndAmortization": 929000,
        "ebitda": 4502000,
        "ebitdaratio": 0.084397203,
        "operatingIncome": 3573000,
        "operatingIncomeRatio": 0.0669816096,
        "totalOtherIncomeExpensesNet": 51000,
        "incomeBeforeTax": 3624000,
        "incomeBeforeTaxRatio": 0.0679376863,
        "incomeTaxExpense": 1286000,
        "netIncome": 2338000,
        "netIncomeRatio": 0.0438295559,
        "eps": 0.16,
        "epsdiluted": 0.16,
        "weightedAverageShsOut": 14173000,
        "weightedAverageShsOutDil": 14776000,
        "link": "https://www.sec.gov/Archives/edgar/data/708821/000070882106000017/0000708821-06-000017-index.htm",
        "finalLink": "https://www.sec.gov/Archives/edgar/data/708821/000070882106000017/secqtr10q06.txt"
    },
    {
        "date": "2006-03-31",
        "symbol": "PAR",
        "reportedCurrency": "USD",
        "cik": "0000708821",
        "fillingDate": "2006-05-10",
        "acceptedDate": "2006-05-10 14:26:26",
        "calendarYear": "2006",
        "period": "Q1",
        "revenue": 52597000,
        "costOfRevenue": 38234000,
        "grossProfit": 14363000,
        "grossProfitRatio": 0.2730764112,
        "researchAndDevelopmentExpenses": 2899000,
        "generalAndAdministrativeExpenses": 8075000,
        "sellingAndMarketingExpenses": 0,
        "sellingGeneralAndAdministrativeExpenses": 8075000,
        "otherExpenses": 307000,
        "operatingExpenses": 11281000,
        "costAndExpenses": 49515000,
        "interestIncome": 0,
        "interestExpense": 0,
        "depreciationAndAmortization": 985000,
        "ebitda": 4067000,
        "ebitdaratio": 0.0773238017,
        "operatingIncome": 3082000,
        "operatingIncomeRatio": 0.0585964979,
        "totalOtherIncomeExpensesNet": 72000,
        "incomeBeforeTax": 3154000,
        "incomeBeforeTaxRatio": 0.0599653973,
        "incomeTaxExpense": 1142000,
        "netIncome": 2012000,
        "netIncomeRatio": 0.0382531323,
        "eps": 0.14,
        "epsdiluted": 0.14,
        "weightedAverageShsOut": 14151000,
        "weightedAverageShsOutDil": 14806000,
        "link": "https://www.sec.gov/Archives/edgar/data/708821/000070882106000012/0000708821-06-000012-index.htm",
        "finalLink": "https://www.sec.gov/Archives/edgar/data/708821/000070882106000012/firstqtr10q06.txt"
    },
    {
        "date": "2005-12-31",
        "symbol": "PAR",
        "reportedCurrency": "USD",
        "cik": "0000708821",
        "fillingDate": "2006-03-16",
        "acceptedDate": "2006-03-16 08:42:35",
        "calendarYear": "2005",
        "period": "Q4",
        "revenue": 53465000,
        "costOfRevenue": 37365000,
        "grossProfit": 16100000,
        "grossProfitRatio": 0.3011315814,
        "researchAndDevelopmentExpenses": 2487000,
        "generalAndAdministrativeExpenses": 8694000,
        "sellingAndMarketingExpenses": 0,
        "sellingGeneralAndAdministrativeExpenses": 8694000,
        "otherExpenses": 294000,
        "operatingExpenses": 11475000,
        "costAndExpenses": 48840000,
        "interestIncome": 0,
        "interestExpense": 103000,
        "depreciationAndAmortization": 975000,
        "ebitda": 5600000,
        "ebitdaratio": 0.1047414196,
        "operatingIncome": 4625000,
        "operatingIncomeRatio": 0.0865051903,
        "totalOtherIncomeExpensesNet": 145000,
        "incomeBeforeTax": 4770000,
        "incomeBeforeTaxRatio": 0.0892172449,
        "incomeTaxExpense": 1538000,
        "netIncome": 3232000,
        "netIncomeRatio": 0.0604507622,
        "eps": 0.16,
        "epsdiluted": 0.15,
        "weightedAverageShsOut": 20827500,
        "weightedAverageShsOutDil": 22049250,
        "link": "https://www.sec.gov/Archives/edgar/data/708821/000070882106000006/0000708821-06-000006-index.htm",
        "finalLink": "https://www.sec.gov/Archives/edgar/data/708821/000070882106000006/ye10k123105.txt"
    },
    {
        "date": "2005-09-30",
        "symbol": "PAR",
        "reportedCurrency": "USD",
        "cik": "0000708821",
        "fillingDate": "2005-11-14",
        "acceptedDate": "2005-11-14 08:23:36",
        "calendarYear": "2005",
        "period": "Q3",
        "revenue": 52197000,
        "costOfRevenue": 38040000,
        "grossProfit": 14157000,
        "grossProfitRatio": 0.2712224841,
        "researchAndDevelopmentExpenses": 2483000,
        "generalAndAdministrativeExpenses": 7457000,
        "sellingAndMarketingExpenses": 0,
        "sellingGeneralAndAdministrativeExpenses": 7457000,
        "otherExpenses": 246000,
        "operatingExpenses": 10186000,
        "costAndExpenses": 48226000,
        "interestIncome": 0,
        "interestExpense": 0,
        "depreciationAndAmortization": 946000,
        "ebitda": 4917000,
        "ebitdaratio": 0.0942008161,
        "operatingIncome": 3971000,
        "operatingIncomeRatio": 0.0760771692,
        "totalOtherIncomeExpensesNet": 150000,
        "incomeBeforeTax": 4121000,
        "incomeBeforeTaxRatio": 0.0789508976,
        "incomeTaxExpense": 1578000,
        "netIncome": 2543000,
        "netIncomeRatio": 0.0487192751,
        "eps": 0.12,
        "epsdiluted": 0.11,
        "weightedAverageShsOut": 20967000,
        "weightedAverageShsOutDil": 22126500,
        "link": "https://www.sec.gov/Archives/edgar/data/708821/000070882105000015/0000708821-05-000015-index.htm",
        "finalLink": "https://www.sec.gov/Archives/edgar/data/708821/000070882105000015/thirdqtr10q2005.txt"
    },
    {
        "date": "2005-06-30",
        "symbol": "PAR",
        "reportedCurrency": "USD",
        "cik": "0000708821",
        "fillingDate": "2005-08-12",
        "acceptedDate": "2005-08-12 14:43:56",
        "calendarYear": "2005",
        "period": "Q2",
        "revenue": 51220000,
        "costOfRevenue": 37760000,
        "grossProfit": 13460000,
        "grossProfitRatio": 0.2627879734,
        "researchAndDevelopmentExpenses": 2107000,
        "generalAndAdministrativeExpenses": 7323000,
        "sellingAndMarketingExpenses": 0,
        "sellingGeneralAndAdministrativeExpenses": 7323000,
        "otherExpenses": 244000,
        "operatingExpenses": 9674000,
        "costAndExpenses": 47434000,
        "interestIncome": 0,
        "interestExpense": 65000,
        "depreciationAndAmortization": 914000,
        "ebitda": 4700000,
        "ebitdaratio": 0.0917610308,
        "operatingIncome": 3786000,
        "operatingIncomeRatio": 0.0739164389,
        "totalOtherIncomeExpensesNet": 6000,
        "incomeBeforeTax": 3792000,
        "incomeBeforeTaxRatio": 0.0740335806,
        "incomeTaxExpense": 1441000,
        "netIncome": 2351000,
        "netIncomeRatio": 0.045900039,
        "eps": 0.11,
        "epsdiluted": 0.11,
        "weightedAverageShsOut": 20511000,
        "weightedAverageShsOutDil": 22005000,
        "link": "https://www.sec.gov/Archives/edgar/data/708821/000070882105000013/0000708821-05-000013-index.htm",
        "finalLink": "https://www.sec.gov/Archives/edgar/data/708821/000070882105000013/secondqtr10q05.txt"
    },
    {
        "date": "2005-03-31",
        "symbol": "PAR",
        "reportedCurrency": "USD",
        "cik": "0000708821",
        "fillingDate": "2005-05-13",
        "acceptedDate": "2005-05-13 16:13:47",
        "calendarYear": "2005",
        "period": "Q1",
        "revenue": 48757000,
        "costOfRevenue": 36888000,
        "grossProfit": 11869000,
        "grossProfitRatio": 0.2434317124,
        "researchAndDevelopmentExpenses": 2278000,
        "generalAndAdministrativeExpenses": 7393000,
        "sellingAndMarketingExpenses": 0,
        "sellingGeneralAndAdministrativeExpenses": 7393000,
        "otherExpenses": 246000,
        "operatingExpenses": 9917000,
        "costAndExpenses": 46805000,
        "interestIncome": 0,
        "interestExpense": 0,
        "depreciationAndAmortization": 920000,
        "ebitda": 2872000,
        "ebitdaratio": 0.0589043625,
        "operatingIncome": 1952000,
        "operatingIncomeRatio": 0.040035277,
        "totalOtherIncomeExpensesNet": 155000,
        "incomeBeforeTax": 2107000,
        "incomeBeforeTaxRatio": 0.0432143077,
        "incomeTaxExpense": 801000,
        "netIncome": 1306000,
        "netIncomeRatio": 0.0267858974,
        "eps": 0.0667,
        "epsdiluted": 0.06,
        "weightedAverageShsOut": 20146500,
        "weightedAverageShsOutDil": 21468000,
        "link": "https://www.sec.gov/Archives/edgar/data/708821/000070882105000010/0000708821-05-000010-index.htm",
        "finalLink": "https://www.sec.gov/Archives/edgar/data/708821/000070882105000010/firstqtr10q05.txt"
    },
    {
        "date": "2004-12-31",
        "symbol": "PAR",
        "reportedCurrency": "USD",
        "cik": "0000708821",
        "fillingDate": "2005-03-24",
        "acceptedDate": "2005-03-24 14:21:03",
        "calendarYear": "2004",
        "period": "Q4",
        "revenue": 51426000,
        "costOfRevenue": 39001000,
        "grossProfit": 12425000,
        "grossProfitRatio": 0.2416093027,
        "researchAndDevelopmentExpenses": 2356000,
        "generalAndAdministrativeExpenses": 6963000,
        "sellingAndMarketingExpenses": 0,
        "sellingGeneralAndAdministrativeExpenses": 6963000,
        "otherExpenses": 245000,
        "operatingExpenses": 9564000,
        "costAndExpenses": 48565000,
        "interestIncome": 0,
        "interestExpense": 0,
        "depreciationAndAmortization": 903000,
        "ebitda": 3764000,
        "ebitdaratio": 0.0731925485,
        "operatingIncome": 2861000,
        "operatingIncomeRatio": 0.0556333372,
        "totalOtherIncomeExpensesNet": 397000,
        "incomeBeforeTax": 3258000,
        "incomeBeforeTaxRatio": 0.0633531677,
        "incomeTaxExpense": 1405000,
        "netIncome": 1853000,
        "netIncomeRatio": 0.0360323572,
        "eps": 0.14,
        "epsdiluted": 0.14,
        "weightedAverageShsOut": 13396486,
        "weightedAverageShsOutDil": 13431000,
        "link": "https://www.sec.gov/Archives/edgar/data/708821/000070882105000002/0000708821-05-000002-index.htm",
        "finalLink": "https://www.sec.gov/Archives/edgar/data/708821/000070882105000002/ye10k123104.txt"
    },
    {
        "date": "2004-09-30",
        "symbol": "PAR",
        "reportedCurrency": "USD",
        "cik": "0000708821",
        "fillingDate": "2004-11-15",
        "acceptedDate": "2004-11-15 17:18:12",
        "calendarYear": "2004",
        "period": "Q3",
        "revenue": 42635000,
        "costOfRevenue": 33828000,
        "grossProfit": 8807000,
        "grossProfitRatio": 0.2065673742,
        "researchAndDevelopmentExpenses": 1269000,
        "generalAndAdministrativeExpenses": 4882000,
        "sellingAndMarketingExpenses": 0,
        "sellingGeneralAndAdministrativeExpenses": 4882000,
        "otherExpenses": 0,
        "operatingExpenses": 6151000,
        "costAndExpenses": 39979000,
        "interestIncome": 0,
        "interestExpense": 0,
        "depreciationAndAmortization": 521000,
        "ebitda": 3177000,
        "ebitdaratio": 0.0745162425,
        "operatingIncome": 2656000,
        "operatingIncomeRatio": 0.0622962355,
        "totalOtherIncomeExpensesNet": 163000,
        "incomeBeforeTax": 2819000,
        "incomeBeforeTaxRatio": 0.0661193855,
        "incomeTaxExpense": 1085000,
        "netIncome": 1734000,
        "netIncomeRatio": 0.0406708104,
        "eps": 0.13,
        "epsdiluted": 0.13,
        "weightedAverageShsOut": 13003500,
        "weightedAverageShsOutDil": 13746000,
        "link": "https://www.sec.gov/Archives/edgar/data/708821/000070882104000017/0000708821-04-000017-index.htm",
        "finalLink": "https://www.sec.gov/Archives/edgar/data/708821/000070882104000017/thirdqtr10q04.txt"
    },
    {
        "date": "2004-06-30",
        "symbol": "PAR",
        "reportedCurrency": "USD",
        "cik": "0000708821",
        "fillingDate": "2004-08-11",
        "acceptedDate": "2004-08-11 16:56:06",
        "calendarYear": "2004",
        "period": "Q2",
        "revenue": 42925000,
        "costOfRevenue": 34397000,
        "grossProfit": 8528000,
        "grossProfitRatio": 0.1986721025,
        "researchAndDevelopmentExpenses": 1302000,
        "generalAndAdministrativeExpenses": 5245000,
        "sellingAndMarketingExpenses": 0,
        "sellingGeneralAndAdministrativeExpenses": 5245000,
        "otherExpenses": 0,
        "operatingExpenses": 6547000,
        "costAndExpenses": 40944000,
        "interestIncome": 0,
        "interestExpense": 0,
        "depreciationAndAmortization": 670000,
        "ebitda": 2651000,
        "ebitdaratio": 0.0617588818,
        "operatingIncome": 1981000,
        "operatingIncomeRatio": 0.0461502621,
        "totalOtherIncomeExpensesNet": 141000,
        "incomeBeforeTax": 2122000,
        "incomeBeforeTaxRatio": 0.0494350612,
        "incomeTaxExpense": 810000,
        "netIncome": 1312000,
        "netIncomeRatio": 0.0305649388,
        "eps": 0.1,
        "epsdiluted": 0.0933,
        "weightedAverageShsOut": 12954000,
        "weightedAverageShsOutDil": 13788000,
        "link": "https://www.sec.gov/Archives/edgar/data/708821/000070882104000009/0000708821-04-000009-index.htm",
        "finalLink": "https://www.sec.gov/Archives/edgar/data/708821/000070882104000009/secqtr10q04.txt"
    },
    {
        "date": "2004-03-31",
        "symbol": "PAR",
        "reportedCurrency": "USD",
        "cik": "0000708821",
        "fillingDate": "2004-05-14",
        "acceptedDate": "2004-05-14 14:21:37",
        "calendarYear": "2004",
        "period": "Q1",
        "revenue": 37898000,
        "costOfRevenue": 30512000,
        "grossProfit": 7386000,
        "grossProfitRatio": 0.194891551,
        "researchAndDevelopmentExpenses": 1343000,
        "generalAndAdministrativeExpenses": 5016000,
        "sellingAndMarketingExpenses": 0,
        "sellingGeneralAndAdministrativeExpenses": 5016000,
        "otherExpenses": 0,
        "operatingExpenses": 6359000,
        "costAndExpenses": 36871000,
        "interestIncome": 0,
        "interestExpense": 73000,
        "depreciationAndAmortization": 718000,
        "ebitda": 1745000,
        "ebitdaratio": 0.0460446462,
        "operatingIncome": 1027000,
        "operatingIncomeRatio": 0.0270990554,
        "totalOtherIncomeExpensesNet": 138000,
        "incomeBeforeTax": 1165000,
        "incomeBeforeTaxRatio": 0.0307404085,
        "incomeTaxExpense": 429000,
        "netIncome": 736000,
        "netIncomeRatio": 0.0194205499,
        "eps": 0.06,
        "epsdiluted": 0.0533,
        "weightedAverageShsOut": 12855000,
        "weightedAverageShsOutDil": 13693500,
        "link": "https://www.sec.gov/Archives/edgar/data/708821/000070882104000007/0000708821-04-000007-index.htm",
        "finalLink": "https://www.sec.gov/Archives/edgar/data/708821/000070882104000007/firstqtr10q04.txt"
    },
    {
        "date": "2003-12-31",
        "symbol": "PAR",
        "reportedCurrency": "USD",
        "cik": "0000708821",
        "fillingDate": "2004-03-30",
        "acceptedDate": "2004-03-30 12:58:40",
        "calendarYear": "2003",
        "period": "Q4",
        "revenue": 41211000,
        "costOfRevenue": 32123000,
        "grossProfit": 9088000,
        "grossProfitRatio": 0.2205236466,
        "researchAndDevelopmentExpenses": 1471000,
        "generalAndAdministrativeExpenses": 5527000,
        "sellingAndMarketingExpenses": 0,
        "sellingGeneralAndAdministrativeExpenses": 5527000,
        "otherExpenses": 0,
        "operatingExpenses": 6998000,
        "costAndExpenses": 39121000,
        "interestIncome": 0,
        "interestExpense": 128000,
        "depreciationAndAmortization": 738000,
        "ebitda": 2828000,
        "ebitdaratio": 0.0686224552,
        "operatingIncome": 2090000,
        "operatingIncomeRatio": 0.050714615,
        "totalOtherIncomeExpensesNet": 5000,
        "incomeBeforeTax": 2095000,
        "incomeBeforeTaxRatio": 0.0508359419,
        "incomeTaxExpense": 768000,
        "netIncome": 1079000,
        "netIncomeRatio": 0.02618233,
        "eps": 0.0839,
        "epsdiluted": 0.0839,
        "weightedAverageShsOut": 12765000,
        "weightedAverageShsOutDil": 12855000,
        "link": "https://www.sec.gov/Archives/edgar/data/708821/000070882104000003/0000708821-04-000003-index.htm",
        "finalLink": "https://www.sec.gov/Archives/edgar/data/708821/000070882104000003/ye10k123103.txt"
    },
    {
        "date": "2003-09-30",
        "symbol": "PAR",
        "reportedCurrency": "USD",
        "cik": "0000708821",
        "fillingDate": "2003-11-14",
        "acceptedDate": "2003-11-14 11:04:24",
        "calendarYear": "2003",
        "period": "Q3",
        "revenue": 36006000,
        "costOfRevenue": 28486000,
        "grossProfit": 7520000,
        "grossProfitRatio": 0.2088540799,
        "researchAndDevelopmentExpenses": 1418000,
        "generalAndAdministrativeExpenses": 4702000,
        "sellingAndMarketingExpenses": 0,
        "sellingGeneralAndAdministrativeExpenses": 4702000,
        "otherExpenses": 0,
        "operatingExpenses": 6120000,
        "costAndExpenses": 34606000,
        "interestIncome": 0,
        "interestExpense": 117000,
        "depreciationAndAmortization": 712000,
        "ebitda": 2112000,
        "ebitdaratio": 0.0586568905,
        "operatingIncome": 1400000,
        "operatingIncomeRatio": 0.0388824085,
        "totalOtherIncomeExpensesNet": -57000,
        "incomeBeforeTax": 1343000,
        "incomeBeforeTaxRatio": 0.037299339,
        "incomeTaxExpense": 485000,
        "netIncome": 813000,
        "netIncomeRatio": 0.0225795701,
        "eps": 0.0667,
        "epsdiluted": 0.06,
        "weightedAverageShsOut": 12669000,
        "weightedAverageShsOutDil": 13333500,
        "link": "https://www.sec.gov/Archives/edgar/data/708821/000070882103000014/0000708821-03-000014-index.htm",
        "finalLink": "https://www.sec.gov/Archives/edgar/data/708821/000070882103000014/thirdqtr10q03.txt"
    },
    {
        "date": "2003-06-30",
        "symbol": "PAR",
        "reportedCurrency": "USD",
        "cik": "0000708821",
        "fillingDate": "2003-08-08",
        "acceptedDate": "2003-08-08 09:52:05",
        "calendarYear": "2003",
        "period": "Q2",
        "revenue": 32011000,
        "costOfRevenue": 25667000,
        "grossProfit": 6344000,
        "grossProfitRatio": 0.198181875,
        "researchAndDevelopmentExpenses": 1262000,
        "generalAndAdministrativeExpenses": 4700000,
        "sellingAndMarketingExpenses": 0,
        "sellingGeneralAndAdministrativeExpenses": 4700000,
        "otherExpenses": 0,
        "operatingExpenses": 5962000,
        "costAndExpenses": 31629000,
        "interestIncome": 0,
        "interestExpense": 0,
        "depreciationAndAmortization": 699000,
        "ebitda": 1081000,
        "ebitdaratio": 0.0337696417,
        "operatingIncome": 382000,
        "operatingIncomeRatio": 0.0119333979,
        "totalOtherIncomeExpensesNet": 161000,
        "incomeBeforeTax": 543000,
        "incomeBeforeTaxRatio": 0.016962919,
        "incomeTaxExpense": 192000,
        "netIncome": 308000,
        "netIncomeRatio": 0.0096216925,
        "eps": 0.0267,
        "epsdiluted": 0.0267,
        "weightedAverageShsOut": 12633000,
        "weightedAverageShsOutDil": 13147500,
        "link": "https://www.sec.gov/Archives/edgar/data/708821/000070882103000010/0000708821-03-000010-index.htm",
        "finalLink": "https://www.sec.gov/Archives/edgar/data/708821/000070882103000010/secqtr10q03.txt"
    },
    {
        "date": "2003-03-31",
        "symbol": "PAR",
        "reportedCurrency": "USD",
        "cik": "0000708821",
        "fillingDate": "2003-05-15",
        "acceptedDate": "2003-05-15 12:45:51",
        "calendarYear": "2003",
        "period": "Q1",
        "revenue": 30542000,
        "costOfRevenue": 24501000,
        "grossProfit": 6041000,
        "grossProfitRatio": 0.1977932028,
        "researchAndDevelopmentExpenses": 1159000,
        "generalAndAdministrativeExpenses": 4411000,
        "sellingAndMarketingExpenses": 0,
        "sellingGeneralAndAdministrativeExpenses": 4411000,
        "otherExpenses": 0,
        "operatingExpenses": 5570000,
        "costAndExpenses": 30071000,
        "interestIncome": 0,
        "interestExpense": 0,
        "depreciationAndAmortization": 666000,
        "ebitda": 1137000,
        "ebitdaratio": 0.0372274245,
        "operatingIncome": 471000,
        "operatingIncomeRatio": 0.0154213869,
        "totalOtherIncomeExpensesNet": -67000,
        "incomeBeforeTax": 404000,
        "incomeBeforeTaxRatio": 0.0132276865,
        "incomeTaxExpense": 148000,
        "netIncome": 229000,
        "netIncomeRatio": 0.0074978718,
        "eps": 0.02,
        "epsdiluted": 0.02,
        "weightedAverageShsOut": 12559500,
        "weightedAverageShsOutDil": 13150500,
        "link": "https://www.sec.gov/Archives/edgar/data/708821/000070882103000008/0000708821-03-000008-index.htm",
        "finalLink": "https://www.sec.gov/Archives/edgar/data/708821/000070882103000008/firstqtr10q033103.txt"
    },
    {
        "date": "2002-12-31",
        "symbol": "PAR",
        "reportedCurrency": "USD",
        "cik": "0000708821",
        "fillingDate": "2003-04-15",
        "acceptedDate": "2003-04-15 11:08:14",
        "calendarYear": "2002",
        "period": "Q4",
        "revenue": 31779000,
        "costOfRevenue": 25186000,
        "grossProfit": 6593000,
        "grossProfitRatio": 0.2074640486,
        "researchAndDevelopmentExpenses": 1408000,
        "generalAndAdministrativeExpenses": 5717000,
        "sellingAndMarketingExpenses": 0,
        "sellingGeneralAndAdministrativeExpenses": 5717000,
        "otherExpenses": 0,
        "operatingExpenses": 7125000,
        "costAndExpenses": 32311000,
        "interestIncome": 0,
        "interestExpense": 0,
        "depreciationAndAmortization": 718000,
        "ebitda": 186000,
        "ebitdaratio": 0.0058529217,
        "operatingIncome": -532000,
        "operatingIncomeRatio": -0.0167406149,
        "totalOtherIncomeExpensesNet": 86000,
        "incomeBeforeTax": -446000,
        "incomeBeforeTaxRatio": -0.0140344252,
        "incomeTaxExpense": -428000,
        "netIncome": -264000,
        "netIncomeRatio": -0.0083073728,
        "eps": -0.0211,
        "epsdiluted": -0.021,
        "weightedAverageShsOut": 12533095,
        "weightedAverageShsOutDil": 12559500,
        "link": "https://www.sec.gov/Archives/edgar/data/708821/000070882103000004/0000708821-03-000004-index.htm",
        "finalLink": "https://www.sec.gov/Archives/edgar/data/708821/000070882103000004/ye10k02.txt"
    },
    {
        "date": "2002-09-30",
        "symbol": "PAR",
        "reportedCurrency": "USD",
        "cik": "0000708821",
        "fillingDate": "2002-11-14",
        "acceptedDate": "2002-11-14 10:15:48",
        "calendarYear": "2002",
        "period": "Q3",
        "revenue": 31785000,
        "costOfRevenue": 25598000,
        "grossProfit": 6187000,
        "grossProfitRatio": 0.1946515652,
        "researchAndDevelopmentExpenses": 1226000,
        "generalAndAdministrativeExpenses": 5082000,
        "sellingAndMarketingExpenses": 0,
        "sellingGeneralAndAdministrativeExpenses": 5082000,
        "otherExpenses": 0,
        "operatingExpenses": 6308000,
        "costAndExpenses": 31906000,
        "interestIncome": 0,
        "interestExpense": 0,
        "depreciationAndAmortization": 561000,
        "ebitda": 1512000,
        "ebitdaratio": 0.0475696083,
        "operatingIncome": 951000,
        "operatingIncomeRatio": 0.0299197735,
        "totalOtherIncomeExpensesNet": 20000,
        "incomeBeforeTax": 971000,
        "incomeBeforeTaxRatio": 0.0305490011,
        "incomeTaxExpense": 245000,
        "netIncome": -268000,
        "netIncomeRatio": -0.0084316501,
        "eps": -0.0178,
        "epsdiluted": -0.0178,
        "weightedAverageShsOut": 17768365,
        "weightedAverageShsOutDil": 18728635,
        "link": "https://www.sec.gov/Archives/edgar/data/708821/000070882102000012/0000708821-02-000012-index.htm",
        "finalLink": "https://www.sec.gov/Archives/edgar/data/708821/000070882102000012/thirdqtr10q02.txt"
    },
    {
        "date": "2002-06-30",
        "symbol": "PAR",
        "reportedCurrency": "USD",
        "cik": "0000708821",
        "fillingDate": "2002-08-12",
        "acceptedDate": "2002-08-12 17:23:42",
        "calendarYear": "2002",
        "period": "Q2",
        "revenue": 35591000,
        "costOfRevenue": 28024000,
        "grossProfit": 7567000,
        "grossProfitRatio": 0.2126099295,
        "researchAndDevelopmentExpenses": 1617000,
        "generalAndAdministrativeExpenses": 5096000,
        "sellingAndMarketingExpenses": 0,
        "sellingGeneralAndAdministrativeExpenses": 5096000,
        "otherExpenses": 0,
        "operatingExpenses": 6713000,
        "costAndExpenses": 34737000,
        "interestIncome": 0,
        "interestExpense": 208000,
        "depreciationAndAmortization": 842000,
        "ebitda": 1696000,
        "ebitdaratio": 0.0476524964,
        "operatingIncome": 854000,
        "operatingIncomeRatio": 0.0239948302,
        "totalOtherIncomeExpensesNet": -27000,
        "incomeBeforeTax": 827000,
        "incomeBeforeTaxRatio": 0.0232362114,
        "incomeTaxExpense": 260000,
        "netIncome": 567000,
        "netIncomeRatio": 0.0159309938,
        "eps": 0.0467,
        "epsdiluted": 0.0457,
        "weightedAverageShsOut": 11836500,
        "weightedAverageShsOutDil": 12418500,
        "link": "https://www.sec.gov/Archives/edgar/data/708821/000070882102000011/0000708821-02-000011-index.htm",
        "finalLink": "https://www.sec.gov/Archives/edgar/data/708821/000070882102000011/secqtr10q02.txt"
    },
    {
        "date": "2002-03-31",
        "symbol": "PAR",
        "reportedCurrency": "USD",
        "cik": "0000708821",
        "fillingDate": "2002-05-14",
        "acceptedDate": "2002-05-14 10:42:10",
        "calendarYear": "2002",
        "period": "Q1",
        "revenue": 33715000,
        "costOfRevenue": 27051000,
        "grossProfit": 6664000,
        "grossProfitRatio": 0.1976568293,
        "researchAndDevelopmentExpenses": 1756000,
        "generalAndAdministrativeExpenses": 4649000,
        "sellingAndMarketingExpenses": 0,
        "sellingGeneralAndAdministrativeExpenses": 4649000,
        "otherExpenses": 0,
        "operatingExpenses": 6405000,
        "costAndExpenses": 33456000,
        "interestIncome": 0,
        "interestExpense": 0,
        "depreciationAndAmortization": 773000,
        "ebitda": 1974000,
        "ebitdaratio": 0.058549607,
        "operatingIncome": 1201000,
        "operatingIncomeRatio": 0.0356221266,
        "totalOtherIncomeExpensesNet": -88000,
        "incomeBeforeTax": 1113000,
        "incomeBeforeTaxRatio": 0.0330120125,
        "incomeTaxExpense": 281000,
        "netIncome": 511000,
        "netIncomeRatio": 0.0151564585,
        "eps": 0.0311,
        "epsdiluted": 0.0311,
        "weightedAverageShsOut": 17723388,
        "weightedAverageShsOutDil": 17986506,
        "link": "https://www.sec.gov/Archives/edgar/data/708821/000070882102000010/0000708821-02-000010-index.htm",
        "finalLink": "https://www.sec.gov/Archives/edgar/data/708821/000070882102000010/firstqtr10q02.txt"
    },
    {
        "date": "2001-12-31",
        "symbol": "PAR",
        "reportedCurrency": "USD",
        "cik": "0000708821",
        "fillingDate": "2002-03-28",
        "acceptedDate": "2002-03-28 00:00:00",
        "calendarYear": "2001",
        "period": "Q4",
        "revenue": 33631000,
        "costOfRevenue": 25127000,
        "grossProfit": 8504000,
        "grossProfitRatio": 0.2528619429,
        "researchAndDevelopmentExpenses": 1850000,
        "generalAndAdministrativeExpenses": 6274000,
        "sellingAndMarketingExpenses": 0,
        "sellingGeneralAndAdministrativeExpenses": 6274000,
        "otherExpenses": 0,
        "operatingExpenses": 8664000,
        "costAndExpenses": 33251000,
        "interestIncome": 0,
        "interestExpense": 0,
        "depreciationAndAmortization": 970000,
        "ebitda": 810000,
        "ebitdaratio": 0.0240849216,
        "operatingIncome": 380000,
        "operatingIncomeRatio": 0.011299099,
        "totalOtherIncomeExpensesNet": -179000,
        "incomeBeforeTax": 201000,
        "incomeBeforeTaxRatio": 0.0059766287,
        "incomeTaxExpense": 37000,
        "netIncome": 164000,
        "netIncomeRatio": 0.0048764533,
        "eps": 0.0139,
        "epsdiluted": 0.0139,
        "weightedAverageShsOut": 11815231,
        "weightedAverageShsOutDil": 11821500,
        "link": "https://www.sec.gov/Archives/edgar/data/708821/000070882102000007/0000708821-02-000007-index.htm",
        "finalLink": "https://www.sec.gov/Archives/edgar/data/708821/000070882102000007/ye10k2001.txt"
    },
    {
        "date": "2001-09-30",
        "symbol": "PAR",
        "reportedCurrency": "USD",
        "cik": "0000708821",
        "fillingDate": "2001-11-14",
        "acceptedDate": "2001-11-14 00:00:00",
        "calendarYear": "2001",
        "period": "Q3",
        "revenue": 28191000,
        "costOfRevenue": 22559000,
        "grossProfit": 5632000,
        "grossProfitRatio": 0.1997800717,
        "researchAndDevelopmentExpenses": 1554000,
        "generalAndAdministrativeExpenses": 3956000,
        "sellingAndMarketingExpenses": 0,
        "sellingGeneralAndAdministrativeExpenses": 3956000,
        "otherExpenses": 0,
        "operatingExpenses": 5510000,
        "costAndExpenses": 28069000,
        "interestIncome": 0,
        "interestExpense": 0,
        "depreciationAndAmortization": 646000,
        "ebitda": 1505000,
        "ebitdaratio": 0.0533858324,
        "operatingIncome": 859000,
        "operatingIncomeRatio": 0.0304707176,
        "totalOtherIncomeExpensesNet": -4000,
        "incomeBeforeTax": 855000,
        "incomeBeforeTaxRatio": 0.0303288283,
        "incomeTaxExpense": 280000,
        "netIncome": 80000,
        "netIncomeRatio": 0.0028377851,
        "eps": 0.0044,
        "epsdiluted": 0.0044,
        "weightedAverageShsOut": 17368066,
        "weightedAverageShsOutDil": 17644677,
        "link": "https://www.sec.gov/Archives/edgar/data/708821/000091431701500475/0000914317-01-500475-index.htm",
        "finalLink": "https://www.sec.gov/Archives/edgar/data/708821/000091431701500475/q3fm10q.txt"
    },
    {
        "date": "2001-06-30",
        "symbol": "PAR",
        "reportedCurrency": "USD",
        "cik": "0000708821",
        "fillingDate": "2001-08-14",
        "acceptedDate": "2001-08-14 00:00:00",
        "calendarYear": "2001",
        "period": "Q2",
        "revenue": 29446000,
        "costOfRevenue": 22554000,
        "grossProfit": 6892000,
        "grossProfitRatio": 0.2340555593,
        "researchAndDevelopmentExpenses": 1914000,
        "generalAndAdministrativeExpenses": 4510000,
        "sellingAndMarketingExpenses": 0,
        "sellingGeneralAndAdministrativeExpenses": 4510000,
        "otherExpenses": 0,
        "operatingExpenses": 6424000,
        "costAndExpenses": 28978000,
        "interestIncome": 0,
        "interestExpense": 0,
        "depreciationAndAmortization": 910000,
        "ebitda": 1378000,
        "ebitdaratio": 0.0467975277,
        "operatingIncome": 468000,
        "operatingIncomeRatio": 0.0158935,
        "totalOtherIncomeExpensesNet": -113000,
        "incomeBeforeTax": 355000,
        "incomeBeforeTaxRatio": 0.0120559669,
        "incomeTaxExpense": 128000,
        "netIncome": 227000,
        "netIncomeRatio": 0.0077090267,
        "eps": 0.02,
        "epsdiluted": 0.0194,
        "weightedAverageShsOut": 11584500,
        "weightedAverageShsOutDil": 11686500,
        "link": "https://www.sec.gov/Archives/edgar/data/708821/000070882101500006/0000708821-01-500006-index.htm",
        "finalLink": "https://www.sec.gov/Archives/edgar/data/708821/000070882101500006/q2fm10q.txt"
    },
    {
        "date": "2001-03-31",
        "symbol": "PAR",
        "reportedCurrency": "USD",
        "cik": "0000708821",
        "fillingDate": "2001-05-14",
        "acceptedDate": "2001-05-14 00:00:00",
        "calendarYear": "2001",
        "period": "Q1",
        "revenue": 27215000,
        "costOfRevenue": 21027000,
        "grossProfit": 6188000,
        "grossProfitRatio": 0.2273746096,
        "researchAndDevelopmentExpenses": 2045000,
        "generalAndAdministrativeExpenses": 4037000,
        "sellingAndMarketingExpenses": 0,
        "sellingGeneralAndAdministrativeExpenses": 4037000,
        "otherExpenses": 0,
        "operatingExpenses": 6082000,
        "costAndExpenses": 27109000,
        "interestIncome": 0,
        "interestExpense": 0,
        "depreciationAndAmortization": 714000,
        "ebitda": 820000,
        "ebitdaratio": 0.0301304428,
        "operatingIncome": 106000,
        "operatingIncomeRatio": 0.0038949109,
        "totalOtherIncomeExpensesNet": -17000,
        "incomeBeforeTax": 89000,
        "incomeBeforeTaxRatio": 0.0032702554,
        "incomeTaxExpense": 40000,
        "netIncome": 49000,
        "netIncomeRatio": 0.0018004777,
        "eps": 0.0044,
        "epsdiluted": 0.0044,
        "weightedAverageShsOut": 17368066,
        "weightedAverageShsOutDil": 17370315,
        "link": "https://www.sec.gov/Archives/edgar/data/708821/000070882101500004/0000708821-01-500004-index.htm",
        "finalLink": "https://www.sec.gov/Archives/edgar/data/708821/000070882101500004/q1fm10q.txt"
    },
    {
        "date": "2000-12-31",
        "symbol": "PAR",
        "reportedCurrency": "USD",
        "cik": "0000708821",
        "fillingDate": "2001-03-30",
        "acceptedDate": "2001-03-30 00:00:00",
        "calendarYear": "2000",
        "period": "Q4",
        "revenue": 28415000,
        "costOfRevenue": 23806000,
        "grossProfit": 4609000,
        "grossProfitRatio": 0.1622030618,
        "researchAndDevelopmentExpenses": 2762000,
        "generalAndAdministrativeExpenses": 8354000,
        "sellingAndMarketingExpenses": 0,
        "sellingGeneralAndAdministrativeExpenses": 8354000,
        "otherExpenses": 798000,
        "operatingExpenses": 11914000,
        "costAndExpenses": 35720000,
        "interestIncome": 0,
        "interestExpense": 354000,
        "depreciationAndAmortization": 798000,
        "ebitda": -6507000,
        "ebitdaratio": -0.2289987683,
        "operatingIncome": -7305000,
        "operatingIncomeRatio": -0.2570825268,
        "totalOtherIncomeExpensesNet": -61000,
        "incomeBeforeTax": -7366000,
        "incomeBeforeTaxRatio": -0.2592292803,
        "incomeTaxExpense": -2872000,
        "netIncome": -4494000,
        "netIncomeRatio": -0.1581559036,
        "eps": -0.39,
        "epsdiluted": -0.39,
        "weightedAverageShsOut": 11578717,
        "weightedAverageShsOutDil": 11584500,
        "link": "https://www.sec.gov/Archives/edgar/data/708821/000070882101000010/0000708821-01-000010-index.htm",
        "finalLink": "https://www.sec.gov/Archives/edgar/data/708821/000070882101000010/0000708821-01-000010-0001.txt"
    },
    {
        "date": "2000-09-30",
        "symbol": "PAR",
        "reportedCurrency": "USD",
        "cik": "0000708821",
        "fillingDate": "2000-11-13",
        "acceptedDate": "2000-11-13 00:00:00",
        "calendarYear": "2000",
        "period": "Q3",
        "revenue": 28958000,
        "costOfRevenue": 22010000,
        "grossProfit": 6948000,
        "grossProfitRatio": 0.2399336971,
        "researchAndDevelopmentExpenses": 2630000,
        "generalAndAdministrativeExpenses": 5224000,
        "sellingAndMarketingExpenses": 0,
        "sellingGeneralAndAdministrativeExpenses": 5224000,
        "otherExpenses": 839000,
        "operatingExpenses": 8693000,
        "costAndExpenses": 30703000,
        "interestIncome": 0,
        "interestExpense": 0,
        "depreciationAndAmortization": 839000,
        "ebitda": -906000,
        "ebitdaratio": -0.0312866911,
        "operatingIncome": -1745000,
        "operatingIncomeRatio": -0.0602596864,
        "totalOtherIncomeExpensesNet": -467000,
        "incomeBeforeTax": -2212000,
        "incomeBeforeTaxRatio": -0.0763864908,
        "incomeTaxExpense": -1033000,
        "netIncome": -1179000,
        "netIncomeRatio": -0.0407141377,
        "eps": -0.1,
        "epsdiluted": -0.1,
        "weightedAverageShsOut": 11662500,
        "weightedAverageShsOutDil": 11662500,
        "link": "https://www.sec.gov/Archives/edgar/data/708821/000070882100000027/0000708821-00-000027-index.htm",
        "finalLink": "https://www.sec.gov/Archives/edgar/data/708821/000070882100000027/0000708821-00-000027-0001.txt"
    },
    {
        "date": "2000-06-30",
        "symbol": "PAR",
        "reportedCurrency": "USD",
        "cik": "0000708821",
        "fillingDate": "2000-08-10",
        "acceptedDate": "2000-08-10 00:00:00",
        "calendarYear": "2000",
        "period": "Q2",
        "revenue": 24314000,
        "costOfRevenue": 20436000,
        "grossProfit": 3878000,
        "grossProfitRatio": 0.1594965863,
        "researchAndDevelopmentExpenses": 2422000,
        "generalAndAdministrativeExpenses": 5601000,
        "sellingAndMarketingExpenses": 0,
        "sellingGeneralAndAdministrativeExpenses": 5601000,
        "otherExpenses": 854000,
        "operatingExpenses": 8877000,
        "costAndExpenses": 29313000,
        "interestIncome": 0,
        "interestExpense": 0,
        "depreciationAndAmortization": 854000,
        "ebitda": -4145000,
        "ebitdaratio": -0.170477914,
        "operatingIncome": -4999000,
        "operatingIncomeRatio": -0.2056017109,
        "totalOtherIncomeExpensesNet": -123000,
        "incomeBeforeTax": -5122000,
        "incomeBeforeTaxRatio": -0.2106605248,
        "incomeTaxExpense": -1870000,
        "netIncome": -3252000,
        "netIncomeRatio": -0.1337501028,
        "eps": -0.28,
        "epsdiluted": -0.28,
        "weightedAverageShsOut": 11794500,
        "weightedAverageShsOutDil": 11794500,
        "link": "https://www.sec.gov/Archives/edgar/data/708821/000070882100000023/0000708821-00-000023-index.htm",
        "finalLink": "https://www.sec.gov/Archives/edgar/data/708821/000070882100000023/0000708821-00-000023-0001.txt"
    },
    {
        "date": "2000-03-31",
        "symbol": "PAR",
        "reportedCurrency": "USD",
        "cik": "0000708821",
        "fillingDate": "2000-05-09",
        "acceptedDate": "2000-05-09 00:00:00",
        "calendarYear": "2000",
        "period": "Q1",
        "revenue": 19251000,
        "costOfRevenue": 16772000,
        "grossProfit": 2479000,
        "grossProfitRatio": 0.1287725313,
        "researchAndDevelopmentExpenses": 2102000,
        "generalAndAdministrativeExpenses": 6469000,
        "sellingAndMarketingExpenses": 0,
        "sellingGeneralAndAdministrativeExpenses": 6469000,
        "otherExpenses": 912000,
        "operatingExpenses": 9483000,
        "costAndExpenses": 26255000,
        "interestIncome": 0,
        "interestExpense": 0,
        "depreciationAndAmortization": 912000,
        "ebitda": -6092000,
        "ebitdaratio": -0.3164510934,
        "operatingIncome": -7004000,
        "operatingIncomeRatio": -0.3638252558,
        "totalOtherIncomeExpensesNet": -135000,
        "incomeBeforeTax": -7139000,
        "incomeBeforeTaxRatio": -0.3708378786,
        "incomeTaxExpense": -2616000,
        "netIncome": -4523000,
        "netIncomeRatio": -0.2349488338,
        "eps": -0.38,
        "epsdiluted": -0.38,
        "weightedAverageShsOut": 12051000,
        "weightedAverageShsOutDil": 12051000,
        "link": "https://www.sec.gov/Archives/edgar/data/708821/000070882100000015/0000708821-00-000015-index.html",
        "finalLink": "https://www.sec.gov/Archives/edgar/data/708821/000070882100000015/"
    },
    {
        "date": "1999-12-31",
        "symbol": "PAR",
        "reportedCurrency": "USD",
        "cik": "0000708821",
        "fillingDate": "2000-03-27",
        "acceptedDate": "2000-03-27 00:00:00",
        "calendarYear": "1999",
        "period": "Q4",
        "revenue": 37500000,
        "costOfRevenue": 28500000,
        "grossProfit": 9000000,
        "grossProfitRatio": 0.24,
        "researchAndDevelopmentExpenses": 1500000,
        "generalAndAdministrativeExpenses": 6700000,
        "sellingAndMarketingExpenses": 0,
        "sellingGeneralAndAdministrativeExpenses": 6700000,
        "otherExpenses": 800000,
        "operatingExpenses": 9000000,
        "costAndExpenses": 37500000,
        "interestIncome": 0,
        "interestExpense": 0,
        "depreciationAndAmortization": 800000,
        "ebitda": 800000,
        "ebitdaratio": 0.0213333333,
        "operatingIncome": 0,
        "operatingIncomeRatio": 0,
        "totalOtherIncomeExpensesNet": -1400000,
        "incomeBeforeTax": -1400000,
        "incomeBeforeTaxRatio": -0.0373333333,
        "incomeTaxExpense": -700000,
        "netIncome": -700000,
        "netIncomeRatio": -0.0186666667,
        "eps": -0.0581,
        "epsdiluted": -0.0581,
        "weightedAverageShsOut": 12051000,
        "weightedAverageShsOutDil": 12051000,
        "link": "https://www.sec.gov/Archives/edgar/data/708821/000070882100000008/0000708821-00-000008-index.html",
        "finalLink": "https://www.sec.gov/Archives/edgar/data/708821/000070882100000008/"
    },
    {
        "date": "1999-09-30",
        "symbol": "PAR",
        "reportedCurrency": "USD",
        "cik": "0000708821",
        "fillingDate": "1999-11-12",
        "acceptedDate": "1999-11-12 00:00:00",
        "calendarYear": "1999",
        "period": "Q3",
        "revenue": 32600000,
        "costOfRevenue": 24300000,
        "grossProfit": 8300000,
        "grossProfitRatio": 0.254601227,
        "researchAndDevelopmentExpenses": 2000000,
        "generalAndAdministrativeExpenses": 5300000,
        "sellingAndMarketingExpenses": 0,
        "sellingGeneralAndAdministrativeExpenses": 5300000,
        "otherExpenses": 700000,
        "operatingExpenses": 8000000,
        "costAndExpenses": 32300000,
        "interestIncome": 0,
        "interestExpense": 0,
        "depreciationAndAmortization": 800000,
        "ebitda": 1082000,
        "ebitdaratio": 0.033190184,
        "operatingIncome": 282000,
        "operatingIncomeRatio": 0.0086503067,
        "totalOtherIncomeExpensesNet": 218000,
        "incomeBeforeTax": 500000,
        "incomeBeforeTaxRatio": 0.0153374233,
        "incomeTaxExpense": -300000,
        "netIncome": 800000,
        "netIncomeRatio": 0.0245398773,
        "eps": 0.04,
        "epsdiluted": 0.04,
        "weightedAverageShsOut": 12616192,
        "weightedAverageShsOutDil": 12616192,
        "link": "https://www.sec.gov/Archives/edgar/data/708821/000070882199000021/0000708821-99-000021-index.html",
        "finalLink": "https://www.sec.gov/Archives/edgar/data/708821/000070882199000021/"
    },
    {
        "date": "1999-06-30",
        "symbol": "PAR",
        "reportedCurrency": "USD",
        "cik": "0000708821",
        "fillingDate": "1999-08-11",
        "acceptedDate": "1999-08-11 00:00:00",
        "calendarYear": "1999",
        "period": "Q2",
        "revenue": 39000000,
        "costOfRevenue": 28200000,
        "grossProfit": 10800000,
        "grossProfitRatio": 0.2769230769,
        "researchAndDevelopmentExpenses": 2300000,
        "generalAndAdministrativeExpenses": 5800000,
        "sellingAndMarketingExpenses": 0,
        "sellingGeneralAndAdministrativeExpenses": 5800000,
        "otherExpenses": 700000,
        "operatingExpenses": 8800000,
        "costAndExpenses": 37000000,
        "interestIncome": 0,
        "interestExpense": 0,
        "depreciationAndAmortization": 700000,
        "ebitda": 2700000,
        "ebitdaratio": 0.0692307692,
        "operatingIncome": 2000000,
        "operatingIncomeRatio": 0.0512820513,
        "totalOtherIncomeExpensesNet": -100000,
        "incomeBeforeTax": 1900000,
        "incomeBeforeTaxRatio": 0.0487179487,
        "incomeTaxExpense": 700000,
        "netIncome": 1200000,
        "netIncomeRatio": 0.0307692308,
        "eps": 0.0623,
        "epsdiluted": 0.0623,
        "weightedAverageShsOut": 12610195,
        "weightedAverageShsOutDil": 12610195,
        "link": "https://www.sec.gov/Archives/edgar/data/708821/000070882199000014/0000708821-99-000014-index.html",
        "finalLink": "https://www.sec.gov/Archives/edgar/data/708821/000070882199000014/"
    },
    {
        "date": "1999-03-31",
        "symbol": "PAR",
        "reportedCurrency": "USD",
        "cik": "0000708821",
        "fillingDate": "1999-05-10",
        "acceptedDate": "1999-05-10 00:00:00",
        "calendarYear": "1999",
        "period": "Q1",
        "revenue": 35700000,
        "costOfRevenue": 25900000,
        "grossProfit": 9800000,
        "grossProfitRatio": 0.2745098039,
        "researchAndDevelopmentExpenses": 2200000,
        "generalAndAdministrativeExpenses": 5700000,
        "sellingAndMarketingExpenses": 0,
        "sellingGeneralAndAdministrativeExpenses": 5700000,
        "otherExpenses": 600000,
        "operatingExpenses": 8500000,
        "costAndExpenses": 34400000,
        "interestIncome": 0,
        "interestExpense": 0,
        "depreciationAndAmortization": 600000,
        "ebitda": 1900000,
        "ebitdaratio": 0.0532212885,
        "operatingIncome": 1300000,
        "operatingIncomeRatio": 0.0364145658,
        "totalOtherIncomeExpensesNet": 0,
        "incomeBeforeTax": 1300000,
        "incomeBeforeTaxRatio": 0.0364145658,
        "incomeTaxExpense": 500000,
        "netIncome": 800000,
        "netIncomeRatio": 0.0224089636,
        "eps": 0.04,
        "epsdiluted": 0.04,
        "weightedAverageShsOut": 12623688,
        "weightedAverageShsOutDil": 12623688,
        "link": "https://www.sec.gov/Archives/edgar/data/708821/000070882199000009/0000708821-99-000009-index.html",
        "finalLink": "https://www.sec.gov/Archives/edgar/data/708821/"
    },
    {
        "date": "1998-12-31",
        "symbol": "PAR",
        "reportedCurrency": "USD",
        "cik": "0000708821",
        "fillingDate": "1999-03-29",
        "acceptedDate": "1999-03-29 00:00:00",
        "calendarYear": "1998",
        "period": "Q4",
        "revenue": 41700000,
        "costOfRevenue": 29900000,
        "grossProfit": 11800000,
        "grossProfitRatio": 0.2829736211,
        "researchAndDevelopmentExpenses": 1700000,
        "generalAndAdministrativeExpenses": 6300000,
        "sellingAndMarketingExpenses": 0,
        "sellingGeneralAndAdministrativeExpenses": 6300000,
        "otherExpenses": 700000,
        "operatingExpenses": 8700000,
        "costAndExpenses": 38600000,
        "interestIncome": 0,
        "interestExpense": 0,
        "depreciationAndAmortization": 700000,
        "ebitda": 3800000,
        "ebitdaratio": 0.0911270983,
        "operatingIncome": 3100000,
        "operatingIncomeRatio": 0.0743405276,
        "totalOtherIncomeExpensesNet": 200000,
        "incomeBeforeTax": 3300000,
        "incomeBeforeTaxRatio": 0.0791366906,
        "incomeTaxExpense": 1100000,
        "netIncome": 2200000,
        "netIncomeRatio": 0.0527577938,
        "eps": 0.17,
        "epsdiluted": 0.17,
        "weightedAverageShsOut": 12623688,
        "weightedAverageShsOutDil": 12623688,
        "link": "https://www.sec.gov/Archives/edgar/data/708821/000070882199000003/0000708821-99-000003-index.html",
        "finalLink": "https://www.sec.gov/Archives/edgar/data/708821/"
    },
    {
        "date": "1998-09-30",
        "symbol": "PAR",
        "reportedCurrency": "USD",
        "cik": "0000708821",
        "fillingDate": "1998-11-05",
        "acceptedDate": "1998-11-05 00:00:00",
        "calendarYear": "1998",
        "period": "Q3",
        "revenue": 33500000,
        "costOfRevenue": 25100000,
        "grossProfit": 8400000,
        "grossProfitRatio": 0.2507462687,
        "researchAndDevelopmentExpenses": 1400000,
        "generalAndAdministrativeExpenses": 4700000,
        "sellingAndMarketingExpenses": 0,
        "sellingGeneralAndAdministrativeExpenses": 4700000,
        "otherExpenses": 700000,
        "operatingExpenses": 6800000,
        "costAndExpenses": 31900000,
        "interestIncome": 0,
        "interestExpense": 0,
        "depreciationAndAmortization": 700000,
        "ebitda": 2300000,
        "ebitdaratio": 0.0686567164,
        "operatingIncome": 1600000,
        "operatingIncomeRatio": 0.047761194,
        "totalOtherIncomeExpensesNet": 200000,
        "incomeBeforeTax": 1800000,
        "incomeBeforeTaxRatio": 0.0537313433,
        "incomeTaxExpense": 600000,
        "netIncome": 1200000,
        "netIncomeRatio": 0.0358208955,
        "eps": 0.0578,
        "epsdiluted": 0.0578,
        "weightedAverageShsOut": 13038981,
        "weightedAverageShsOutDil": 13038981,
        "link": "https://www.sec.gov/Archives/edgar/data/708821/000070882198000015/0000708821-98-000015-index.html",
        "finalLink": "https://www.sec.gov/Archives/edgar/data/708821/"
    },
    {
        "date": "1998-06-30",
        "symbol": "PAR",
        "reportedCurrency": "USD",
        "cik": "0000708821",
        "fillingDate": "1998-07-30",
        "acceptedDate": "1998-07-30 00:00:00",
        "calendarYear": "1998",
        "period": "Q2",
        "revenue": 26000000,
        "costOfRevenue": 21200000,
        "grossProfit": 4800000,
        "grossProfitRatio": 0.1846153846,
        "researchAndDevelopmentExpenses": 1500000,
        "generalAndAdministrativeExpenses": 3800000,
        "sellingAndMarketingExpenses": 0,
        "sellingGeneralAndAdministrativeExpenses": 3800000,
        "otherExpenses": 300000,
        "operatingExpenses": 5600000,
        "costAndExpenses": 26800000,
        "interestIncome": 0,
        "interestExpense": 0,
        "depreciationAndAmortization": 500000,
        "ebitda": -300000,
        "ebitdaratio": -0.0115384615,
        "operatingIncome": -800000,
        "operatingIncomeRatio": -0.0307692308,
        "totalOtherIncomeExpensesNet": 100000,
        "incomeBeforeTax": -700000,
        "incomeBeforeTaxRatio": -0.0269230769,
        "incomeTaxExpense": -300000,
        "netIncome": -400000,
        "netIncomeRatio": -0.0153846154,
        "eps": -0.03,
        "epsdiluted": -0.03,
        "weightedAverageShsOut": 13338831,
        "weightedAverageShsOutDil": 13338831,
        "link": "https://www.sec.gov/Archives/edgar/data/708821/000070882198000012/0000708821-98-000012-index.html",
        "finalLink": "https://www.sec.gov/Archives/edgar/data/708821/"
    },
    {
        "date": "1998-03-31",
        "symbol": "PAR",
        "reportedCurrency": "USD",
        "cik": "0000708821",
        "fillingDate": "1998-05-06",
        "acceptedDate": "1998-05-06 00:00:00",
        "calendarYear": "1998",
        "period": "Q1",
        "revenue": 21200000,
        "costOfRevenue": 17500000,
        "grossProfit": 3700000,
        "grossProfitRatio": 0.1745283019,
        "researchAndDevelopmentExpenses": 1300000,
        "generalAndAdministrativeExpenses": 4600000,
        "sellingAndMarketingExpenses": 0,
        "sellingGeneralAndAdministrativeExpenses": 4600000,
        "otherExpenses": 500000,
        "operatingExpenses": 6400000,
        "costAndExpenses": 23900000,
        "interestIncome": 0,
        "interestExpense": 0,
        "depreciationAndAmortization": 500000,
        "ebitda": -2200000,
        "ebitdaratio": -0.1037735849,
        "operatingIncome": -2700000,
        "operatingIncomeRatio": -0.1273584906,
        "totalOtherIncomeExpensesNet": 200000,
        "incomeBeforeTax": -2500000,
        "incomeBeforeTaxRatio": -0.1179245283,
        "incomeTaxExpense": -900000,
        "netIncome": -1600000,
        "netIncomeRatio": -0.0754716981,
        "eps": -0.12,
        "epsdiluted": -0.12,
        "weightedAverageShsOut": 13338831,
        "weightedAverageShsOutDil": 13338831,
        "link": "https://www.sec.gov/Archives/edgar/data/708821/000070882198000010/0000708821-98-000010-index.html",
        "finalLink": "https://www.sec.gov/Archives/edgar/data/708821/"
    },
    {
        "date": "1997-12-31",
        "symbol": "PAR",
        "reportedCurrency": "USD",
        "cik": "0000708821",
        "fillingDate": "1998-03-25",
        "acceptedDate": "1998-03-25 00:00:00",
        "calendarYear": "1997",
        "period": "Q4",
        "revenue": 28700000,
        "costOfRevenue": 23300000,
        "grossProfit": 5400000,
        "grossProfitRatio": 0.1881533101,
        "researchAndDevelopmentExpenses": 1800000,
        "generalAndAdministrativeExpenses": 3200000,
        "sellingAndMarketingExpenses": 0,
        "sellingGeneralAndAdministrativeExpenses": 3200000,
        "otherExpenses": 600000,
        "operatingExpenses": 5600000,
        "costAndExpenses": 28900000,
        "interestIncome": 0,
        "interestExpense": 0,
        "depreciationAndAmortization": 600000,
        "ebitda": 400000,
        "ebitdaratio": 0.0139372822,
        "operatingIncome": -200000,
        "operatingIncomeRatio": -0.0069686411,
        "totalOtherIncomeExpensesNet": -3500000,
        "incomeBeforeTax": -3700000,
        "incomeBeforeTaxRatio": -0.1289198606,
        "incomeTaxExpense": -1300000,
        "netIncome": -2400000,
        "netIncomeRatio": -0.0836236934,
        "eps": -0.18,
        "epsdiluted": -0.18,
        "weightedAverageShsOut": 13289355,
        "weightedAverageShsOutDil": 13338831,
        "link": "https://www.sec.gov/Archives/edgar/data/708821/000070882198000007/0000708821-98-000007-index.html",
        "finalLink": "https://www.sec.gov/Archives/edgar/data/708821/"
    },
    {
        "date": "1997-09-30",
        "symbol": "PAR",
        "reportedCurrency": "USD",
        "cik": "0000708821",
        "fillingDate": "1997-10-30",
        "acceptedDate": "1997-10-30 00:00:00",
        "calendarYear": "1997",
        "period": "Q3",
        "revenue": 31500000,
        "costOfRevenue": 23400000,
        "grossProfit": 8100000,
        "grossProfitRatio": 0.2571428571,
        "researchAndDevelopmentExpenses": 1000000,
        "generalAndAdministrativeExpenses": 4500000,
        "sellingAndMarketingExpenses": 0,
        "sellingGeneralAndAdministrativeExpenses": 4500000,
        "otherExpenses": 500000,
        "operatingExpenses": 6000000,
        "costAndExpenses": 29400000,
        "interestIncome": 0,
        "interestExpense": 0,
        "depreciationAndAmortization": 500000,
        "ebitda": 2600000,
        "ebitdaratio": 0.0825396825,
        "operatingIncome": 2100000,
        "operatingIncomeRatio": 0.0666666667,
        "totalOtherIncomeExpensesNet": 100000,
        "incomeBeforeTax": 2200000,
        "incomeBeforeTaxRatio": 0.0698412698,
        "incomeTaxExpense": 800000,
        "netIncome": 1400000,
        "netIncomeRatio": 0.0444444444,
        "eps": 0.0711,
        "epsdiluted": 0.0711,
        "weightedAverageShsOut": 13266867,
        "weightedAverageShsOutDil": 13266867,
        "link": "https://www.sec.gov/Archives/edgar/data/708821/000070882197000019/0000708821-97-000019-index.html",
        "finalLink": "https://www.sec.gov/Archives/edgar/data/708821/"
    },
    {
        "date": "1997-06-30",
        "symbol": "PAR",
        "reportedCurrency": "USD",
        "cik": "0000708821",
        "fillingDate": "1997-08-13",
        "acceptedDate": "1997-08-13 00:00:00",
        "calendarYear": "1997",
        "period": "Q2",
        "revenue": 21700000,
        "costOfRevenue": 17600000,
        "grossProfit": 4100000,
        "grossProfitRatio": 0.1889400922,
        "researchAndDevelopmentExpenses": 1400000,
        "generalAndAdministrativeExpenses": 10500000,
        "sellingAndMarketingExpenses": 0,
        "sellingGeneralAndAdministrativeExpenses": 10500000,
        "otherExpenses": 700000,
        "operatingExpenses": 12600000,
        "costAndExpenses": 30200000,
        "interestIncome": 0,
        "interestExpense": 0,
        "depreciationAndAmortization": 700000,
        "ebitda": -7800000,
        "ebitdaratio": -0.3594470046,
        "operatingIncome": -8500000,
        "operatingIncomeRatio": -0.3917050691,
        "totalOtherIncomeExpensesNet": 100000,
        "incomeBeforeTax": -8400000,
        "incomeBeforeTaxRatio": -0.3870967742,
        "incomeTaxExpense": -3100000,
        "netIncome": -5300000,
        "netIncomeRatio": -0.2442396313,
        "eps": -0.4,
        "epsdiluted": -0.4,
        "weightedAverageShsOut": 13266867,
        "weightedAverageShsOutDil": 13266867,
        "link": "https://www.sec.gov/Archives/edgar/data/708821/000070882197000017/0000708821-97-000017-index.html",
        "finalLink": "https://www.sec.gov/Archives/edgar/data/708821/"
    },
    {
        "date": "1997-03-31",
        "symbol": "PAR",
        "reportedCurrency": "USD",
        "cik": "0000708821",
        "fillingDate": "1997-05-09",
        "acceptedDate": "1997-05-09 00:00:00",
        "calendarYear": "1997",
        "period": "Q1",
        "revenue": 18100000,
        "costOfRevenue": 15500000,
        "grossProfit": 2600000,
        "grossProfitRatio": 0.1436464088,
        "researchAndDevelopmentExpenses": 1100000,
        "generalAndAdministrativeExpenses": 4900000,
        "sellingAndMarketingExpenses": 0,
        "sellingGeneralAndAdministrativeExpenses": 4900000,
        "otherExpenses": 500000,
        "operatingExpenses": 6500000,
        "costAndExpenses": 22000000,
        "interestIncome": 0,
        "interestExpense": 0,
        "depreciationAndAmortization": 500000,
        "ebitda": -3400000,
        "ebitdaratio": -0.1878453039,
        "operatingIncome": -3900000,
        "operatingIncomeRatio": -0.2154696133,
        "totalOtherIncomeExpensesNet": 100000,
        "incomeBeforeTax": -3800000,
        "incomeBeforeTaxRatio": -0.2099447514,
        "incomeTaxExpense": -1400000,
        "netIncome": -2400000,
        "netIncomeRatio": -0.1325966851,
        "eps": -0.18,
        "epsdiluted": -0.18,
        "weightedAverageShsOut": 13248876,
        "weightedAverageShsOutDil": 13248876,
        "link": "https://www.sec.gov/Archives/edgar/data/708821/000070882197000015/0000708821-97-000015-index.html",
        "finalLink": "https://www.sec.gov/Archives/edgar/data/708821/"
    },
    {
        "date": "1996-12-31",
        "symbol": "PAR",
        "reportedCurrency": "USD",
        "cik": "0000708821",
        "fillingDate": "1997-03-27",
        "acceptedDate": "1997-03-27 00:00:00",
        "calendarYear": "1996",
        "period": "Q4",
        "revenue": 35900000,
        "costOfRevenue": 25200000,
        "grossProfit": 10700000,
        "grossProfitRatio": 0.2980501393,
        "researchAndDevelopmentExpenses": 1300000,
        "generalAndAdministrativeExpenses": 5000000,
        "sellingAndMarketingExpenses": 0,
        "sellingGeneralAndAdministrativeExpenses": 5000000,
        "otherExpenses": 500000,
        "operatingExpenses": 6800000,
        "costAndExpenses": 32000000,
        "interestIncome": 0,
        "interestExpense": 0,
        "depreciationAndAmortization": 500000,
        "ebitda": 4400000,
        "ebitdaratio": 0.1225626741,
        "operatingIncome": 3900000,
        "operatingIncomeRatio": 0.1086350975,
        "totalOtherIncomeExpensesNet": 0,
        "incomeBeforeTax": 3900000,
        "incomeBeforeTaxRatio": 0.1086350975,
        "incomeTaxExpense": 1400000,
        "netIncome": 2500000,
        "netIncomeRatio": 0.069637883,
        "eps": 0.19,
        "epsdiluted": 0.19,
        "weightedAverageShsOut": 13232383,
        "weightedAverageShsOutDil": 13248876,
        "link": "https://www.sec.gov/Archives/edgar/data/708821/000070882197000009/0000708821-97-000009-index.html",
        "finalLink": "https://www.sec.gov/Archives/edgar/data/708821/"
    },
    {
        "date": "1996-09-30",
        "symbol": "PAR",
        "reportedCurrency": "USD",
        "cik": "0000708821",
        "fillingDate": "1996-11-06",
        "acceptedDate": "1996-11-06 00:00:00",
        "calendarYear": "1996",
        "period": "Q3",
        "revenue": 27900000,
        "costOfRevenue": 19200000,
        "grossProfit": 8700000,
        "grossProfitRatio": 0.311827957,
        "researchAndDevelopmentExpenses": 1100000,
        "generalAndAdministrativeExpenses": 4700000,
        "sellingAndMarketingExpenses": 0,
        "sellingGeneralAndAdministrativeExpenses": 4700000,
        "otherExpenses": 600000,
        "operatingExpenses": 6400000,
        "costAndExpenses": 25600000,
        "interestIncome": 0,
        "interestExpense": 0,
        "depreciationAndAmortization": 600000,
        "ebitda": 2900000,
        "ebitdaratio": 0.1039426523,
        "operatingIncome": 2300000,
        "operatingIncomeRatio": 0.082437276,
        "totalOtherIncomeExpensesNet": 500000,
        "incomeBeforeTax": 2800000,
        "incomeBeforeTaxRatio": 0.1003584229,
        "incomeTaxExpense": 800000,
        "netIncome": 2000000,
        "netIncomeRatio": 0.0716845878,
        "eps": 0.0978,
        "epsdiluted": 0.0978,
        "weightedAverageShsOut": 13211394,
        "weightedAverageShsOutDil": 13211394,
        "link": "https://www.sec.gov/Archives/edgar/data/708821/000070882196000010/0000708821-96-000010-index.html",
        "finalLink": "https://www.sec.gov/Archives/edgar/data/708821/"
    },
    {
        "date": "1996-06-30",
        "symbol": "PAR",
        "reportedCurrency": "USD",
        "cik": "0000708821",
        "fillingDate": "1996-08-07",
        "acceptedDate": "1996-08-07 00:00:00",
        "calendarYear": "1996",
        "period": "Q2",
        "revenue": 28400000,
        "costOfRevenue": 20900000,
        "grossProfit": 7500000,
        "grossProfitRatio": 0.264084507,
        "researchAndDevelopmentExpenses": 1300000,
        "generalAndAdministrativeExpenses": 4300000,
        "sellingAndMarketingExpenses": 0,
        "sellingGeneralAndAdministrativeExpenses": 4300000,
        "otherExpenses": 500000,
        "operatingExpenses": 6100000,
        "costAndExpenses": 27000000,
        "interestIncome": 0,
        "interestExpense": 0,
        "depreciationAndAmortization": 500000,
        "ebitda": 1900000,
        "ebitdaratio": 0.0669014085,
        "operatingIncome": 1400000,
        "operatingIncomeRatio": 0.0492957746,
        "totalOtherIncomeExpensesNet": 0,
        "incomeBeforeTax": 1400000,
        "incomeBeforeTaxRatio": 0.0492957746,
        "incomeTaxExpense": 500000,
        "netIncome": 900000,
        "netIncomeRatio": 0.0316901408,
        "eps": 0.0489,
        "epsdiluted": 0.0489,
        "weightedAverageShsOut": 11664168,
        "weightedAverageShsOutDil": 11664168,
        "link": "https://www.sec.gov/Archives/edgar/data/708821/000070882196000007/0000708821-96-000007-index.html",
        "finalLink": "https://www.sec.gov/Archives/edgar/data/708821/"
    },
    {
        "date": "1996-03-31",
        "symbol": "PAR",
        "reportedCurrency": "USD",
        "cik": "0000708821",
        "fillingDate": "1996-05-15",
        "acceptedDate": "1996-05-15 00:00:00",
        "calendarYear": "1996",
        "period": "Q1",
        "revenue": 25500000,
        "costOfRevenue": 18900000,
        "grossProfit": 6600000,
        "grossProfitRatio": 0.2588235294,
        "researchAndDevelopmentExpenses": 1400000,
        "generalAndAdministrativeExpenses": 3700000,
        "sellingAndMarketingExpenses": 0,
        "sellingGeneralAndAdministrativeExpenses": 3700000,
        "otherExpenses": 700000,
        "operatingExpenses": 5800000,
        "costAndExpenses": 24700000,
        "interestIncome": 0,
        "interestExpense": 0,
        "depreciationAndAmortization": 700000,
        "ebitda": 1500000,
        "ebitdaratio": 0.0588235294,
        "operatingIncome": 800000,
        "operatingIncomeRatio": 0.031372549,
        "totalOtherIncomeExpensesNet": 100000,
        "incomeBeforeTax": 900000,
        "incomeBeforeTaxRatio": 0.0352941176,
        "incomeTaxExpense": 300000,
        "netIncome": 600000,
        "netIncomeRatio": 0.0235294118,
        "eps": 0.0311,
        "epsdiluted": 0.0311,
        "weightedAverageShsOut": 11611693,
        "weightedAverageShsOutDil": 11611693,
        "link": "https://www.sec.gov/Archives/edgar/data/708821/000070882196000003/0000708821-96-000003-index.html",
        "finalLink": "https://www.sec.gov/Archives/edgar/data/708821/"
    },
    {
        "date": "1995-12-31",
        "symbol": "PAR",
        "reportedCurrency": "USD",
        "cik": "0000708821",
        "fillingDate": "1996-06-07",
        "acceptedDate": "1996-06-07 00:00:00",
        "calendarYear": "1995",
        "period": "Q4",
        "revenue": 35000000,
        "costOfRevenue": 24000000,
        "grossProfit": 11000000,
        "grossProfitRatio": 0.3142857143,
        "researchAndDevelopmentExpenses": 1500000,
        "generalAndAdministrativeExpenses": 5500000,
        "sellingAndMarketingExpenses": 0,
        "sellingGeneralAndAdministrativeExpenses": 5500000,
        "otherExpenses": 600000,
        "operatingExpenses": 7600000,
        "costAndExpenses": 31600000,
        "interestIncome": 0,
        "interestExpense": 0,
        "depreciationAndAmortization": 600000,
        "ebitda": 4000000,
        "ebitdaratio": 0.1142857143,
        "operatingIncome": 3400000,
        "operatingIncomeRatio": 0.0971428571,
        "totalOtherIncomeExpensesNet": -200000,
        "incomeBeforeTax": 3200000,
        "incomeBeforeTaxRatio": 0.0914285714,
        "incomeTaxExpense": 1100000,
        "netIncome": 2100000,
        "netIncomeRatio": 0.06,
        "eps": 0.18,
        "epsdiluted": 0.18,
        "weightedAverageShsOut": 11517241,
        "weightedAverageShsOutDil": 11611693,
        "link": "https://www.sec.gov/Archives/edgar/data/708821/000070882196000005/0000708821-96-000005-index.html",
        "finalLink": "https://www.sec.gov/Archives/edgar/data/708821/0000708821-96-000005.txt"
    },
    {
        "date": "1995-09-30",
        "symbol": "PAR",
        "reportedCurrency": "USD",
        "cik": "0000708821",
        "fillingDate": "1995-10-25",
        "acceptedDate": "1995-10-25 00:00:00",
        "calendarYear": "1995",
        "period": "Q3",
        "revenue": 24000000,
        "costOfRevenue": 16300000,
        "grossProfit": 7700000,
        "grossProfitRatio": 0.3208333333,
        "researchAndDevelopmentExpenses": 1200000,
        "generalAndAdministrativeExpenses": 3900000,
        "sellingAndMarketingExpenses": 0,
        "sellingGeneralAndAdministrativeExpenses": 3900000,
        "otherExpenses": 600000,
        "operatingExpenses": 5700000,
        "costAndExpenses": 22000000,
        "interestIncome": 0,
        "interestExpense": 0,
        "depreciationAndAmortization": 600000,
        "ebitda": 2600000,
        "ebitdaratio": 0.1083333333,
        "operatingIncome": 2000000,
        "operatingIncomeRatio": 0.0833333333,
        "totalOtherIncomeExpensesNet": 100000,
        "incomeBeforeTax": 2100000,
        "incomeBeforeTaxRatio": 0.0875,
        "incomeTaxExpense": 600000,
        "netIncome": 1500000,
        "netIncomeRatio": 0.0625,
        "eps": 0.0845,
        "epsdiluted": 0.0845,
        "weightedAverageShsOut": 13656672,
        "weightedAverageShsOutDil": 13656672,
        "link": "https://www.sec.gov/Archives/edgar/data/708821/000091431795000105/0000914317-95-000105-index.html",
        "finalLink": "https://www.sec.gov/Archives/edgar/data/708821/"
    },
    {
        "date": "1995-06-30",
        "symbol": "PAR",
        "reportedCurrency": "USD",
        "cik": "0000708821",
        "fillingDate": "1995-08-01",
        "acceptedDate": "1995-08-01 00:00:00",
        "calendarYear": "1995",
        "period": "Q2",
        "revenue": 24400000,
        "costOfRevenue": 17300000,
        "grossProfit": 7100000,
        "grossProfitRatio": 0.2909836066,
        "researchAndDevelopmentExpenses": 1300000,
        "generalAndAdministrativeExpenses": 4300000,
        "sellingAndMarketingExpenses": 0,
        "sellingGeneralAndAdministrativeExpenses": 4300000,
        "otherExpenses": 600000,
        "operatingExpenses": 6200000,
        "costAndExpenses": 23500000,
        "interestIncome": 0,
        "interestExpense": 0,
        "depreciationAndAmortization": 600000,
        "ebitda": 1500000,
        "ebitdaratio": 0.0614754098,
        "operatingIncome": 900000,
        "operatingIncomeRatio": 0.0368852459,
        "totalOtherIncomeExpensesNet": 100000,
        "incomeBeforeTax": 1000000,
        "incomeBeforeTaxRatio": 0.0409836066,
        "incomeTaxExpense": 400000,
        "netIncome": 600000,
        "netIncomeRatio": 0.0245901639,
        "eps": 0.0356,
        "epsdiluted": 0.0356,
        "weightedAverageShsOut": 11502249,
        "weightedAverageShsOutDil": 11502249,
        "link": "https://www.sec.gov/Archives/edgar/data/708821/000091431795000065/0000914317-95-000065-index.html",
        "finalLink": "https://www.sec.gov/Archives/edgar/data/708821/"
    },
    {
        "date": "1995-03-31",
        "symbol": "PAR",
        "reportedCurrency": "USD",
        "cik": "0000708821",
        "fillingDate": "1995-04-26",
        "acceptedDate": "1995-04-26 00:00:00",
        "calendarYear": "1995",
        "period": "Q1",
        "revenue": 24000000,
        "costOfRevenue": 17300000,
        "grossProfit": 6700000,
        "grossProfitRatio": 0.2791666667,
        "researchAndDevelopmentExpenses": 1300000,
        "generalAndAdministrativeExpenses": 0,
        "sellingAndMarketingExpenses": 0,
        "sellingGeneralAndAdministrativeExpenses": 4000000,
        "otherExpenses": 600000,
        "operatingExpenses": 5900000,
        "costAndExpenses": 23200000,
        "interestIncome": 0,
        "interestExpense": 0,
        "depreciationAndAmortization": 600000,
        "ebitda": 1400000,
        "ebitdaratio": 0.0583333333,
        "operatingIncome": 800000,
        "operatingIncomeRatio": 0.0333333333,
        "totalOtherIncomeExpensesNet": -200000,
        "incomeBeforeTax": 600000,
        "incomeBeforeTaxRatio": 0.025,
        "incomeTaxExpense": 200000,
        "netIncome": 400000,
        "netIncomeRatio": 0.0166666667,
        "eps": 0.0222,
        "epsdiluted": 0.0222,
        "weightedAverageShsOut": 11523238,
        "weightedAverageShsOutDil": 11523238,
        "link": "https://www.sec.gov/Archives/edgar/data/708821/000091431795000030/0000914317-95-000030-index.html",
        "finalLink": "https://www.sec.gov/Archives/edgar/data/708821/"
    },
    {
        "date": "1994-12-31",
        "symbol": "PAR",
        "reportedCurrency": "USD",
        "cik": "0000708821",
        "fillingDate": "1994-12-31",
        "acceptedDate": "1994-12-30 19:00:00",
        "calendarYear": "1994",
        "period": "Q4",
        "revenue": 26700000,
        "costOfRevenue": 18500000,
        "grossProfit": 8200000,
        "grossProfitRatio": 0.3071161049,
        "researchAndDevelopmentExpenses": 0,
        "generalAndAdministrativeExpenses": 0,
        "sellingAndMarketingExpenses": 0,
        "sellingGeneralAndAdministrativeExpenses": 9000000,
        "otherExpenses": -3000000,
        "operatingExpenses": 6000000,
        "costAndExpenses": 24500000,
        "interestIncome": 0,
        "interestExpense": 0,
        "depreciationAndAmortization": 600000,
        "ebitda": 2800000,
        "ebitdaratio": 0.1048689139,
        "operatingIncome": 2200000,
        "operatingIncomeRatio": 0.0823970037,
        "totalOtherIncomeExpensesNet": 500000,
        "incomeBeforeTax": 2700000,
        "incomeBeforeTaxRatio": 0.1011235955,
        "incomeTaxExpense": 1100000,
        "netIncome": 1600000,
        "netIncomeRatio": 0.0599250936,
        "eps": 0.14,
        "epsdiluted": 0.14,
        "weightedAverageShsOut": 11472264,
        "weightedAverageShsOutDil": 11472264,
        "link": "",
        "finalLink": ""
    },
    {
        "date": "1994-09-30",
        "symbol": "PAR",
        "reportedCurrency": "USD",
        "cik": "0000708821",
        "fillingDate": "1994-09-30",
        "acceptedDate": "1994-09-29 20:00:00",
        "calendarYear": "1994",
        "period": "Q3",
        "revenue": 23900000,
        "costOfRevenue": 16600000,
        "grossProfit": 7300000,
        "grossProfitRatio": 0.3054393305,
        "researchAndDevelopmentExpenses": 1200000,
        "generalAndAdministrativeExpenses": 0,
        "sellingAndMarketingExpenses": 0,
        "sellingGeneralAndAdministrativeExpenses": 3400000,
        "otherExpenses": 700000,
        "operatingExpenses": 5300000,
        "costAndExpenses": 21900000,
        "interestIncome": 0,
        "interestExpense": 0,
        "depreciationAndAmortization": 700000,
        "ebitda": 2700000,
        "ebitdaratio": 0.1129707113,
        "operatingIncome": 2000000,
        "operatingIncomeRatio": 0.0836820084,
        "totalOtherIncomeExpensesNet": -100000,
        "incomeBeforeTax": 1900000,
        "incomeBeforeTaxRatio": 0.0794979079,
        "incomeTaxExpense": 500000,
        "netIncome": 1400000,
        "netIncomeRatio": 0.0585774059,
        "eps": 0.08,
        "epsdiluted": 0.08,
        "weightedAverageShsOut": 11472264,
        "weightedAverageShsOutDil": 11472264,
        "link": "",
        "finalLink": ""
    },
    {
        "date": "1994-06-30",
        "symbol": "PAR",
        "reportedCurrency": "USD",
        "cik": "0000708821",
        "fillingDate": "1994-06-30",
        "acceptedDate": "1994-06-29 20:00:00",
        "calendarYear": "1994",
        "period": "Q2",
        "revenue": 23100000,
        "costOfRevenue": 16800000,
        "grossProfit": 6300000,
        "grossProfitRatio": 0.2727272727,
        "researchAndDevelopmentExpenses": 1200000,
        "generalAndAdministrativeExpenses": 0,
        "sellingAndMarketingExpenses": 0,
        "sellingGeneralAndAdministrativeExpenses": 3700000,
        "otherExpenses": 700000,
        "operatingExpenses": 5600000,
        "costAndExpenses": 22400000,
        "interestIncome": 0,
        "interestExpense": 0,
        "depreciationAndAmortization": 700000,
        "ebitda": 1400000,
        "ebitdaratio": 0.0606060606,
        "operatingIncome": 700000,
        "operatingIncomeRatio": 0.0303030303,
        "totalOtherIncomeExpensesNet": 100000,
        "incomeBeforeTax": 800000,
        "incomeBeforeTaxRatio": 0.0346320346,
        "incomeTaxExpense": 300000,
        "netIncome": 500000,
        "netIncomeRatio": 0.0216450216,
        "eps": 0.0267,
        "epsdiluted": 0.0267,
        "weightedAverageShsOut": 11458771,
        "weightedAverageShsOutDil": 11458771,
        "link": "",
        "finalLink": ""
    },
    {
        "date": "1994-03-31",
        "symbol": "PAR",
        "reportedCurrency": "USD",
        "cik": "0000708821",
        "fillingDate": "1994-03-31",
        "acceptedDate": "1994-03-30 19:00:00",
        "calendarYear": "1994",
        "period": "Q1",
        "revenue": 20800000,
        "costOfRevenue": 15100000,
        "grossProfit": 5700000,
        "grossProfitRatio": 0.2740384615,
        "researchAndDevelopmentExpenses": 1100000,
        "generalAndAdministrativeExpenses": 0,
        "sellingAndMarketingExpenses": 0,
        "sellingGeneralAndAdministrativeExpenses": 3500000,
        "otherExpenses": 700000,
        "operatingExpenses": 5300000,
        "costAndExpenses": 20400000,
        "interestIncome": 0,
        "interestExpense": 0,
        "depreciationAndAmortization": 700000,
        "ebitda": 1100000,
        "ebitdaratio": 0.0528846154,
        "operatingIncome": 400000,
        "operatingIncomeRatio": 0.0192307692,
        "totalOtherIncomeExpensesNet": -100000,
        "incomeBeforeTax": 300000,
        "incomeBeforeTaxRatio": 0.0144230769,
        "incomeTaxExpense": 100000,
        "netIncome": 200000,
        "netIncomeRatio": 0.0096153846,
        "eps": 0.0133,
        "epsdiluted": 0.0133,
        "weightedAverageShsOut": 11445277,
        "weightedAverageShsOutDil": 11445277,
        "link": "",
        "finalLink": ""
    },
    {
        "date": "1993-12-31",
        "symbol": "PAR",
        "reportedCurrency": "USD",
        "cik": "0000708821",
        "fillingDate": "1993-12-31",
        "acceptedDate": "1993-12-30 19:00:00",
        "calendarYear": "1993",
        "period": "Q4",
        "revenue": 26100000,
        "costOfRevenue": 17400000,
        "grossProfit": 8700000,
        "grossProfitRatio": 0.3333333333,
        "researchAndDevelopmentExpenses": 0,
        "generalAndAdministrativeExpenses": 0,
        "sellingAndMarketingExpenses": 0,
        "sellingGeneralAndAdministrativeExpenses": 4500000,
        "otherExpenses": 700000,
        "operatingExpenses": 5200000,
        "costAndExpenses": 22600000,
        "interestIncome": 0,
        "interestExpense": 0,
        "depreciationAndAmortization": 700000,
        "ebitda": 4200000,
        "ebitdaratio": 0.1609195402,
        "operatingIncome": 3500000,
        "operatingIncomeRatio": 0.1340996169,
        "totalOtherIncomeExpensesNet": 0,
        "incomeBeforeTax": 3500000,
        "incomeBeforeTaxRatio": 0.1340996169,
        "incomeTaxExpense": 1300000,
        "netIncome": 2200000,
        "netIncomeRatio": 0.0842911877,
        "eps": 0.19,
        "epsdiluted": 0.19,
        "weightedAverageShsOut": 11350825,
        "weightedAverageShsOutDil": 11350825,
        "link": "",
        "finalLink": ""
    },
    {
        "date": "1993-09-30",
        "symbol": "PAR",
        "reportedCurrency": "USD",
        "cik": "0000708821",
        "fillingDate": "1993-09-30",
        "acceptedDate": "1993-09-29 20:00:00",
        "calendarYear": "1993",
        "period": "Q3",
        "revenue": 21000000,
        "costOfRevenue": 14000000,
        "grossProfit": 7000000,
        "grossProfitRatio": 0.3333333333,
        "researchAndDevelopmentExpenses": 0,
        "generalAndAdministrativeExpenses": 0,
        "sellingAndMarketingExpenses": 0,
        "sellingGeneralAndAdministrativeExpenses": 4100000,
        "otherExpenses": 900000,
        "operatingExpenses": 5000000,
        "costAndExpenses": 19000000,
        "interestIncome": 0,
        "interestExpense": 0,
        "depreciationAndAmortization": 800000,
        "ebitda": 2700000,
        "ebitdaratio": 0.1285714286,
        "operatingIncome": 2000000,
        "operatingIncomeRatio": 0.0952380952,
        "totalOtherIncomeExpensesNet": 200000,
        "incomeBeforeTax": 2200000,
        "incomeBeforeTaxRatio": 0.1047619048,
        "incomeTaxExpense": 800000,
        "netIncome": 1400000,
        "netIncomeRatio": 0.0666666667,
        "eps": 0.0756,
        "epsdiluted": 0.0756,
        "weightedAverageShsOut": 11350825,
        "weightedAverageShsOutDil": 11350825,
        "link": "",
        "finalLink": ""
    },
    {
        "date": "1993-06-30",
        "symbol": "PAR",
        "reportedCurrency": "USD",
        "cik": "0000708821",
        "fillingDate": "1993-06-30",
        "acceptedDate": "1993-06-29 20:00:00",
        "calendarYear": "1993",
        "period": "Q2",
        "revenue": 19700000,
        "costOfRevenue": 14800000,
        "grossProfit": 4900000,
        "grossProfitRatio": 0.2487309645,
        "researchAndDevelopmentExpenses": 0,
        "generalAndAdministrativeExpenses": 0,
        "sellingAndMarketingExpenses": 0,
        "sellingGeneralAndAdministrativeExpenses": 3900000,
        "otherExpenses": 700000,
        "operatingExpenses": 4600000,
        "costAndExpenses": 19400000,
        "interestIncome": 0,
        "interestExpense": 0,
        "depreciationAndAmortization": 800000,
        "ebitda": 1100000,
        "ebitdaratio": 0.0558375635,
        "operatingIncome": 300000,
        "operatingIncomeRatio": 0.0152284264,
        "totalOtherIncomeExpensesNet": 0,
        "incomeBeforeTax": 300000,
        "incomeBeforeTaxRatio": 0.0152284264,
        "incomeTaxExpense": 100000,
        "netIncome": 200000,
        "netIncomeRatio": 0.0101522843,
        "eps": 0.0089,
        "epsdiluted": 0.0089,
        "weightedAverageShsOut": 11335832,
        "weightedAverageShsOutDil": 11335832,
        "link": "",
        "finalLink": ""
    },
    {
        "date": "1993-03-31",
        "symbol": "PAR",
        "reportedCurrency": "USD",
        "cik": "0000708821",
        "fillingDate": "1993-03-31",
        "acceptedDate": "1993-03-30 19:00:00",
        "calendarYear": "1993",
        "period": "Q1",
        "revenue": 14300000,
        "costOfRevenue": 11500000,
        "grossProfit": 2800000,
        "grossProfitRatio": 0.1958041958,
        "researchAndDevelopmentExpenses": 0,
        "generalAndAdministrativeExpenses": 0,
        "sellingAndMarketingExpenses": 0,
        "sellingGeneralAndAdministrativeExpenses": 4200000,
        "otherExpenses": 700000,
        "operatingExpenses": 4900000,
        "costAndExpenses": 16400000,
        "interestIncome": 0,
        "interestExpense": 0,
        "depreciationAndAmortization": 700000,
        "ebitda": -1400000,
        "ebitdaratio": -0.0979020979,
        "operatingIncome": -2100000,
        "operatingIncomeRatio": -0.1468531469,
        "totalOtherIncomeExpensesNet": 200000,
        "incomeBeforeTax": -1900000,
        "incomeBeforeTaxRatio": -0.1328671329,
        "incomeTaxExpense": -700000,
        "netIncome": -1200000,
        "netIncomeRatio": -0.0839160839,
        "eps": -0.11,
        "epsdiluted": -0.11,
        "weightedAverageShsOut": 11313343,
        "weightedAverageShsOutDil": 11313343,
        "link": "",
        "finalLink": ""
    },
    {
        "date": "1992-12-31",
        "symbol": "PAR",
        "reportedCurrency": "USD",
        "cik": "0000708821",
        "fillingDate": "1992-12-31",
        "acceptedDate": "1992-12-30 19:00:00",
        "calendarYear": "1992",
        "period": "Q4",
        "revenue": 20800000,
        "costOfRevenue": 14600000,
        "grossProfit": 6200000,
        "grossProfitRatio": 0.2980769231,
        "researchAndDevelopmentExpenses": 0,
        "generalAndAdministrativeExpenses": 0,
        "sellingAndMarketingExpenses": 0,
        "sellingGeneralAndAdministrativeExpenses": 4600000,
        "otherExpenses": 800000,
        "operatingExpenses": 5400000,
        "costAndExpenses": 20000000,
        "interestIncome": 0,
        "interestExpense": 0,
        "depreciationAndAmortization": 800000,
        "ebitda": 1600000,
        "ebitdaratio": 0.0769230769,
        "operatingIncome": 800000,
        "operatingIncomeRatio": 0.0384615385,
        "totalOtherIncomeExpensesNet": 100000,
        "incomeBeforeTax": 900000,
        "incomeBeforeTaxRatio": 0.0432692308,
        "incomeTaxExpense": 300000,
        "netIncome": 600000,
        "netIncomeRatio": 0.0288461538,
        "eps": 0.0533,
        "epsdiluted": 0.0533,
        "weightedAverageShsOut": 11256372,
        "weightedAverageShsOutDil": 11256372,
        "link": "",
        "finalLink": ""
    },
    {
        "date": "1992-09-30",
        "symbol": "PAR",
        "reportedCurrency": "USD",
        "cik": "0000708821",
        "fillingDate": "1992-09-30",
        "acceptedDate": "1992-09-29 20:00:00",
        "calendarYear": "1992",
        "period": "Q3",
        "revenue": 18600000,
        "costOfRevenue": 12500000,
        "grossProfit": 6100000,
        "grossProfitRatio": 0.3279569892,
        "researchAndDevelopmentExpenses": 0,
        "generalAndAdministrativeExpenses": 0,
        "sellingAndMarketingExpenses": 0,
        "sellingGeneralAndAdministrativeExpenses": 4200000,
        "otherExpenses": 800000,
        "operatingExpenses": 5000000,
        "costAndExpenses": 17500000,
        "interestIncome": 0,
        "interestExpense": 0,
        "depreciationAndAmortization": 800000,
        "ebitda": 1900000,
        "ebitdaratio": 0.1021505376,
        "operatingIncome": 1100000,
        "operatingIncomeRatio": 0.0591397849,
        "totalOtherIncomeExpensesNet": 200000,
        "incomeBeforeTax": 1300000,
        "incomeBeforeTaxRatio": 0.0698924731,
        "incomeTaxExpense": 500000,
        "netIncome": 800000,
        "netIncomeRatio": 0.0430107527,
        "eps": 0.0445,
        "epsdiluted": 0.0445,
        "weightedAverageShsOut": 11256372,
        "weightedAverageShsOutDil": 11256372,
        "link": "",
        "finalLink": ""
    },
    {
        "date": "1992-06-30",
        "symbol": "PAR",
        "reportedCurrency": "USD",
        "cik": "0000708821",
        "fillingDate": "1992-06-30",
        "acceptedDate": "1992-06-29 20:00:00",
        "calendarYear": "1992",
        "period": "Q2",
        "revenue": 17600000,
        "costOfRevenue": 11700000,
        "grossProfit": 5900000,
        "grossProfitRatio": 0.3352272727,
        "researchAndDevelopmentExpenses": 0,
        "generalAndAdministrativeExpenses": 0,
        "sellingAndMarketingExpenses": 0,
        "sellingGeneralAndAdministrativeExpenses": 4200000,
        "otherExpenses": 800000,
        "operatingExpenses": 5000000,
        "costAndExpenses": 16700000,
        "interestIncome": 0,
        "interestExpense": 0,
        "depreciationAndAmortization": 800000,
        "ebitda": 1700000,
        "ebitdaratio": 0.0965909091,
        "operatingIncome": 900000,
        "operatingIncomeRatio": 0.0511363636,
        "totalOtherIncomeExpensesNet": 100000,
        "incomeBeforeTax": 1000000,
        "incomeBeforeTaxRatio": 0.0568181818,
        "incomeTaxExpense": 400000,
        "netIncome": 600000,
        "netIncomeRatio": 0.0340909091,
        "eps": 0.0356,
        "epsdiluted": 0.0356,
        "weightedAverageShsOut": 11248876,
        "weightedAverageShsOutDil": 11248876,
        "link": "",
        "finalLink": ""
    },
    {
        "date": "1992-03-31",
        "symbol": "PAR",
        "reportedCurrency": "USD",
        "cik": "0000708821",
        "fillingDate": "1992-03-31",
        "acceptedDate": "1992-03-30 19:00:00",
        "calendarYear": "1992",
        "period": "Q1",
        "revenue": 16300000,
        "costOfRevenue": 11300000,
        "grossProfit": 5000000,
        "grossProfitRatio": 0.3067484663,
        "researchAndDevelopmentExpenses": 0,
        "generalAndAdministrativeExpenses": 0,
        "sellingAndMarketingExpenses": 0,
        "sellingGeneralAndAdministrativeExpenses": 3700000,
        "otherExpenses": 800000,
        "operatingExpenses": 4500000,
        "costAndExpenses": 15800000,
        "interestIncome": 0,
        "interestExpense": 0,
        "depreciationAndAmortization": 800000,
        "ebitda": 1300000,
        "ebitdaratio": 0.0797546012,
        "operatingIncome": 500000,
        "operatingIncomeRatio": 0.0306748466,
        "totalOtherIncomeExpensesNet": 0,
        "incomeBeforeTax": 500000,
        "incomeBeforeTaxRatio": 0.0306748466,
        "incomeTaxExpense": 200000,
        "netIncome": 300000,
        "netIncomeRatio": 0.018404908,
        "eps": 0.0178,
        "epsdiluted": 0.0178,
        "weightedAverageShsOut": 11179910,
        "weightedAverageShsOutDil": 11179910,
        "link": "",
        "finalLink": ""
    },
    {
        "date": "1991-12-31",
        "symbol": "PAR",
        "reportedCurrency": "USD",
        "cik": "0000708821",
        "fillingDate": "1991-12-31",
        "acceptedDate": "1991-12-30 19:00:00",
        "calendarYear": "1991",
        "period": "Q4",
        "revenue": 22300000,
        "costOfRevenue": 16400000,
        "grossProfit": 5900000,
        "grossProfitRatio": 0.264573991,
        "researchAndDevelopmentExpenses": 0,
        "generalAndAdministrativeExpenses": 0,
        "sellingAndMarketingExpenses": 0,
        "sellingGeneralAndAdministrativeExpenses": 4100000,
        "otherExpenses": 900000,
        "operatingExpenses": 5000000,
        "costAndExpenses": 21400000,
        "interestIncome": 0,
        "interestExpense": 0,
        "depreciationAndAmortization": 900000,
        "ebitda": 1800000,
        "ebitdaratio": 0.0807174888,
        "operatingIncome": 900000,
        "operatingIncomeRatio": 0.0403587444,
        "totalOtherIncomeExpensesNet": 100000,
        "incomeBeforeTax": 1000000,
        "incomeBeforeTaxRatio": 0.0448430493,
        "incomeTaxExpense": 400000,
        "netIncome": 600000,
        "netIncomeRatio": 0.0269058296,
        "eps": 0.054,
        "epsdiluted": 0.054,
        "weightedAverageShsOut": 11101949,
        "weightedAverageShsOutDil": 11101949,
        "link": "",
        "finalLink": ""
    },
    {
        "date": "1991-09-30",
        "symbol": "PAR",
        "reportedCurrency": "USD",
        "cik": "0000708821",
        "fillingDate": "1991-09-30",
        "acceptedDate": "1991-09-29 20:00:00",
        "calendarYear": "1991",
        "period": "Q3",
        "revenue": 20400000,
        "costOfRevenue": 14700000,
        "grossProfit": 5700000,
        "grossProfitRatio": 0.2794117647,
        "researchAndDevelopmentExpenses": 0,
        "generalAndAdministrativeExpenses": 0,
        "sellingAndMarketingExpenses": 0,
        "sellingGeneralAndAdministrativeExpenses": 4100000,
        "otherExpenses": 800000,
        "operatingExpenses": 4900000,
        "costAndExpenses": 19600000,
        "interestIncome": 0,
        "interestExpense": 0,
        "depreciationAndAmortization": 800000,
        "ebitda": 1600000,
        "ebitdaratio": 0.0784313725,
        "operatingIncome": 800000,
        "operatingIncomeRatio": 0.0392156863,
        "totalOtherIncomeExpensesNet": 0,
        "incomeBeforeTax": 800000,
        "incomeBeforeTaxRatio": 0.0392156863,
        "incomeTaxExpense": 400000,
        "netIncome": 400000,
        "netIncomeRatio": 0.0196078431,
        "eps": 0.0267,
        "epsdiluted": 0.0267,
        "weightedAverageShsOut": 11101949,
        "weightedAverageShsOutDil": 11101949,
        "link": "",
        "finalLink": ""
    },
    {
        "date": "1991-06-30",
        "symbol": "PAR",
        "reportedCurrency": "USD",
        "cik": "0000708821",
        "fillingDate": "1991-06-30",
        "acceptedDate": "1991-06-29 20:00:00",
        "calendarYear": "1991",
        "period": "Q2",
        "revenue": 18600000,
        "costOfRevenue": 13900000,
        "grossProfit": 4700000,
        "grossProfitRatio": 0.252688172,
        "researchAndDevelopmentExpenses": 0,
        "generalAndAdministrativeExpenses": 0,
        "sellingAndMarketingExpenses": 0,
        "sellingGeneralAndAdministrativeExpenses": 3500000,
        "otherExpenses": 800000,
        "operatingExpenses": 4300000,
        "costAndExpenses": 18200000,
        "interestIncome": 0,
        "interestExpense": 0,
        "depreciationAndAmortization": 800000,
        "ebitda": 1200000,
        "ebitdaratio": 0.064516129,
        "operatingIncome": 400000,
        "operatingIncomeRatio": 0.0215053763,
        "totalOtherIncomeExpensesNet": 0,
        "incomeBeforeTax": 400000,
        "incomeBeforeTaxRatio": 0.0215053763,
        "incomeTaxExpense": 100000,
        "netIncome": 300000,
        "netIncomeRatio": 0.0161290323,
        "eps": 0.0178,
        "epsdiluted": 0.0178,
        "weightedAverageShsOut": 11101949,
        "weightedAverageShsOutDil": 11101949,
        "link": "",
        "finalLink": ""
    },
    {
        "date": "1991-03-31",
        "symbol": "PAR",
        "reportedCurrency": "USD",
        "cik": "0000708821",
        "fillingDate": "1991-03-31",
        "acceptedDate": "1991-03-30 19:00:00",
        "calendarYear": "1991",
        "period": "Q1",
        "revenue": 17600000,
        "costOfRevenue": 13000000,
        "grossProfit": 4600000,
        "grossProfitRatio": 0.2613636364,
        "researchAndDevelopmentExpenses": 0,
        "generalAndAdministrativeExpenses": 0,
        "sellingAndMarketingExpenses": 0,
        "sellingGeneralAndAdministrativeExpenses": 3400000,
        "otherExpenses": 800000,
        "operatingExpenses": 4200000,
        "costAndExpenses": 17200000,
        "interestIncome": 0,
        "interestExpense": 0,
        "depreciationAndAmortization": 800000,
        "ebitda": 1200000,
        "ebitdaratio": 0.0681818182,
        "operatingIncome": 400000,
        "operatingIncomeRatio": 0.0227272727,
        "totalOtherIncomeExpensesNet": -100000,
        "incomeBeforeTax": 300000,
        "incomeBeforeTaxRatio": 0.0170454545,
        "incomeTaxExpense": 100000,
        "netIncome": 200000,
        "netIncomeRatio": 0.0113636364,
        "eps": 0.0089,
        "epsdiluted": 0.0089,
        "weightedAverageShsOut": 11143928,
        "weightedAverageShsOutDil": 11143928,
        "link": "",
        "finalLink": ""
    },
    {
        "date": "1990-12-31",
        "symbol": "PAR",
        "reportedCurrency": "USD",
        "cik": "0000708821",
        "fillingDate": "1990-12-31",
        "acceptedDate": "1990-12-30 19:00:00",
        "calendarYear": "1990",
        "period": "Q4",
        "revenue": 24600000,
        "costOfRevenue": 0,
        "grossProfit": 24600000,
        "grossProfitRatio": 1,
        "researchAndDevelopmentExpenses": 0,
        "generalAndAdministrativeExpenses": 0,
        "sellingAndMarketingExpenses": 0,
        "sellingGeneralAndAdministrativeExpenses": -124700000,
        "otherExpenses": 24600000,
        "operatingExpenses": -100100000,
        "costAndExpenses": 24600000,
        "interestIncome": 0,
        "interestExpense": 0,
        "depreciationAndAmortization": 0,
        "ebitda": -75500000,
        "ebitdaratio": -3.0691056911,
        "operatingIncome": -75500000,
        "operatingIncomeRatio": -3.0691056911,
        "totalOtherIncomeExpensesNet": 75500000,
        "incomeBeforeTax": 0,
        "incomeBeforeTaxRatio": 0,
        "incomeTaxExpense": -300000,
        "netIncome": 300000,
        "netIncomeRatio": 0.012195122,
        "eps": 0.0270222823,
        "epsdiluted": 0.0265737059,
        "weightedAverageShsOut": 11101949,
        "weightedAverageShsOutDil": 11289355,
        "link": "",
        "finalLink": ""
    },
    {
        "date": "1990-09-30",
        "symbol": "PAR",
        "reportedCurrency": "USD",
        "cik": "0000708821",
        "fillingDate": "1990-09-30",
        "acceptedDate": "1990-09-29 20:00:00",
        "calendarYear": "1990",
        "period": "Q3",
        "revenue": 20200000,
        "costOfRevenue": 0,
        "grossProfit": 20200000,
        "grossProfitRatio": 1,
        "researchAndDevelopmentExpenses": 0,
        "generalAndAdministrativeExpenses": 0,
        "sellingAndMarketingExpenses": 0,
        "sellingGeneralAndAdministrativeExpenses": 20200000,
        "otherExpenses": 0,
        "operatingExpenses": 20200000,
        "costAndExpenses": 0,
        "interestIncome": 0,
        "interestExpense": 0,
        "depreciationAndAmortization": 0,
        "ebitda": 20200000,
        "ebitdaratio": 1,
        "operatingIncome": 20200000,
        "operatingIncomeRatio": 1,
        "totalOtherIncomeExpensesNet": -20200000,
        "incomeBeforeTax": 0,
        "incomeBeforeTaxRatio": 0,
        "incomeTaxExpense": 8800000,
        "netIncome": -8800000,
        "netIncomeRatio": -0.4356435644,
        "eps": -0.52,
        "epsdiluted": -0.52,
        "weightedAverageShsOut": 11289355,
        "weightedAverageShsOutDil": 11289355,
        "link": "",
        "finalLink": ""
    },
    {
        "date": "1990-06-30",
        "symbol": "PAR",
        "reportedCurrency": "USD",
        "cik": "0000708821",
        "fillingDate": "1990-06-30",
        "acceptedDate": "1990-06-29 20:00:00",
        "calendarYear": "1990",
        "period": "Q2",
        "revenue": 21500000,
        "costOfRevenue": 0,
        "grossProfit": 21500000,
        "grossProfitRatio": 1,
        "researchAndDevelopmentExpenses": 0,
        "generalAndAdministrativeExpenses": 0,
        "sellingAndMarketingExpenses": 0,
        "sellingGeneralAndAdministrativeExpenses": 21500000,
        "otherExpenses": 0,
        "operatingExpenses": 21500000,
        "costAndExpenses": 0,
        "interestIncome": 0,
        "interestExpense": 0,
        "depreciationAndAmortization": 0,
        "ebitda": 21500000,
        "ebitdaratio": 1,
        "operatingIncome": 21500000,
        "operatingIncomeRatio": 1,
        "totalOtherIncomeExpensesNet": -21500000,
        "incomeBeforeTax": 0,
        "incomeBeforeTaxRatio": 0,
        "incomeTaxExpense": -100000,
        "netIncome": 100000,
        "netIncomeRatio": 0.0046511628,
        "eps": 0.0044,
        "epsdiluted": 0.0044,
        "weightedAverageShsOut": 11317841,
        "weightedAverageShsOutDil": 11317841,
        "link": "",
        "finalLink": ""
    },
    {
        "date": "1990-03-31",
        "symbol": "PAR",
        "reportedCurrency": "USD",
        "cik": "0000708821",
        "fillingDate": "1990-03-31",
        "acceptedDate": "1990-03-30 19:00:00",
        "calendarYear": "1990",
        "period": "Q1",
        "revenue": 22000000,
        "costOfRevenue": 0,
        "grossProfit": 22000000,
        "grossProfitRatio": 1,
        "researchAndDevelopmentExpenses": 0,
        "generalAndAdministrativeExpenses": 0,
        "sellingAndMarketingExpenses": 0,
        "sellingGeneralAndAdministrativeExpenses": 22000000,
        "otherExpenses": 0,
        "operatingExpenses": 22000000,
        "costAndExpenses": 0,
        "interestIncome": 0,
        "interestExpense": 0,
        "depreciationAndAmortization": 0,
        "ebitda": 22000000,
        "ebitdaratio": 1,
        "operatingIncome": 22000000,
        "operatingIncomeRatio": 1,
        "totalOtherIncomeExpensesNet": -22000000,
        "incomeBeforeTax": 0,
        "incomeBeforeTaxRatio": 0,
        "incomeTaxExpense": 0,
        "netIncome": 0,
        "netIncomeRatio": 0,
        "eps": 0,
        "epsdiluted": 0,
        "weightedAverageShsOut": 11317841,
        "weightedAverageShsOutDil": 11317841,
        "link": "",
        "finalLink": ""
    },
    {
        "date": "1989-12-31",
        "symbol": "PAR",
        "reportedCurrency": "USD",
        "cik": "0000708821",
        "fillingDate": "1989-12-31",
        "acceptedDate": "1989-12-30 19:00:00",
        "calendarYear": "1989",
        "period": "Q4",
        "revenue": 29000000,
        "costOfRevenue": 0,
        "grossProfit": 29000000,
        "grossProfitRatio": 1,
        "researchAndDevelopmentExpenses": 0,
        "generalAndAdministrativeExpenses": 0,
        "sellingAndMarketingExpenses": 0,
        "sellingGeneralAndAdministrativeExpenses": -118700000,
        "otherExpenses": 29000000,
        "operatingExpenses": -89700000,
        "costAndExpenses": 29000000,
        "interestIncome": 0,
        "interestExpense": 0,
        "depreciationAndAmortization": 0,
        "ebitda": -60700000,
        "ebitdaratio": -2.0931034483,
        "operatingIncome": -60700000,
        "operatingIncomeRatio": -2.0931034483,
        "totalOtherIncomeExpensesNet": 60700000,
        "incomeBeforeTax": 0,
        "incomeBeforeTaxRatio": 0,
        "incomeTaxExpense": -400000,
        "netIncome": 400000,
        "netIncomeRatio": 0.0137931034,
        "eps": 0.0342930589,
        "epsdiluted": 0.0342930589,
        "weightedAverageShsOut": 11664168,
        "weightedAverageShsOutDil": 11664168,
        "link": "",
        "finalLink": ""
    },
    {
        "date": "1989-09-30",
        "symbol": "PAR",
        "reportedCurrency": "USD",
        "cik": "0000708821",
        "fillingDate": "1989-09-30",
        "acceptedDate": "1989-09-29 20:00:00",
        "calendarYear": "1989",
        "period": "Q3",
        "revenue": 21100000,
        "costOfRevenue": 0,
        "grossProfit": 21100000,
        "grossProfitRatio": 1,
        "researchAndDevelopmentExpenses": 0,
        "generalAndAdministrativeExpenses": 0,
        "sellingAndMarketingExpenses": 0,
        "sellingGeneralAndAdministrativeExpenses": 21100000,
        "otherExpenses": 0,
        "operatingExpenses": 21100000,
        "costAndExpenses": 0,
        "interestIncome": 0,
        "interestExpense": 0,
        "depreciationAndAmortization": 0,
        "ebitda": 21100000,
        "ebitdaratio": 1,
        "operatingIncome": 21100000,
        "operatingIncomeRatio": 1,
        "totalOtherIncomeExpensesNet": -21100000,
        "incomeBeforeTax": 0,
        "incomeBeforeTaxRatio": 0,
        "incomeTaxExpense": -500000,
        "netIncome": 500000,
        "netIncomeRatio": 0.0236966825,
        "eps": 0.0267,
        "epsdiluted": 0.0267,
        "weightedAverageShsOut": 11664168,
        "weightedAverageShsOutDil": 11664168,
        "link": "",
        "finalLink": ""
    },
    {
        "date": "1989-06-30",
        "symbol": "PAR",
        "reportedCurrency": "USD",
        "cik": "0000708821",
        "fillingDate": "1989-06-30",
        "acceptedDate": "1989-06-29 20:00:00",
        "calendarYear": "1989",
        "period": "Q2",
        "revenue": 22300000,
        "costOfRevenue": 0,
        "grossProfit": 22300000,
        "grossProfitRatio": 1,
        "researchAndDevelopmentExpenses": 0,
        "generalAndAdministrativeExpenses": 0,
        "sellingAndMarketingExpenses": 0,
        "sellingGeneralAndAdministrativeExpenses": 22300000,
        "otherExpenses": 0,
        "operatingExpenses": 22300000,
        "costAndExpenses": 0,
        "interestIncome": 0,
        "interestExpense": 0,
        "depreciationAndAmortization": 0,
        "ebitda": 22300000,
        "ebitdaratio": 1,
        "operatingIncome": 22300000,
        "operatingIncomeRatio": 1,
        "totalOtherIncomeExpensesNet": -22300000,
        "incomeBeforeTax": 0,
        "incomeBeforeTaxRatio": 0,
        "incomeTaxExpense": -900000,
        "netIncome": 900000,
        "netIncomeRatio": 0.0403587444,
        "eps": 0.0489,
        "epsdiluted": 0.0489,
        "weightedAverageShsOut": 11658171,
        "weightedAverageShsOutDil": 11658171,
        "link": "",
        "finalLink": ""
    },
    {
        "date": "1989-03-31",
        "symbol": "PAR",
        "reportedCurrency": "USD",
        "cik": "0000708821",
        "fillingDate": "1989-03-31",
        "acceptedDate": "1989-03-30 19:00:00",
        "calendarYear": "1989",
        "period": "Q1",
        "revenue": 20100000,
        "costOfRevenue": 0,
        "grossProfit": 20100000,
        "grossProfitRatio": 1,
        "researchAndDevelopmentExpenses": 0,
        "generalAndAdministrativeExpenses": 0,
        "sellingAndMarketingExpenses": 0,
        "sellingGeneralAndAdministrativeExpenses": 20100000,
        "otherExpenses": 0,
        "operatingExpenses": 20100000,
        "costAndExpenses": 0,
        "interestIncome": 0,
        "interestExpense": 0,
        "depreciationAndAmortization": 0,
        "ebitda": 20100000,
        "ebitdaratio": 1,
        "operatingIncome": 20100000,
        "operatingIncomeRatio": 1,
        "totalOtherIncomeExpensesNet": -20100000,
        "incomeBeforeTax": 0,
        "incomeBeforeTaxRatio": 0,
        "incomeTaxExpense": -300000,
        "netIncome": 300000,
        "netIncomeRatio": 0.0149253731,
        "eps": 0.0044,
        "epsdiluted": 0.0044,
        "weightedAverageShsOut": 11649175,
        "weightedAverageShsOutDil": 11649175,
        "link": "",
        "finalLink": ""
    },
    {
        "date": "1988-12-31",
        "symbol": "PAR",
        "reportedCurrency": "USD",
        "cik": "0000708821",
        "fillingDate": "1988-12-31",
        "acceptedDate": "1988-12-30 19:00:00",
        "calendarYear": "1988",
        "period": "Q4",
        "revenue": 23100000,
        "costOfRevenue": 0,
        "grossProfit": 23100000,
        "grossProfitRatio": 1,
        "researchAndDevelopmentExpenses": 0,
        "generalAndAdministrativeExpenses": 0,
        "sellingAndMarketingExpenses": 0,
        "sellingGeneralAndAdministrativeExpenses": -100300000,
        "otherExpenses": 23100000,
        "operatingExpenses": -77200000,
        "costAndExpenses": 23100000,
        "interestIncome": 0,
        "interestExpense": 0,
        "depreciationAndAmortization": 0,
        "ebitda": -54100000,
        "ebitdaratio": -2.341991342,
        "operatingIncome": -54100000,
        "operatingIncomeRatio": -2.341991342,
        "totalOtherIncomeExpensesNet": 54100000,
        "incomeBeforeTax": 0,
        "incomeBeforeTaxRatio": 0,
        "incomeTaxExpense": -200000,
        "netIncome": 200000,
        "netIncomeRatio": 0.0086580087,
        "eps": 0.017235142,
        "epsdiluted": 0.017235142,
        "weightedAverageShsOut": 11604198,
        "weightedAverageShsOutDil": 11604198,
        "link": "",
        "finalLink": ""
    },
    {
        "date": "1988-09-30",
        "symbol": "PAR",
        "reportedCurrency": "USD",
        "cik": "0000708821",
        "fillingDate": "1988-09-30",
        "acceptedDate": "1988-09-29 20:00:00",
        "calendarYear": "1988",
        "period": "Q3",
        "revenue": 21100000,
        "costOfRevenue": 0,
        "grossProfit": 21100000,
        "grossProfitRatio": 1,
        "researchAndDevelopmentExpenses": 0,
        "generalAndAdministrativeExpenses": 0,
        "sellingAndMarketingExpenses": 0,
        "sellingGeneralAndAdministrativeExpenses": 21100000,
        "otherExpenses": 0,
        "operatingExpenses": 21100000,
        "costAndExpenses": 0,
        "interestIncome": 0,
        "interestExpense": 0,
        "depreciationAndAmortization": 0,
        "ebitda": 21100000,
        "ebitdaratio": 1,
        "operatingIncome": 21100000,
        "operatingIncomeRatio": 1,
        "totalOtherIncomeExpensesNet": -21100000,
        "incomeBeforeTax": 0,
        "incomeBeforeTaxRatio": 0,
        "incomeTaxExpense": -500000,
        "netIncome": 500000,
        "netIncomeRatio": 0.0236966825,
        "eps": 0.0267,
        "epsdiluted": 0.0267,
        "weightedAverageShsOut": 11604198,
        "weightedAverageShsOutDil": 11604198,
        "link": "",
        "finalLink": ""
    },
    {
        "date": "1988-06-30",
        "symbol": "PAR",
        "reportedCurrency": "USD",
        "cik": "0000708821",
        "fillingDate": "1988-06-30",
        "acceptedDate": "1988-06-29 20:00:00",
        "calendarYear": "1988",
        "period": "Q2",
        "revenue": 16900000,
        "costOfRevenue": 0,
        "grossProfit": 16900000,
        "grossProfitRatio": 1,
        "researchAndDevelopmentExpenses": 0,
        "generalAndAdministrativeExpenses": 0,
        "sellingAndMarketingExpenses": 0,
        "sellingGeneralAndAdministrativeExpenses": 16900000,
        "otherExpenses": 0,
        "operatingExpenses": 16900000,
        "costAndExpenses": 0,
        "interestIncome": 0,
        "interestExpense": 0,
        "depreciationAndAmortization": 0,
        "ebitda": 16900000,
        "ebitdaratio": 1,
        "operatingIncome": 16900000,
        "operatingIncomeRatio": 1,
        "totalOtherIncomeExpensesNet": -16900000,
        "incomeBeforeTax": 0,
        "incomeBeforeTaxRatio": 0,
        "incomeTaxExpense": -300000,
        "netIncome": 300000,
        "netIncomeRatio": 0.0177514793,
        "eps": 0.0178,
        "epsdiluted": 0.0178,
        "weightedAverageShsOut": 11589205,
        "weightedAverageShsOutDil": 11589205,
        "link": "",
        "finalLink": ""
    },
    {
        "date": "1988-03-31",
        "symbol": "PAR",
        "reportedCurrency": "USD",
        "cik": "0000708821",
        "fillingDate": "1988-03-31",
        "acceptedDate": "1988-03-30 19:00:00",
        "calendarYear": "1988",
        "period": "Q1",
        "revenue": 17500000,
        "costOfRevenue": 0,
        "grossProfit": 17500000,
        "grossProfitRatio": 1,
        "researchAndDevelopmentExpenses": 0,
        "generalAndAdministrativeExpenses": 0,
        "sellingAndMarketingExpenses": 0,
        "sellingGeneralAndAdministrativeExpenses": 17500000,
        "otherExpenses": 0,
        "operatingExpenses": 17500000,
        "costAndExpenses": 0,
        "interestIncome": 0,
        "interestExpense": 0,
        "depreciationAndAmortization": 0,
        "ebitda": 17500000,
        "ebitdaratio": 1,
        "operatingIncome": 17500000,
        "operatingIncomeRatio": 1,
        "totalOtherIncomeExpensesNet": -17500000,
        "incomeBeforeTax": 0,
        "incomeBeforeTaxRatio": 0,
        "incomeTaxExpense": -100000,
        "netIncome": 100000,
        "netIncomeRatio": 0.0057142857,
        "eps": 0.0089,
        "epsdiluted": 0.0089,
        "weightedAverageShsOut": 11589205,
        "weightedAverageShsOutDil": 11589205,
        "link": "",
        "finalLink": ""
    },
    {
        "date": "1987-12-31",
        "symbol": "PAR",
        "reportedCurrency": "USD",
        "cik": "0000708821",
        "fillingDate": "1987-12-31",
        "acceptedDate": "1987-12-30 19:00:00",
        "calendarYear": "1987",
        "period": "Q4",
        "revenue": 16000000,
        "costOfRevenue": 0,
        "grossProfit": 16000000,
        "grossProfitRatio": 1,
        "researchAndDevelopmentExpenses": 0,
        "generalAndAdministrativeExpenses": 0,
        "sellingAndMarketingExpenses": 0,
        "sellingGeneralAndAdministrativeExpenses": -78300000,
        "otherExpenses": 16000000,
        "operatingExpenses": -62300000,
        "costAndExpenses": 16000000,
        "interestIncome": 0,
        "interestExpense": 0,
        "depreciationAndAmortization": 0,
        "ebitda": -46300000,
        "ebitdaratio": -2.89375,
        "operatingIncome": -46300000,
        "operatingIncomeRatio": -2.89375,
        "totalOtherIncomeExpensesNet": 46300000,
        "incomeBeforeTax": 0,
        "incomeBeforeTaxRatio": 0,
        "incomeTaxExpense": 1800000,
        "netIncome": -1800000,
        "netIncomeRatio": -0.1125,
        "eps": -0.1553973649,
        "epsdiluted": -0.1553973649,
        "weightedAverageShsOut": 11583208,
        "weightedAverageShsOutDil": 11583208,
        "link": "",
        "finalLink": ""
    },
    {
        "date": "1987-09-30",
        "symbol": "PAR",
        "reportedCurrency": "USD",
        "cik": "0000708821",
        "fillingDate": "1987-09-30",
        "acceptedDate": "1987-09-29 20:00:00",
        "calendarYear": "1987",
        "period": "Q3",
        "revenue": 12100000,
        "costOfRevenue": 0,
        "grossProfit": 12100000,
        "grossProfitRatio": 1,
        "researchAndDevelopmentExpenses": 0,
        "generalAndAdministrativeExpenses": 0,
        "sellingAndMarketingExpenses": 0,
        "sellingGeneralAndAdministrativeExpenses": 12100000,
        "otherExpenses": 0,
        "operatingExpenses": 12100000,
        "costAndExpenses": 0,
        "interestIncome": 0,
        "interestExpense": 0,
        "depreciationAndAmortization": 0,
        "ebitda": 12100000,
        "ebitdaratio": 1,
        "operatingIncome": 12100000,
        "operatingIncomeRatio": 1,
        "totalOtherIncomeExpensesNet": -12100000,
        "incomeBeforeTax": 0,
        "incomeBeforeTaxRatio": 0,
        "incomeTaxExpense": 1300000,
        "netIncome": -1300000,
        "netIncomeRatio": -0.1074380165,
        "eps": -0.0711,
        "epsdiluted": -0.0711,
        "weightedAverageShsOut": 11583208,
        "weightedAverageShsOutDil": 11583208,
        "link": "",
        "finalLink": ""
    },
    {
        "date": "1987-06-30",
        "symbol": "PAR",
        "reportedCurrency": "USD",
        "cik": "0000708821",
        "fillingDate": "1987-06-30",
        "acceptedDate": "1987-06-29 20:00:00",
        "calendarYear": "1987",
        "period": "Q2",
        "revenue": 14300000,
        "costOfRevenue": 0,
        "grossProfit": 14300000,
        "grossProfitRatio": 1,
        "researchAndDevelopmentExpenses": 0,
        "generalAndAdministrativeExpenses": 0,
        "sellingAndMarketingExpenses": 0,
        "sellingGeneralAndAdministrativeExpenses": 14300000,
        "otherExpenses": 0,
        "operatingExpenses": 14300000,
        "costAndExpenses": 0,
        "interestIncome": 0,
        "interestExpense": 0,
        "depreciationAndAmortization": 0,
        "ebitda": 14300000,
        "ebitdaratio": 1,
        "operatingIncome": 14300000,
        "operatingIncomeRatio": 1,
        "totalOtherIncomeExpensesNet": -14300000,
        "incomeBeforeTax": 0,
        "incomeBeforeTaxRatio": 0,
        "incomeTaxExpense": -200000,
        "netIncome": 200000,
        "netIncomeRatio": 0.013986014,
        "eps": 0.0089,
        "epsdiluted": 0.0089,
        "weightedAverageShsOut": 11581709,
        "weightedAverageShsOutDil": 11581709,
        "link": "",
        "finalLink": ""
    },
    {
        "date": "1987-03-31",
        "symbol": "PAR",
        "reportedCurrency": "USD",
        "cik": "0000708821",
        "fillingDate": "1987-03-31",
        "acceptedDate": "1987-03-30 19:00:00",
        "calendarYear": "1987",
        "period": "Q1",
        "revenue": 14900000,
        "costOfRevenue": 0,
        "grossProfit": 14900000,
        "grossProfitRatio": 1,
        "researchAndDevelopmentExpenses": 0,
        "generalAndAdministrativeExpenses": 0,
        "sellingAndMarketingExpenses": 0,
        "sellingGeneralAndAdministrativeExpenses": 14900000,
        "otherExpenses": 0,
        "operatingExpenses": 14900000,
        "costAndExpenses": 0,
        "interestIncome": 0,
        "interestExpense": 0,
        "depreciationAndAmortization": 0,
        "ebitda": 14900000,
        "ebitdaratio": 1,
        "operatingIncome": 14900000,
        "operatingIncomeRatio": 1,
        "totalOtherIncomeExpensesNet": -14900000,
        "incomeBeforeTax": 0,
        "incomeBeforeTaxRatio": 0,
        "incomeTaxExpense": -500000,
        "netIncome": 500000,
        "netIncomeRatio": 0.033557047,
        "eps": 0.0267,
        "epsdiluted": 0.0267,
        "weightedAverageShsOut": 11581709,
        "weightedAverageShsOutDil": 11581709,
        "link": "",
        "finalLink": ""
    },
    {
        "date": "1986-12-31",
        "symbol": "PAR",
        "reportedCurrency": "USD",
        "cik": "0000708821",
        "fillingDate": "1986-12-31",
        "acceptedDate": "1986-12-30 19:00:00",
        "calendarYear": "1986",
        "period": "Q4",
        "revenue": 18800000,
        "costOfRevenue": 0,
        "grossProfit": 18800000,
        "grossProfitRatio": 1,
        "researchAndDevelopmentExpenses": 0,
        "generalAndAdministrativeExpenses": 0,
        "sellingAndMarketingExpenses": 0,
        "sellingGeneralAndAdministrativeExpenses": -82700000,
        "otherExpenses": 18800000,
        "operatingExpenses": -63900000,
        "costAndExpenses": 18800000,
        "interestIncome": 0,
        "interestExpense": 0,
        "depreciationAndAmortization": 0,
        "ebitda": -45100000,
        "ebitdaratio": -2.3989361702,
        "operatingIncome": -45100000,
        "operatingIncomeRatio": -2.3989361702,
        "totalOtherIncomeExpensesNet": 45100000,
        "incomeBeforeTax": 0,
        "incomeBeforeTaxRatio": 0,
        "incomeTaxExpense": -600000,
        "netIncome": 600000,
        "netIncomeRatio": 0.0319148936,
        "eps": 0.0518460925,
        "epsdiluted": 0.0518460925,
        "weightedAverageShsOut": 11572714,
        "weightedAverageShsOutDil": 11572714,
        "link": "",
        "finalLink": ""
    },
    {
        "date": "1986-09-30",
        "symbol": "PAR",
        "reportedCurrency": "USD",
        "cik": "0000708821",
        "fillingDate": "1986-09-30",
        "acceptedDate": "1986-09-29 20:00:00",
        "calendarYear": "1986",
        "period": "Q3",
        "revenue": 22200000,
        "costOfRevenue": 0,
        "grossProfit": 22200000,
        "grossProfitRatio": 1,
        "researchAndDevelopmentExpenses": 0,
        "generalAndAdministrativeExpenses": 0,
        "sellingAndMarketingExpenses": 0,
        "sellingGeneralAndAdministrativeExpenses": 22200000,
        "otherExpenses": 0,
        "operatingExpenses": 22200000,
        "costAndExpenses": 0,
        "interestIncome": 0,
        "interestExpense": 0,
        "depreciationAndAmortization": 0,
        "ebitda": 22200000,
        "ebitdaratio": 1,
        "operatingIncome": 22200000,
        "operatingIncomeRatio": 1,
        "totalOtherIncomeExpensesNet": -22200000,
        "incomeBeforeTax": 0,
        "incomeBeforeTaxRatio": 0,
        "incomeTaxExpense": -2900000,
        "netIncome": 2900000,
        "netIncomeRatio": 0.1306306306,
        "eps": 0.16,
        "epsdiluted": 0.16,
        "weightedAverageShsOut": 11572714,
        "weightedAverageShsOutDil": 11572714,
        "link": "",
        "finalLink": ""
    },
    {
        "date": "1986-06-30",
        "symbol": "PAR",
        "reportedCurrency": "USD",
        "cik": "0000708821",
        "fillingDate": "1986-06-30",
        "acceptedDate": "1986-06-29 20:00:00",
        "calendarYear": "1986",
        "period": "Q2",
        "revenue": 16200000,
        "costOfRevenue": 0,
        "grossProfit": 16200000,
        "grossProfitRatio": 1,
        "researchAndDevelopmentExpenses": 0,
        "generalAndAdministrativeExpenses": 0,
        "sellingAndMarketingExpenses": 0,
        "sellingGeneralAndAdministrativeExpenses": 16200000,
        "otherExpenses": 0,
        "operatingExpenses": 16200000,
        "costAndExpenses": 0,
        "interestIncome": 0,
        "interestExpense": 0,
        "depreciationAndAmortization": 0,
        "ebitda": 16200000,
        "ebitdaratio": 1,
        "operatingIncome": 16200000,
        "operatingIncomeRatio": 1,
        "totalOtherIncomeExpensesNet": -16200000,
        "incomeBeforeTax": 0,
        "incomeBeforeTaxRatio": 0,
        "incomeTaxExpense": -1200000,
        "netIncome": 1200000,
        "netIncomeRatio": 0.0740740741,
        "eps": 0.0667,
        "epsdiluted": 0.0667,
        "weightedAverageShsOut": 11545727,
        "weightedAverageShsOutDil": 11545727,
        "link": "",
        "finalLink": ""
    },
    {
        "date": "1986-03-31",
        "symbol": "PAR",
        "reportedCurrency": "USD",
        "cik": "0000708821",
        "fillingDate": "1986-03-31",
        "acceptedDate": "1986-03-30 19:00:00",
        "calendarYear": "1986",
        "period": "Q1",
        "revenue": 15400000,
        "costOfRevenue": 0,
        "grossProfit": 15400000,
        "grossProfitRatio": 1,
        "researchAndDevelopmentExpenses": 0,
        "generalAndAdministrativeExpenses": 0,
        "sellingAndMarketingExpenses": 0,
        "sellingGeneralAndAdministrativeExpenses": 15400000,
        "otherExpenses": 0,
        "operatingExpenses": 15400000,
        "costAndExpenses": 0,
        "interestIncome": 0,
        "interestExpense": 0,
        "depreciationAndAmortization": 0,
        "ebitda": 15400000,
        "ebitdaratio": 1,
        "operatingIncome": 15400000,
        "operatingIncomeRatio": 1,
        "totalOtherIncomeExpensesNet": -15400000,
        "incomeBeforeTax": 0,
        "incomeBeforeTaxRatio": 0,
        "incomeTaxExpense": -900000,
        "netIncome": 900000,
        "netIncomeRatio": 0.0584415584,
        "eps": 0.0534,
        "epsdiluted": 0.0534,
        "weightedAverageShsOut": 11476762,
        "weightedAverageShsOutDil": 11476762,
        "link": "",
        "finalLink": ""
    },
    {
        "date": "1985-12-31",
        "symbol": "PAR",
        "reportedCurrency": "USD",
        "cik": "0000708821",
        "fillingDate": "1985-12-31",
        "acceptedDate": "1985-12-30 19:00:00",
        "calendarYear": "1985",
        "period": "Q4",
        "revenue": 20400000,
        "costOfRevenue": 0,
        "grossProfit": 20400000,
        "grossProfitRatio": 1,
        "researchAndDevelopmentExpenses": 0,
        "generalAndAdministrativeExpenses": 0,
        "sellingAndMarketingExpenses": 0,
        "sellingGeneralAndAdministrativeExpenses": -78500000,
        "otherExpenses": 20400000,
        "operatingExpenses": -58100000,
        "costAndExpenses": 20400000,
        "interestIncome": 0,
        "interestExpense": 0,
        "depreciationAndAmortization": 0,
        "ebitda": -37700000,
        "ebitdaratio": -1.8480392157,
        "operatingIncome": -37700000,
        "operatingIncomeRatio": -1.8480392157,
        "totalOtherIncomeExpensesNet": 37700000,
        "incomeBeforeTax": 0,
        "incomeBeforeTaxRatio": 0,
        "incomeTaxExpense": -2300000,
        "netIncome": 2300000,
        "netIncomeRatio": 0.112745098,
        "eps": 0.2005097306,
        "epsdiluted": 0.2005097306,
        "weightedAverageShsOut": 11470765,
        "weightedAverageShsOutDil": 11470765,
        "link": "",
        "finalLink": ""
    },
    {
        "date": "1985-09-30",
        "symbol": "PAR",
        "reportedCurrency": "USD",
        "cik": "0000708821",
        "fillingDate": "1985-09-30",
        "acceptedDate": "1985-09-29 20:00:00",
        "calendarYear": "1985",
        "period": "Q3",
        "revenue": 18500000,
        "costOfRevenue": 0,
        "grossProfit": 18500000,
        "grossProfitRatio": 1,
        "researchAndDevelopmentExpenses": 0,
        "generalAndAdministrativeExpenses": 0,
        "sellingAndMarketingExpenses": 0,
        "sellingGeneralAndAdministrativeExpenses": 18500000,
        "otherExpenses": 0,
        "operatingExpenses": 18500000,
        "costAndExpenses": 0,
        "interestIncome": 0,
        "interestExpense": 0,
        "depreciationAndAmortization": 0,
        "ebitda": 18500000,
        "ebitdaratio": 1,
        "operatingIncome": 18500000,
        "operatingIncomeRatio": 1,
        "totalOtherIncomeExpensesNet": -18500000,
        "incomeBeforeTax": 0,
        "incomeBeforeTaxRatio": 0,
        "incomeTaxExpense": -2200000,
        "netIncome": 2200000,
        "netIncomeRatio": 0.1189189189,
        "eps": 0.13,
        "epsdiluted": 0.13,
        "weightedAverageShsOut": 11470765,
        "weightedAverageShsOutDil": 11470765,
        "link": "",
        "finalLink": ""
    }
]