[
    {
        "date": "2025-09-30",
        "symbol": "PBI",
        "reportedCurrency": "USD",
        "cik": "0000078814",
        "fillingDate": "2025-10-30",
        "acceptedDate": "2025-10-30 09:06:09",
        "calendarYear": "2025",
        "period": "Q3",
        "revenue": 459675000,
        "costOfRevenue": 200688000,
        "grossProfit": 258987000,
        "grossProfitRatio": 0.5634132811,
        "researchAndDevelopmentExpenses": 3409000,
        "generalAndAdministrativeExpenses": 0,
        "sellingAndMarketingExpenses": 0,
        "sellingGeneralAndAdministrativeExpenses": 144154000,
        "otherExpenses": 43280000,
        "operatingExpenses": 190843000,
        "costAndExpenses": 391531000,
        "interestIncome": 0,
        "interestExpense": 26072000,
        "depreciationAndAmortization": 0,
        "ebitda": 51963000,
        "ebitdaratio": 0.1130429108,
        "operatingIncome": 51963000,
        "operatingIncomeRatio": 0.1130429108,
        "totalOtherIncomeExpensesNet": 16181000,
        "incomeBeforeTax": 68144000,
        "incomeBeforeTaxRatio": 0.148243868,
        "incomeTaxExpense": 16181000,
        "netIncome": 51963000,
        "netIncomeRatio": 0.1130429108,
        "eps": 0.29,
        "epsdiluted": 0.29,
        "weightedAverageShsOut": 179708000,
        "weightedAverageShsOutDil": 181005000,
        "link": "https://www.sec.gov/Archives/edgar/data/78814/000162828025047360/0001628280-25-047360-index.htm",
        "finalLink": "https://www.sec.gov/Archives/edgar/data/78814/000162828025047360/pbi-20250930.htm"
    },
    {
        "date": "2025-06-30",
        "symbol": "PBI",
        "reportedCurrency": "USD",
        "cik": "0000078814",
        "fillingDate": "2025-07-31",
        "acceptedDate": "2025-07-31 08:45:21",
        "calendarYear": "2025",
        "period": "Q2",
        "revenue": 461909000,
        "costOfRevenue": 214383000,
        "grossProfit": 247526000,
        "grossProfitRatio": 0.5358761141,
        "researchAndDevelopmentExpenses": 3601000,
        "generalAndAdministrativeExpenses": 172489000,
        "sellingAndMarketingExpenses": 0,
        "sellingGeneralAndAdministrativeExpenses": 172489000,
        "otherExpenses": -1947000,
        "operatingExpenses": 174143000,
        "costAndExpenses": 388526000,
        "interestIncome": 0,
        "interestExpense": 24937000,
        "depreciationAndAmortization": 28762000,
        "ebitda": 92970000,
        "ebitdaratio": 0.201273411,
        "operatingIncome": 73383000,
        "operatingIncomeRatio": 0.1588689547,
        "totalOtherIncomeExpensesNet": -34112000,
        "incomeBeforeTax": 39271000,
        "incomeBeforeTaxRatio": 0.0850189107,
        "incomeTaxExpense": 9296000,
        "netIncome": 29975000,
        "netIncomeRatio": 0.0648937345,
        "eps": 0.17,
        "epsdiluted": 0.17,
        "weightedAverageShsOut": 179708000,
        "weightedAverageShsOutDil": 181005000,
        "link": "https://www.sec.gov/Archives/edgar/data/78814/000162828025036856/0001628280-25-036856-index.htm",
        "finalLink": "https://www.sec.gov/Archives/edgar/data/78814/000162828025036856/pbi-20250630.htm"
    },
    {
        "date": "2025-03-31",
        "symbol": "PBI",
        "reportedCurrency": "USD",
        "cik": "0000078814",
        "fillingDate": "2025-05-08",
        "acceptedDate": "2025-05-08 15:45:10",
        "calendarYear": "2025",
        "period": "Q1",
        "revenue": 493420000,
        "costOfRevenue": 224299000,
        "grossProfit": 269121000,
        "grossProfitRatio": 0.5454197236,
        "researchAndDevelopmentExpenses": 4763000,
        "generalAndAdministrativeExpenses": 167769000,
        "sellingAndMarketingExpenses": 0,
        "sellingGeneralAndAdministrativeExpenses": 167769000,
        "otherExpenses": 0,
        "operatingExpenses": 172532000,
        "costAndExpenses": 396831000,
        "interestIncome": 0,
        "interestExpense": 24270000,
        "depreciationAndAmortization": 28324000,
        "ebitda": 99326000,
        "ebitdaratio": 0.2013011228,
        "operatingIncome": 96589000,
        "operatingIncomeRatio": 0.1957541243,
        "totalOtherIncomeExpensesNet": -49857000,
        "incomeBeforeTax": 46732000,
        "incomeBeforeTaxRatio": 0.0947103887,
        "incomeTaxExpense": 11310000,
        "netIncome": 35422000,
        "netIncomeRatio": 0.0717887398,
        "eps": 0.19,
        "epsdiluted": 0.19,
        "weightedAverageShsOut": 179510000,
        "weightedAverageShsOutDil": 182526000,
        "link": "https://www.sec.gov/Archives/edgar/data/78814/000162828025023713/0001628280-25-023713-index.htm",
        "finalLink": "https://www.sec.gov/Archives/edgar/data/78814/000162828025023713/pbi-20250331.htm"
    },
    {
        "date": "2024-12-31",
        "symbol": "PBI",
        "reportedCurrency": "USD",
        "cik": "0000078814",
        "fillingDate": "2025-02-21",
        "acceptedDate": "2025-02-21 11:15:11",
        "calendarYear": "2024",
        "period": "Q4",
        "revenue": 516121000,
        "costOfRevenue": 238520000,
        "grossProfit": 277601000,
        "grossProfitRatio": 0.537860308,
        "researchAndDevelopmentExpenses": 9492000,
        "generalAndAdministrativeExpenses": 0,
        "sellingAndMarketingExpenses": 0,
        "sellingGeneralAndAdministrativeExpenses": 148269000,
        "otherExpenses": 0,
        "operatingExpenses": 157761000,
        "costAndExpenses": 396281000,
        "interestIncome": 0,
        "interestExpense": 26771000,
        "depreciationAndAmortization": 28588000,
        "ebitda": 7162000,
        "ebitdaratio": 0.013876591,
        "operatingIncome": 119840000,
        "operatingIncomeRatio": 0.2321936135,
        "totalOtherIncomeExpensesNet": -168037000,
        "incomeBeforeTax": -48197000,
        "incomeBeforeTaxRatio": -0.0933831408,
        "incomeTaxExpense": -6134000,
        "netIncome": -37373000,
        "netIncomeRatio": -0.0724113144,
        "eps": -0.21,
        "epsdiluted": -0.2,
        "weightedAverageShsOut": 179510000,
        "weightedAverageShsOutDil": 182526000,
        "link": "https://www.sec.gov/Archives/edgar/data/78814/000007881425000015/0000078814-25-000015-index.htm",
        "finalLink": "https://www.sec.gov/Archives/edgar/data/78814/000007881425000015/pbi-20241231.htm"
    },
    {
        "date": "2024-09-30",
        "symbol": "PBI",
        "reportedCurrency": "USD",
        "cik": "0000078814",
        "fillingDate": "2024-11-08",
        "acceptedDate": "2024-11-08 11:22:09",
        "calendarYear": "2024",
        "period": "Q3",
        "revenue": 499463000,
        "costOfRevenue": 237990000,
        "grossProfit": 261473000,
        "grossProfitRatio": 0.5235082479,
        "researchAndDevelopmentExpenses": 7580000,
        "generalAndAdministrativeExpenses": 0,
        "sellingAndMarketingExpenses": 0,
        "sellingGeneralAndAdministrativeExpenses": 189989000,
        "otherExpenses": 0,
        "operatingExpenses": 197569000,
        "costAndExpenses": 435559000,
        "interestIncome": 0,
        "interestExpense": 27764000,
        "depreciationAndAmortization": 4284000,
        "ebitda": -11832000,
        "ebitdaratio": -0.0236894425,
        "operatingIncome": 63904000,
        "operatingIncomeRatio": 0.1279454134,
        "totalOtherIncomeExpensesNet": -107784000,
        "incomeBeforeTax": -43880000,
        "incomeBeforeTaxRatio": -0.0878543556,
        "incomeTaxExpense": -166466000,
        "netIncome": -138472000,
        "netIncomeRatio": -0.2772417576,
        "eps": -0.77,
        "epsdiluted": -0.77,
        "weightedAverageShsOut": 178696000,
        "weightedAverageShsOutDil": 183838000,
        "link": "https://www.sec.gov/Archives/edgar/data/78814/000007881424000067/0000078814-24-000067-index.htm",
        "finalLink": "https://www.sec.gov/Archives/edgar/data/78814/000007881424000067/pbi-20240930.htm"
    },
    {
        "date": "2024-06-30",
        "symbol": "PBI",
        "reportedCurrency": "USD",
        "cik": "0000078814",
        "fillingDate": "2024-08-09",
        "acceptedDate": "2024-08-09 14:34:18",
        "calendarYear": "2024",
        "period": "Q2",
        "revenue": 793170000,
        "costOfRevenue": 542490000,
        "grossProfit": 250680000,
        "grossProfitRatio": 0.316048262,
        "researchAndDevelopmentExpenses": 9108000,
        "generalAndAdministrativeExpenses": 219626000,
        "sellingAndMarketingExpenses": 0,
        "sellingGeneralAndAdministrativeExpenses": 219626000,
        "otherExpenses": 0,
        "operatingExpenses": 228734000,
        "costAndExpenses": 771224000,
        "interestIncome": 0,
        "interestExpense": 28767000,
        "depreciationAndAmortization": 52763000,
        "ebitda": 42866000,
        "ebitdaratio": 0.0540438998,
        "operatingIncome": 21946000,
        "operatingIncomeRatio": 0.0276687217,
        "totalOtherIncomeExpensesNet": -60610000,
        "incomeBeforeTax": -38664000,
        "incomeBeforeTaxRatio": -0.0487461704,
        "incomeTaxExpense": -13797000,
        "netIncome": -24867000,
        "netIncomeRatio": -0.0313514127,
        "eps": -0.14,
        "epsdiluted": -0.14,
        "weightedAverageShsOut": 178696000,
        "weightedAverageShsOutDil": 178696000,
        "link": "https://www.sec.gov/Archives/edgar/data/78814/000007881424000051/0000078814-24-000051-index.htm",
        "finalLink": "https://www.sec.gov/Archives/edgar/data/78814/000007881424000051/pbi-20240630.htm"
    },
    {
        "date": "2024-03-31",
        "symbol": "PBI",
        "reportedCurrency": "USD",
        "cik": "0000078814",
        "fillingDate": "2024-05-02",
        "acceptedDate": "2024-05-02 11:15:33",
        "calendarYear": "2024",
        "period": "Q1",
        "revenue": 521269000,
        "costOfRevenue": 248522000,
        "grossProfit": 272747000,
        "grossProfitRatio": 0.5232365631,
        "researchAndDevelopmentExpenses": 7626000,
        "generalAndAdministrativeExpenses": 186445000,
        "sellingAndMarketingExpenses": 0,
        "sellingGeneralAndAdministrativeExpenses": 186445000,
        "otherExpenses": 0,
        "operatingExpenses": 194071000,
        "costAndExpenses": 442593000,
        "interestIncome": 0,
        "interestExpense": 27306000,
        "depreciationAndAmortization": 28850000,
        "ebitda": 103760000,
        "ebitdaratio": 0.1990526964,
        "operatingIncome": 78676000,
        "operatingIncomeRatio": 0.1509316687,
        "totalOtherIncomeExpensesNet": -31072000,
        "incomeBeforeTax": 47604000,
        "incomeBeforeTaxRatio": 0.0913232899,
        "incomeTaxExpense": 15500000,
        "netIncome": -2885000,
        "netIncomeRatio": -0.0055345704,
        "eps": -0.0163,
        "epsdiluted": -0.0163,
        "weightedAverageShsOut": 176997000,
        "weightedAverageShsOutDil": 176997000,
        "link": "https://www.sec.gov/Archives/edgar/data/78814/000007881424000026/0000078814-24-000026-index.htm",
        "finalLink": "https://www.sec.gov/Archives/edgar/data/78814/000007881424000026/pbi-20240331.htm"
    },
    {
        "date": "2023-12-31",
        "symbol": "PBI",
        "reportedCurrency": "USD",
        "cik": "0000078814",
        "fillingDate": "2024-02-20",
        "acceptedDate": "2024-02-20 13:12:20",
        "calendarYear": "2023",
        "period": "Q4",
        "revenue": 871578000,
        "costOfRevenue": 582980000,
        "grossProfit": 288598000,
        "grossProfitRatio": 0.3311212536,
        "researchAndDevelopmentExpenses": 10276000,
        "generalAndAdministrativeExpenses": 206733000,
        "sellingAndMarketingExpenses": 16442000,
        "sellingGeneralAndAdministrativeExpenses": 223175000,
        "otherExpenses": 0,
        "operatingExpenses": 233451000,
        "costAndExpenses": 831488000,
        "interestIncome": 0,
        "interestExpense": 45570000,
        "depreciationAndAmortization": 40398000,
        "ebitda": -149766000,
        "ebitdaratio": -0.1718331578,
        "operatingIncome": 55147000,
        "operatingIncomeRatio": 0.0632725929,
        "totalOtherIncomeExpensesNet": -283008000,
        "incomeBeforeTax": -227861000,
        "incomeBeforeTaxRatio": -0.2614350064,
        "incomeTaxExpense": -4025000,
        "netIncome": -223836000,
        "netIncomeRatio": -0.2568169458,
        "eps": -1.27,
        "epsdiluted": -1.27,
        "weightedAverageShsOut": 175418687,
        "weightedAverageShsOutDil": 176366000,
        "link": "https://www.sec.gov/Archives/edgar/data/78814/000007881424000004/0000078814-24-000004-index.htm",
        "finalLink": "https://www.sec.gov/Archives/edgar/data/78814/000007881424000004/pbi-20231231.htm"
    },
    {
        "date": "2023-09-30",
        "symbol": "PBI",
        "reportedCurrency": "USD",
        "cik": "0000078814",
        "fillingDate": "2023-11-02",
        "acceptedDate": "2023-11-02 12:35:39",
        "calendarYear": "2023",
        "period": "Q3",
        "revenue": 783751000,
        "costOfRevenue": 523187000,
        "grossProfit": 260564000,
        "grossProfitRatio": 0.33245763,
        "researchAndDevelopmentExpenses": 10362000,
        "generalAndAdministrativeExpenses": 209416000,
        "sellingAndMarketingExpenses": 0,
        "sellingGeneralAndAdministrativeExpenses": 209416000,
        "otherExpenses": 57490000,
        "operatingExpenses": 277268000,
        "costAndExpenses": 800455000,
        "interestIncome": 0,
        "interestExpense": 43176000,
        "depreciationAndAmortization": 40262000,
        "ebitda": 66918000,
        "ebitdaratio": 0.0853817092,
        "operatingIncome": -16704000,
        "operatingIncomeRatio": -0.0213128915,
        "totalOtherIncomeExpensesNet": 0,
        "incomeBeforeTax": -16704000,
        "incomeBeforeTaxRatio": -0.0213128915,
        "incomeTaxExpense": -4185000,
        "netIncome": -12519000,
        "netIncomeRatio": -0.0159731854,
        "eps": -0.0711,
        "epsdiluted": -0.0711,
        "weightedAverageShsOut": 176099000,
        "weightedAverageShsOutDil": 176099000,
        "link": "https://www.sec.gov/Archives/edgar/data/78814/000007881423000030/0000078814-23-000030-index.htm",
        "finalLink": "https://www.sec.gov/Archives/edgar/data/78814/000007881423000030/pbi-20230930.htm"
    },
    {
        "date": "2023-06-30",
        "symbol": "PBI",
        "reportedCurrency": "USD",
        "cik": "0000078814",
        "fillingDate": "2023-08-03",
        "acceptedDate": "2023-08-03 12:57:59",
        "calendarYear": "2023",
        "period": "Q2",
        "revenue": 776481000,
        "costOfRevenue": 517862000,
        "grossProfit": 258619000,
        "grossProfitRatio": 0.3330654581,
        "researchAndDevelopmentExpenses": 10274000,
        "generalAndAdministrativeExpenses": 220798000,
        "sellingAndMarketingExpenses": 0,
        "sellingGeneralAndAdministrativeExpenses": 220798000,
        "otherExpenses": 0,
        "operatingExpenses": 247586000,
        "costAndExpenses": 776481000,
        "interestIncome": 0,
        "interestExpense": 37683000,
        "depreciationAndAmortization": 39873000,
        "ebitda": -88019000,
        "ebitdaratio": -0.113356283,
        "operatingIncome": 27547000,
        "operatingIncomeRatio": 0.0354767213,
        "totalOtherIncomeExpensesNet": -178497000,
        "incomeBeforeTax": -150950000,
        "incomeBeforeTaxRatio": -0.1944026963,
        "incomeTaxExpense": -9415000,
        "netIncome": -141535000,
        "netIncomeRatio": -0.1822774801,
        "eps": -0.81,
        "epsdiluted": -0.81,
        "weightedAverageShsOut": 175695000,
        "weightedAverageShsOutDil": 175695000,
        "link": "https://www.sec.gov/Archives/edgar/data/78814/000007881423000026/0000078814-23-000026-index.htm",
        "finalLink": "https://www.sec.gov/Archives/edgar/data/78814/000007881423000026/pbi-20230630.htm"
    },
    {
        "date": "2023-03-31",
        "symbol": "PBI",
        "reportedCurrency": "USD",
        "cik": "0000078814",
        "fillingDate": "2023-05-05",
        "acceptedDate": "2023-05-05 12:09:20",
        "calendarYear": "2023",
        "period": "Q1",
        "revenue": 834538000,
        "costOfRevenue": 571517000,
        "grossProfit": 263021000,
        "grossProfitRatio": 0.3151695908,
        "researchAndDevelopmentExpenses": 10493000,
        "generalAndAdministrativeExpenses": 240410000,
        "sellingAndMarketingExpenses": 0,
        "sellingGeneralAndAdministrativeExpenses": 240410000,
        "otherExpenses": 0,
        "operatingExpenses": 267149000,
        "costAndExpenses": 824130000,
        "interestIncome": 0,
        "interestExpense": 36878000,
        "depreciationAndAmortization": 39897000,
        "ebitda": 52015000,
        "ebitdaratio": 0.0623278988,
        "operatingIncome": 12118000,
        "operatingIncomeRatio": 0.014520609,
        "totalOtherIncomeExpensesNet": -23105000,
        "incomeBeforeTax": -10987000,
        "incomeBeforeTaxRatio": -0.0131653681,
        "incomeTaxExpense": -3250000,
        "netIncome": -7737000,
        "netIncomeRatio": -0.0092709978,
        "eps": -0.0443,
        "epsdiluted": -0.0443,
        "weightedAverageShsOut": 174626000,
        "weightedAverageShsOutDil": 174626000,
        "link": "https://www.sec.gov/Archives/edgar/data/78814/000007881423000019/0000078814-23-000019-index.htm",
        "finalLink": "https://www.sec.gov/Archives/edgar/data/78814/000007881423000019/pbi-20230331.htm"
    },
    {
        "date": "2022-12-31",
        "symbol": "PBI",
        "reportedCurrency": "USD",
        "cik": "0000078814",
        "fillingDate": "2023-02-17",
        "acceptedDate": "2023-02-17 16:18:20",
        "calendarYear": "2022",
        "period": "Q4",
        "revenue": 908691000,
        "costOfRevenue": 620517000,
        "grossProfit": 288174000,
        "grossProfitRatio": 0.3171309059,
        "researchAndDevelopmentExpenses": 11257000,
        "generalAndAdministrativeExpenses": 242785000,
        "sellingAndMarketingExpenses": -16214000,
        "sellingGeneralAndAdministrativeExpenses": 226571000,
        "otherExpenses": 50346000,
        "operatingExpenses": 288174000,
        "costAndExpenses": 872307000,
        "interestIncome": 0,
        "interestExpense": 37126000,
        "depreciationAndAmortization": 39064000,
        "ebitda": 74369000,
        "ebitdaratio": 0.0818419023,
        "operatingIncome": 50346000,
        "operatingIncomeRatio": 0.0554049726,
        "totalOtherIncomeExpensesNet": -42929000,
        "incomeBeforeTax": 7417000,
        "incomeBeforeTaxRatio": 0.0081622906,
        "incomeTaxExpense": 1121000,
        "netIncome": 6296000,
        "netIncomeRatio": 0.0069286479,
        "eps": 0.0362,
        "epsdiluted": 0.0354,
        "weightedAverageShsOut": 158697350,
        "weightedAverageShsOutDil": 177999000,
        "link": "https://www.sec.gov/Archives/edgar/data/78814/000007881423000012/0000078814-23-000012-index.htm",
        "finalLink": "https://www.sec.gov/Archives/edgar/data/78814/000007881423000012/pbi-20221231.htm"
    },
    {
        "date": "2022-09-30",
        "symbol": "PBI",
        "reportedCurrency": "USD",
        "cik": "0000078814",
        "fillingDate": "2022-11-04",
        "acceptedDate": "2022-11-04 13:27:43",
        "calendarYear": "2022",
        "period": "Q3",
        "revenue": 830914000,
        "costOfRevenue": 566727000,
        "grossProfit": 264187000,
        "grossProfitRatio": 0.3179474651,
        "researchAndDevelopmentExpenses": 9812000,
        "generalAndAdministrativeExpenses": 211003000,
        "sellingAndMarketingExpenses": 0,
        "sellingGeneralAndAdministrativeExpenses": 211003000,
        "otherExpenses": 6971000,
        "operatingExpenses": 219388000,
        "costAndExpenses": 799807000,
        "interestIncome": 0,
        "interestExpense": 37377000,
        "depreciationAndAmortization": 39280000,
        "ebitda": 73231000,
        "ebitdaratio": 0.0881330679,
        "operatingIncome": 43372000,
        "operatingIncomeRatio": 0.0521979411,
        "totalOtherIncomeExpensesNet": -33243000,
        "incomeBeforeTax": 10129000,
        "incomeBeforeTaxRatio": 0.0121901906,
        "incomeTaxExpense": 4642000,
        "netIncome": 5487000,
        "netIncomeRatio": 0.0066035715,
        "eps": 0.0316,
        "epsdiluted": 0.03,
        "weightedAverageShsOut": 182900000,
        "weightedAverageShsOutDil": 176966000,
        "link": "https://www.sec.gov/Archives/edgar/data/78814/000007881422000030/0000078814-22-000030-index.htm",
        "finalLink": "https://www.sec.gov/Archives/edgar/data/78814/000007881422000030/pbi-20220930.htm"
    },
    {
        "date": "2022-06-30",
        "symbol": "PBI",
        "reportedCurrency": "USD",
        "cik": "0000078814",
        "fillingDate": "2022-08-02",
        "acceptedDate": "2022-08-02 14:42:57",
        "calendarYear": "2022",
        "period": "Q2",
        "revenue": 871495000,
        "costOfRevenue": 610104000,
        "grossProfit": 261391000,
        "grossProfitRatio": 0.2999340214,
        "researchAndDevelopmentExpenses": 11254000,
        "generalAndAdministrativeExpenses": 0,
        "sellingAndMarketingExpenses": 0,
        "sellingGeneralAndAdministrativeExpenses": 226638000,
        "otherExpenses": 0,
        "operatingExpenses": 237892000,
        "costAndExpenses": 871495000,
        "interestIncome": 0,
        "interestExpense": 33540000,
        "depreciationAndAmortization": 43470000,
        "ebitda": 66011000,
        "ebitdaratio": 0.0757445539,
        "operatingIncome": 36032000,
        "operatingIncomeRatio": 0.041345045,
        "totalOtherIncomeExpensesNet": -38722000,
        "incomeBeforeTax": -2690000,
        "incomeBeforeTaxRatio": -0.00308665,
        "incomeTaxExpense": -7026000,
        "netIncome": 4336000,
        "netIncomeRatio": 0.0049753584,
        "eps": 0.025,
        "epsdiluted": 0.02,
        "weightedAverageShsOut": 216800000,
        "weightedAverageShsOutDil": 176969000,
        "link": "https://www.sec.gov/Archives/edgar/data/78814/000007881422000021/0000078814-22-000021-index.htm",
        "finalLink": "https://www.sec.gov/Archives/edgar/data/78814/000007881422000021/pbi-20220630.htm"
    },
    {
        "date": "2022-03-31",
        "symbol": "PBI",
        "reportedCurrency": "USD",
        "cik": "0000078814",
        "fillingDate": "2022-05-05",
        "acceptedDate": "2022-05-05 16:08:39",
        "calendarYear": "2022",
        "period": "Q1",
        "revenue": 926942000,
        "costOfRevenue": 620946000,
        "grossProfit": 305996000,
        "grossProfitRatio": 0.3301134267,
        "researchAndDevelopmentExpenses": 11334000,
        "generalAndAdministrativeExpenses": 242785000,
        "sellingAndMarketingExpenses": 0,
        "sellingGeneralAndAdministrativeExpenses": 242785000,
        "otherExpenses": 0,
        "operatingExpenses": 254119000,
        "costAndExpenses": 886667000,
        "interestIncome": 0,
        "interestExpense": 33726000,
        "depreciationAndAmortization": 42002000,
        "ebitda": 89150000,
        "ebitdaratio": 0.0961764598,
        "operatingIncome": 51877000,
        "operatingIncomeRatio": 0.0559657454,
        "totalOtherIncomeExpensesNet": -26853000,
        "incomeBeforeTax": 25024000,
        "incomeBeforeTaxRatio": 0.0269962953,
        "incomeTaxExpense": 4203000,
        "netIncome": 20821000,
        "netIncomeRatio": 0.0224620311,
        "eps": 0.12,
        "epsdiluted": 0.12,
        "weightedAverageShsOut": 174116289,
        "weightedAverageShsOutDil": 178034000,
        "link": "https://www.sec.gov/Archives/edgar/data/78814/000007881422000013/0000078814-22-000013-index.htm",
        "finalLink": "https://www.sec.gov/Archives/edgar/data/78814/000007881422000013/pbi-20220331.htm"
    },
    {
        "date": "2021-12-31",
        "symbol": "PBI",
        "reportedCurrency": "USD",
        "cik": "0000078814",
        "fillingDate": "2022-02-22",
        "acceptedDate": "2022-02-22 10:41:12",
        "calendarYear": "2021",
        "period": "Q4",
        "revenue": 983712000,
        "costOfRevenue": 700349000,
        "grossProfit": 283363000,
        "grossProfitRatio": 0.2880548372,
        "researchAndDevelopmentExpenses": 13781000,
        "generalAndAdministrativeExpenses": 224847000,
        "sellingAndMarketingExpenses": 0,
        "sellingGeneralAndAdministrativeExpenses": 224847000,
        "otherExpenses": 44735000,
        "operatingExpenses": 283363000,
        "costAndExpenses": 950969000,
        "interestIncome": 0,
        "interestExpense": 34760000,
        "depreciationAndAmortization": 41634000,
        "ebitda": 74377000,
        "ebitdaratio": 0.0756085114,
        "operatingIncome": 32743000,
        "operatingIncomeRatio": 0.0332851485,
        "totalOtherIncomeExpensesNet": -31272000,
        "incomeBeforeTax": 1471000,
        "incomeBeforeTaxRatio": 0.0014953564,
        "incomeTaxExpense": -320000,
        "netIncome": 1267000,
        "netIncomeRatio": 0.0012879786,
        "eps": 0.01,
        "epsdiluted": 0.01,
        "weightedAverageShsOut": 126700000,
        "weightedAverageShsOutDil": 179506000,
        "link": "https://www.sec.gov/Archives/edgar/data/78814/000007881422000004/0000078814-22-000004-index.htm",
        "finalLink": "https://www.sec.gov/Archives/edgar/data/78814/000007881422000004/pbi-20211231.htm"
    },
    {
        "date": "2021-09-30",
        "symbol": "PBI",
        "reportedCurrency": "USD",
        "cik": "0000078814",
        "fillingDate": "2021-11-05",
        "acceptedDate": "2021-11-05 14:45:06",
        "calendarYear": "2021",
        "period": "Q3",
        "revenue": 875449000,
        "costOfRevenue": 589872000,
        "grossProfit": 285577000,
        "grossProfitRatio": 0.3262063238,
        "researchAndDevelopmentExpenses": 10621000,
        "generalAndAdministrativeExpenses": 0,
        "sellingAndMarketingExpenses": 0,
        "sellingGeneralAndAdministrativeExpenses": 225024000,
        "otherExpenses": 0,
        "operatingExpenses": 235645000,
        "costAndExpenses": 837227000,
        "interestIncome": 0,
        "interestExpense": 36022000,
        "depreciationAndAmortization": 41809000,
        "ebitda": 79985000,
        "ebitdaratio": 0.0913645455,
        "operatingIncome": 38222000,
        "operatingIncomeRatio": 0.043659882,
        "totalOtherIncomeExpensesNet": -31252000,
        "incomeBeforeTax": 6970000,
        "incomeBeforeTaxRatio": 0.0079616288,
        "incomeTaxExpense": -1525000,
        "netIncome": 9067000,
        "netIncomeRatio": 0.0103569711,
        "eps": 0.05,
        "epsdiluted": 0.05,
        "weightedAverageShsOut": 186142475,
        "weightedAverageShsOutDil": 179409000,
        "link": "https://www.sec.gov/Archives/edgar/data/78814/000007881421000039/0000078814-21-000039-index.htm",
        "finalLink": "https://www.sec.gov/Archives/edgar/data/78814/000007881421000039/pbi-20210930.htm"
    },
    {
        "date": "2021-06-30",
        "symbol": "PBI",
        "reportedCurrency": "USD",
        "cik": "0000078814",
        "fillingDate": "2021-08-03",
        "acceptedDate": "2021-08-03 14:24:37",
        "calendarYear": "2021",
        "period": "Q2",
        "revenue": 899203000,
        "costOfRevenue": 598534000,
        "grossProfit": 300669000,
        "grossProfitRatio": 0.3343727723,
        "researchAndDevelopmentExpenses": 11059000,
        "generalAndAdministrativeExpenses": 236190000,
        "sellingAndMarketingExpenses": 0,
        "sellingGeneralAndAdministrativeExpenses": 236190000,
        "otherExpenses": 0,
        "operatingExpenses": 247249000,
        "costAndExpenses": 857556000,
        "interestIncome": 0,
        "interestExpense": 36119000,
        "depreciationAndAmortization": 39822000,
        "ebitda": 89863000,
        "ebitdaratio": 0.0999362769,
        "operatingIncome": 41647000,
        "operatingIncomeRatio": 0.0463154594,
        "totalOtherIncomeExpensesNet": -15856000,
        "incomeBeforeTax": 25791000,
        "incomeBeforeTaxRatio": 0.0286820662,
        "incomeTaxExpense": 4915000,
        "netIncome": 19856000,
        "netIncomeRatio": 0.0220817769,
        "eps": 0.11,
        "epsdiluted": 0.11,
        "weightedAverageShsOut": 173970000,
        "weightedAverageShsOutDil": 178979000,
        "link": "https://www.sec.gov/Archives/edgar/data/78814/000007881421000034/0000078814-21-000034-index.htm",
        "finalLink": "https://www.sec.gov/Archives/edgar/data/78814/000007881421000034/pbi-20210630.htm"
    },
    {
        "date": "2021-03-31",
        "symbol": "PBI",
        "reportedCurrency": "USD",
        "cik": "0000078814",
        "fillingDate": "2021-05-06",
        "acceptedDate": "2021-05-06 11:30:46",
        "calendarYear": "2021",
        "period": "Q1",
        "revenue": 915197000,
        "costOfRevenue": 615749000,
        "grossProfit": 299448000,
        "grossProfitRatio": 0.3271951285,
        "researchAndDevelopmentExpenses": 11316000,
        "generalAndAdministrativeExpenses": 238102000,
        "sellingAndMarketingExpenses": 0,
        "sellingGeneralAndAdministrativeExpenses": 238102000,
        "otherExpenses": 0,
        "operatingExpenses": 249418000,
        "costAndExpenses": 877403000,
        "interestIncome": 0,
        "interestExpense": 37044000,
        "depreciationAndAmortization": 39594000,
        "ebitda": 23105000,
        "ebitdaratio": 0.0252459307,
        "operatingIncome": 38144000,
        "operatingIncomeRatio": 0.0416784583,
        "totalOtherIncomeExpensesNet": -79791000,
        "incomeBeforeTax": -41647000,
        "incomeBeforeTaxRatio": -0.0455060495,
        "incomeTaxExpense": -13992000,
        "netIncome": -31541000,
        "netIncomeRatio": -0.0344636182,
        "eps": -0.18,
        "epsdiluted": -0.18,
        "weightedAverageShsOut": 197131250,
        "weightedAverageShsOutDil": 172856000,
        "link": "https://www.sec.gov/Archives/edgar/data/78814/000007881421000025/0000078814-21-000025-index.htm",
        "finalLink": "https://www.sec.gov/Archives/edgar/data/78814/000007881421000025/pbi-20210331.htm"
    },
    {
        "date": "2020-12-31",
        "symbol": "PBI",
        "reportedCurrency": "USD",
        "cik": "0000078814",
        "fillingDate": "2021-02-19",
        "acceptedDate": "2021-02-19 16:51:09",
        "calendarYear": "2020",
        "period": "Q4",
        "revenue": 1028417000,
        "costOfRevenue": 717737000,
        "grossProfit": 310680000,
        "grossProfitRatio": 0.3020953563,
        "researchAndDevelopmentExpenses": 9546000,
        "generalAndAdministrativeExpenses": 0,
        "sellingAndMarketingExpenses": 0,
        "sellingGeneralAndAdministrativeExpenses": 242441000,
        "otherExpenses": 58693000,
        "operatingExpenses": 310680000,
        "costAndExpenses": 978435000,
        "interestIncome": 0,
        "interestExpense": 38357000,
        "depreciationAndAmortization": 40222000,
        "ebitda": 90204000,
        "ebitdaratio": 0.0877115022,
        "operatingIncome": 49982000,
        "operatingIncomeRatio": 0.048600908,
        "totalOtherIncomeExpensesNet": -34383000,
        "incomeBeforeTax": 15599000,
        "incomeBeforeTaxRatio": 0.0151679717,
        "incomeTaxExpense": -813000,
        "netIncome": 18879000,
        "netIncomeRatio": 0.0183573395,
        "eps": 0.11,
        "epsdiluted": 0.11,
        "weightedAverageShsOut": 208612131,
        "weightedAverageShsOutDil": 176835000,
        "link": "https://www.sec.gov/Archives/edgar/data/78814/000007881421000011/0000078814-21-000011-index.htm",
        "finalLink": "https://www.sec.gov/Archives/edgar/data/78814/000007881421000011/pbi-20201231.htm"
    },
    {
        "date": "2020-09-30",
        "symbol": "PBI",
        "reportedCurrency": "USD",
        "cik": "0000078814",
        "fillingDate": "2020-11-02",
        "acceptedDate": "2020-11-02 13:38:51",
        "calendarYear": "2020",
        "period": "Q3",
        "revenue": 891898000,
        "costOfRevenue": 596565000,
        "grossProfit": 295333000,
        "grossProfitRatio": 0.3311286717,
        "researchAndDevelopmentExpenses": 9255000,
        "generalAndAdministrativeExpenses": 0,
        "sellingAndMarketingExpenses": 0,
        "sellingGeneralAndAdministrativeExpenses": 238618000,
        "otherExpenses": 6434000,
        "operatingExpenses": 247873000,
        "costAndExpenses": 856064000,
        "interestIncome": 0,
        "interestExpense": 38801000,
        "depreciationAndAmortization": 38616000,
        "ebitda": 77118000,
        "ebitdaratio": 0.0864650442,
        "operatingIncome": 35834000,
        "operatingIncomeRatio": 0.04017724,
        "totalOtherIncomeExpensesNet": -24507000,
        "incomeBeforeTax": 11327000,
        "incomeBeforeTaxRatio": 0.0126998827,
        "incomeTaxExpense": 554000,
        "netIncome": 11389000,
        "netIncomeRatio": 0.0127693974,
        "eps": 0.07,
        "epsdiluted": 0.07,
        "weightedAverageShsOut": 189816666,
        "weightedAverageShsOutDil": 174704000,
        "link": "https://www.sec.gov/Archives/edgar/data/78814/000007881420000047/0000078814-20-000047-index.htm",
        "finalLink": "https://www.sec.gov/Archives/edgar/data/78814/000007881420000047/pbi-20200930.htm"
    },
    {
        "date": "2020-06-30",
        "symbol": "PBI",
        "reportedCurrency": "USD",
        "cik": "0000078814",
        "fillingDate": "2020-08-03",
        "acceptedDate": "2020-08-03 15:17:17",
        "calendarYear": "2020",
        "period": "Q2",
        "revenue": 837492000,
        "costOfRevenue": 553357000,
        "grossProfit": 284135000,
        "grossProfitRatio": 0.3392689124,
        "researchAndDevelopmentExpenses": 7467000,
        "generalAndAdministrativeExpenses": 233631000,
        "sellingAndMarketingExpenses": 0,
        "sellingGeneralAndAdministrativeExpenses": 233631000,
        "otherExpenses": 16989000,
        "operatingExpenses": 241098000,
        "costAndExpenses": 806394000,
        "interestIncome": 0,
        "interestExpense": 38385000,
        "depreciationAndAmortization": 41068000,
        "ebitda": 84233000,
        "ebitdaratio": 0.1005776772,
        "operatingIncome": 31098000,
        "operatingIncomeRatio": 0.037132295,
        "totalOtherIncomeExpensesNet": -14379000,
        "incomeBeforeTax": 16719000,
        "incomeBeforeTaxRatio": 0.0199631758,
        "incomeTaxExpense": 17016000,
        "netIncome": -3329000,
        "netIncomeRatio": -0.0039749633,
        "eps": -0.0189,
        "epsdiluted": -0.0194,
        "weightedAverageShsOut": 176347005,
        "weightedAverageShsOutDil": 171478000,
        "link": "https://www.sec.gov/Archives/edgar/data/78814/000007881420000035/0000078814-20-000035-index.htm",
        "finalLink": "https://www.sec.gov/Archives/edgar/data/78814/000007881420000035/pbi2020063010q.htm"
    },
    {
        "date": "2020-03-31",
        "symbol": "PBI",
        "reportedCurrency": "USD",
        "cik": "0000078814",
        "fillingDate": "2020-05-04",
        "acceptedDate": "2020-05-04 17:04:49",
        "calendarYear": "2020",
        "period": "Q1",
        "revenue": 796268000,
        "costOfRevenue": 490402000,
        "grossProfit": 305866000,
        "grossProfitRatio": 0.3841244405,
        "researchAndDevelopmentExpenses": 12116000,
        "generalAndAdministrativeExpenses": 248633000,
        "sellingAndMarketingExpenses": 0,
        "sellingGeneralAndAdministrativeExpenses": 248633000,
        "otherExpenses": 0,
        "operatingExpenses": 260749000,
        "costAndExpenses": 758783000,
        "interestIncome": 0,
        "interestExpense": 38372000,
        "depreciationAndAmortization": 40719000,
        "ebitda": -161975000,
        "ebitdaratio": -0.2034176935,
        "operatingIncome": 32628000,
        "operatingIncomeRatio": 0.0409761538,
        "totalOtherIncomeExpensesNet": -261205000,
        "incomeBeforeTax": -228577000,
        "incomeBeforeTaxRatio": -0.2870603867,
        "incomeTaxExpense": -10030000,
        "netIncome": -208483000,
        "netIncomeRatio": -0.2618251644,
        "eps": -1.22,
        "epsdiluted": -1.22,
        "weightedAverageShsOut": 162877343,
        "weightedAverageShsOutDil": 170912000,
        "link": "https://www.sec.gov/Archives/edgar/data/78814/000007881420000018/0000078814-20-000018-index.htm",
        "finalLink": "https://www.sec.gov/Archives/edgar/data/78814/000007881420000018/pbi2020033110q.htm"
    },
    {
        "date": "2019-12-31",
        "symbol": "PBI",
        "reportedCurrency": "USD",
        "cik": "0000078814",
        "fillingDate": "2020-02-20",
        "acceptedDate": "2020-02-20 09:03:54",
        "calendarYear": "2019",
        "period": "Q4",
        "revenue": 831343000,
        "costOfRevenue": 518920000,
        "grossProfit": 312423000,
        "grossProfitRatio": 0.3758051731,
        "researchAndDevelopmentExpenses": 12837000,
        "generalAndAdministrativeExpenses": 0,
        "sellingAndMarketingExpenses": 0,
        "sellingGeneralAndAdministrativeExpenses": 246761000,
        "otherExpenses": 64040000,
        "operatingExpenses": 323638000,
        "costAndExpenses": 778518000,
        "interestIncome": 0,
        "interestExpense": 37800000,
        "depreciationAndAmortization": 40628000,
        "ebitda": 86809000,
        "ebitdaratio": 0.1044201972,
        "operatingIncome": 52825000,
        "operatingIncomeRatio": 0.0635417631,
        "totalOtherIncomeExpensesNet": -44444000,
        "incomeBeforeTax": 8381000,
        "incomeBeforeTaxRatio": 0.0100812781,
        "incomeTaxExpense": 344000,
        "netIncome": 176696000,
        "netIncomeRatio": 0.2125428373,
        "eps": 1.06,
        "epsdiluted": 1.03,
        "weightedAverageShsOut": 166601672,
        "weightedAverageShsOutDil": 171587745,
        "link": "https://www.sec.gov/Archives/edgar/data/78814/000007881420000009/0000078814-20-000009-index.htm",
        "finalLink": "https://www.sec.gov/Archives/edgar/data/78814/000007881420000009/pbi2019123110k.htm"
    },
    {
        "date": "2019-09-30",
        "symbol": "PBI",
        "reportedCurrency": "USD",
        "cik": "0000078814",
        "fillingDate": "2019-11-05",
        "acceptedDate": "2019-11-05 12:56:46",
        "calendarYear": "2019",
        "period": "Q3",
        "revenue": 790125000,
        "costOfRevenue": 467805000,
        "grossProfit": 322320000,
        "grossProfitRatio": 0.4079354533,
        "researchAndDevelopmentExpenses": 12272000,
        "generalAndAdministrativeExpenses": 0,
        "sellingAndMarketingExpenses": 0,
        "sellingGeneralAndAdministrativeExpenses": 254092000,
        "otherExpenses": 0,
        "operatingExpenses": 266364000,
        "costAndExpenses": 733287000,
        "interestIncome": 0,
        "interestExpense": 39730000,
        "depreciationAndAmortization": 40537000,
        "ebitda": 44855000,
        "ebitdaratio": 0.0567694985,
        "operatingIncome": 55956000,
        "operatingIncomeRatio": 0.0708191742,
        "totalOtherIncomeExpensesNet": -75506000,
        "incomeBeforeTax": -19550000,
        "incomeBeforeTaxRatio": -0.0247429204,
        "incomeTaxExpense": -24895000,
        "netIncome": -3125000,
        "netIncomeRatio": -0.0039550704,
        "eps": -0.0183,
        "epsdiluted": -0.0183,
        "weightedAverageShsOut": 170326000,
        "weightedAverageShsOutDil": 171201000,
        "link": "https://www.sec.gov/Archives/edgar/data/78814/000007881419000036/0000078814-19-000036-index.htm",
        "finalLink": "https://www.sec.gov/Archives/edgar/data/78814/000007881419000036/pbi2019093010q.htm"
    },
    {
        "date": "2019-06-30",
        "symbol": "PBI",
        "reportedCurrency": "USD",
        "cik": "0000078814",
        "fillingDate": "2019-08-06",
        "acceptedDate": "2019-08-06 12:19:19",
        "calendarYear": "2019",
        "period": "Q2",
        "revenue": 860779000,
        "costOfRevenue": 491574000,
        "grossProfit": 369205000,
        "grossProfitRatio": 0.4289196182,
        "researchAndDevelopmentExpenses": 22630000,
        "generalAndAdministrativeExpenses": 0,
        "sellingAndMarketingExpenses": 0,
        "sellingGeneralAndAdministrativeExpenses": 278545000,
        "otherExpenses": 0,
        "operatingExpenses": 301175000,
        "costAndExpenses": 792749000,
        "interestIncome": 0,
        "interestExpense": 39062000,
        "depreciationAndAmortization": 41092000,
        "ebitda": 108017000,
        "ebitdaratio": 0.1254874945,
        "operatingIncome": 68030000,
        "operatingIncomeRatio": 0.0790330619,
        "totalOtherIncomeExpensesNet": -33653000,
        "incomeBeforeTax": 34377000,
        "incomeBeforeTaxRatio": 0.0399370802,
        "incomeTaxExpense": 4099000,
        "netIncome": 23697000,
        "netIncomeRatio": 0.0275297144,
        "eps": 0.13,
        "epsdiluted": 0.13,
        "weightedAverageShsOut": 177192000,
        "weightedAverageShsOutDil": 178281000,
        "link": "https://www.sec.gov/Archives/edgar/data/78814/000007881419000024/0000078814-19-000024-index.htm",
        "finalLink": "https://www.sec.gov/Archives/edgar/data/78814/000007881419000024/pbi2019063010q.htm"
    },
    {
        "date": "2019-03-31",
        "symbol": "PBI",
        "reportedCurrency": "USD",
        "cik": "0000078814",
        "fillingDate": "2019-05-03",
        "acceptedDate": "2019-05-03 14:47:03",
        "calendarYear": "2019",
        "period": "Q1",
        "revenue": 868402000,
        "costOfRevenue": 467187000,
        "grossProfit": 401215000,
        "grossProfitRatio": 0.4620152879,
        "researchAndDevelopmentExpenses": 21774000,
        "generalAndAdministrativeExpenses": 0,
        "sellingAndMarketingExpenses": 0,
        "sellingGeneralAndAdministrativeExpenses": 300982000,
        "otherExpenses": 0,
        "operatingExpenses": 339261000,
        "costAndExpenses": 813258000,
        "interestIncome": 0,
        "interestExpense": 38966000,
        "depreciationAndAmortization": 36885000,
        "ebitda": 73816000,
        "ebitdaratio": 0.0850021073,
        "operatingIncome": 55144000,
        "operatingIncomeRatio": 0.0635005447,
        "totalOtherIncomeExpensesNet": -48272000,
        "incomeBeforeTax": 6872000,
        "incomeBeforeTaxRatio": 0.0079133857,
        "incomeTaxExpense": 8301000,
        "netIncome": -2659000,
        "netIncomeRatio": -0.003061946,
        "eps": -0.01,
        "epsdiluted": -0.0143,
        "weightedAverageShsOut": 182525454,
        "weightedAverageShsOutDil": 185971000,
        "link": "https://www.sec.gov/Archives/edgar/data/78814/000007881419000011/0000078814-19-000011-index.htm",
        "finalLink": "https://www.sec.gov/Archives/edgar/data/78814/000007881419000011/pbi2019033110q.htm"
    },
    {
        "date": "2018-12-31",
        "symbol": "PBI",
        "reportedCurrency": "USD",
        "cik": "0000078814",
        "fillingDate": "2019-02-20",
        "acceptedDate": "2019-02-20 15:20:54",
        "calendarYear": "2018",
        "period": "Q4",
        "revenue": 947140000,
        "costOfRevenue": 500116000,
        "grossProfit": 447024000,
        "grossProfitRatio": 0.4719724645,
        "researchAndDevelopmentExpenses": 31433000,
        "generalAndAdministrativeExpenses": 275835000,
        "sellingAndMarketingExpenses": -16670000,
        "sellingGeneralAndAdministrativeExpenses": 259165000,
        "otherExpenses": -28495000,
        "operatingExpenses": 307268000,
        "costAndExpenses": 833787000,
        "interestIncome": 0,
        "interestExpense": 37273000,
        "depreciationAndAmortization": 51112000,
        "ebitda": 132282000,
        "ebitdaratio": 0.1396646747,
        "operatingIncome": 113353000,
        "operatingIncomeRatio": 0.1196792449,
        "totalOtherIncomeExpensesNet": -60874000,
        "incomeBeforeTax": 52479000,
        "incomeBeforeTaxRatio": 0.0554078595,
        "incomeTaxExpense": -8362000,
        "netIncome": 44985000,
        "netIncomeRatio": 0.0474956184,
        "eps": 0.24,
        "epsdiluted": 0.24,
        "weightedAverageShsOut": 191945576,
        "weightedAverageShsOutDil": 188806855,
        "link": "https://www.sec.gov/Archives/edgar/data/78814/000007881419000004/0000078814-19-000004-index.htm",
        "finalLink": "https://www.sec.gov/Archives/edgar/data/78814/000007881419000004/pbi2018123110k.htm"
    },
    {
        "date": "2018-09-30",
        "symbol": "PBI",
        "reportedCurrency": "USD",
        "cik": "0000078814",
        "fillingDate": "2018-11-05",
        "acceptedDate": "2018-11-05 14:03:35",
        "calendarYear": "2018",
        "period": "Q3",
        "revenue": 760281000,
        "costOfRevenue": 408459000,
        "grossProfit": 351822000,
        "grossProfitRatio": 0.4627525875,
        "researchAndDevelopmentExpenses": 15636000,
        "generalAndAdministrativeExpenses": 269387000,
        "sellingAndMarketingExpenses": -28037000,
        "sellingGeneralAndAdministrativeExpenses": 241350000,
        "otherExpenses": 0,
        "operatingExpenses": 351822000,
        "costAndExpenses": 748900000,
        "interestIncome": 0,
        "interestExpense": 37437000,
        "depreciationAndAmortization": 50319000,
        "ebitda": 120066000,
        "ebitdaratio": 0.1579231889,
        "operatingIncome": 58473000,
        "operatingIncomeRatio": 0.0769097215,
        "totalOtherIncomeExpensesNet": -13344000,
        "incomeBeforeTax": 45129000,
        "incomeBeforeTaxRatio": 0.0593583162,
        "incomeTaxExpense": -1976000,
        "netIncome": 80277000,
        "netIncomeRatio": 0.1055885916,
        "eps": 0.43,
        "epsdiluted": 0.41,
        "weightedAverageShsOut": 317386955,
        "weightedAverageShsOutDil": 188415000,
        "link": "https://www.sec.gov/Archives/edgar/data/78814/000007881418000031/0000078814-18-000031-index.htm",
        "finalLink": "https://www.sec.gov/Archives/edgar/data/78814/000007881418000031/pbi2018093010q.htm"
    },
    {
        "date": "2018-06-30",
        "symbol": "PBI",
        "reportedCurrency": "USD",
        "cik": "0000078814",
        "fillingDate": "2018-08-02",
        "acceptedDate": "2018-08-02 15:55:58",
        "calendarYear": "2018",
        "period": "Q2",
        "revenue": 861436000,
        "costOfRevenue": 442980000,
        "grossProfit": 418456000,
        "grossProfitRatio": 0.4857656286,
        "researchAndDevelopmentExpenses": 31073000,
        "generalAndAdministrativeExpenses": 282456000,
        "sellingAndMarketingExpenses": 0,
        "sellingGeneralAndAdministrativeExpenses": 282456000,
        "otherExpenses": 0,
        "operatingExpenses": 313529000,
        "costAndExpenses": 769345000,
        "interestIncome": 0,
        "interestExpense": 41969000,
        "depreciationAndAmortization": 40597000,
        "ebitda": 133836000,
        "ebitdaratio": 0.1553638343,
        "operatingIncome": 92091000,
        "operatingIncomeRatio": 0.1069040532,
        "totalOtherIncomeExpensesNet": -38627000,
        "incomeBeforeTax": 53464000,
        "incomeBeforeTaxRatio": 0.0620638097,
        "incomeTaxExpense": 6458000,
        "netIncome": 51587000,
        "netIncomeRatio": 0.0598848899,
        "eps": 0.28,
        "epsdiluted": 0.27,
        "weightedAverageShsOut": 290469863,
        "weightedAverageShsOutDil": 188114000,
        "link": "https://www.sec.gov/Archives/edgar/data/78814/000007881418000025/0000078814-18-000025-index.htm",
        "finalLink": "https://www.sec.gov/Archives/edgar/data/78814/000007881418000025/pbi2018063010q.htm"
    },
    {
        "date": "2018-03-31",
        "symbol": "PBI",
        "reportedCurrency": "USD",
        "cik": "0000078814",
        "fillingDate": "2018-05-04",
        "acceptedDate": "2018-05-04 16:33:44",
        "calendarYear": "2018",
        "period": "Q1",
        "revenue": 983182000,
        "costOfRevenue": 535043000,
        "grossProfit": 448139000,
        "grossProfitRatio": 0.4558047238,
        "researchAndDevelopmentExpenses": 32784000,
        "generalAndAdministrativeExpenses": 312108000,
        "sellingAndMarketingExpenses": 0,
        "sellingGeneralAndAdministrativeExpenses": 312108000,
        "otherExpenses": 0,
        "operatingExpenses": 344892000,
        "costAndExpenses": 879935000,
        "interestIncome": 0,
        "interestExpense": 43078000,
        "depreciationAndAmortization": 39738000,
        "ebitda": 153094000,
        "ebitdaratio": 0.1557127775,
        "operatingIncome": 112541000,
        "operatingIncomeRatio": 0.1144660907,
        "totalOtherIncomeExpensesNet": -39449000,
        "incomeBeforeTax": 73092000,
        "incomeBeforeTaxRatio": 0.0743422886,
        "incomeTaxExpense": 19579000,
        "netIncome": 59970000,
        "netIncomeRatio": 0.0609958278,
        "eps": 0.29,
        "epsdiluted": 0.28,
        "weightedAverageShsOut": 219195806,
        "weightedAverageShsOutDil": 188175000,
        "link": "https://www.sec.gov/Archives/edgar/data/78814/000007881418000006/0000078814-18-000006-index.htm",
        "finalLink": "https://www.sec.gov/Archives/edgar/data/78814/000007881418000006/pbi2018033110q.htm"
    },
    {
        "date": "2017-12-31",
        "symbol": "PBI",
        "reportedCurrency": "USD",
        "cik": "0000078814",
        "fillingDate": "2018-02-22",
        "acceptedDate": "2018-02-22 15:36:44",
        "calendarYear": "2017",
        "period": "Q4",
        "revenue": 1049117000,
        "costOfRevenue": 552405000,
        "grossProfit": 496712000,
        "grossProfitRatio": 0.4734572026,
        "researchAndDevelopmentExpenses": 32896000,
        "generalAndAdministrativeExpenses": 0,
        "sellingAndMarketingExpenses": 0,
        "sellingGeneralAndAdministrativeExpenses": 329570000,
        "otherExpenses": 0,
        "operatingExpenses": 496712000,
        "costAndExpenses": 932567000,
        "interestIncome": 0,
        "interestExpense": 43839000,
        "depreciationAndAmortization": 50347000,
        "ebitda": 160245000,
        "ebitdaratio": 0.1527427351,
        "operatingIncome": 122027000,
        "operatingIncomeRatio": 0.116314005,
        "totalOtherIncomeExpensesNet": -64405000,
        "incomeBeforeTax": 57622000,
        "incomeBeforeTaxRatio": 0.0549242839,
        "incomeTaxExpense": -32326000,
        "netIncome": 89948000,
        "netIncomeRatio": 0.0857368625,
        "eps": 0.48,
        "epsdiluted": 0.48,
        "weightedAverageShsOut": 219554047,
        "weightedAverageShsOutDil": 188046578,
        "link": "https://www.sec.gov/Archives/edgar/data/78814/000007881418000004/0000078814-18-000004-index.htm",
        "finalLink": "https://www.sec.gov/Archives/edgar/data/78814/000007881418000004/pbi2017123110k.htm"
    },
    {
        "date": "2017-09-30",
        "symbol": "PBI",
        "reportedCurrency": "USD",
        "cik": "0000078814",
        "fillingDate": "2017-11-02",
        "acceptedDate": "2017-11-02 16:05:52",
        "calendarYear": "2017",
        "period": "Q3",
        "revenue": 733273000,
        "costOfRevenue": 315543000,
        "grossProfit": 417730000,
        "grossProfitRatio": 0.5696786872,
        "researchAndDevelopmentExpenses": 32057000,
        "generalAndAdministrativeExpenses": 288093000,
        "sellingAndMarketingExpenses": 0,
        "sellingGeneralAndAdministrativeExpenses": 288093000,
        "otherExpenses": 0,
        "operatingExpenses": 336455000,
        "costAndExpenses": 733273000,
        "interestIncome": 0,
        "interestExpense": 41230000,
        "depreciationAndAmortization": 43829000,
        "ebitda": 146590000,
        "ebitdaratio": 0.1999119018,
        "operatingIncome": 100321000,
        "operatingIncomeRatio": 0.1368126196,
        "totalOtherIncomeExpensesNet": -25356000,
        "incomeBeforeTax": 74965000,
        "incomeBeforeTaxRatio": 0.102233411,
        "incomeTaxExpense": 17607000,
        "netIncome": 57358000,
        "netIncomeRatio": 0.0782218901,
        "eps": 0.31,
        "epsdiluted": 0.31,
        "weightedAverageShsOut": 237018487,
        "weightedAverageShsOutDil": 187757000,
        "link": "https://www.sec.gov/Archives/edgar/data/78814/000007881417000021/0000078814-17-000021-index.htm",
        "finalLink": "https://www.sec.gov/Archives/edgar/data/78814/000007881417000021/pbi2017093010q.htm"
    },
    {
        "date": "2017-06-30",
        "symbol": "PBI",
        "reportedCurrency": "USD",
        "cik": "0000078814",
        "fillingDate": "2017-08-02",
        "acceptedDate": "2017-08-02 15:57:01",
        "calendarYear": "2017",
        "period": "Q2",
        "revenue": 821371000,
        "costOfRevenue": 382565000,
        "grossProfit": 438806000,
        "grossProfitRatio": 0.5342360517,
        "researchAndDevelopmentExpenses": 32958000,
        "generalAndAdministrativeExpenses": 283073000,
        "sellingAndMarketingExpenses": 14395000,
        "sellingGeneralAndAdministrativeExpenses": 297468000,
        "otherExpenses": 0,
        "operatingExpenses": 330426000,
        "costAndExpenses": 712991000,
        "interestIncome": 0,
        "interestExpense": 40443000,
        "depreciationAndAmortization": 42415000,
        "ebitda": 124694000,
        "ebitdaratio": 0.1518120313,
        "operatingIncome": 109951000,
        "operatingIncomeRatio": 0.1338627733,
        "totalOtherIncomeExpensesNet": -56098000,
        "incomeBeforeTax": 53853000,
        "incomeBeforeTaxRatio": 0.0655647691,
        "incomeTaxExpense": 4952000,
        "netIncome": 48901000,
        "netIncomeRatio": 0.0595358249,
        "eps": 0.26,
        "epsdiluted": 0.26,
        "weightedAverageShsOut": 221001491,
        "weightedAverageShsOutDil": 187377000,
        "link": "https://www.sec.gov/Archives/edgar/data/78814/000007881417000015/0000078814-17-000015-index.htm",
        "finalLink": "https://www.sec.gov/Archives/edgar/data/78814/000007881417000015/pbi2017063010q.htm"
    },
    {
        "date": "2017-03-31",
        "symbol": "PBI",
        "reportedCurrency": "USD",
        "cik": "0000078814",
        "fillingDate": "2017-05-03",
        "acceptedDate": "2017-05-02 19:37:24",
        "calendarYear": "2017",
        "period": "Q1",
        "revenue": 836640000,
        "costOfRevenue": 361200000,
        "grossProfit": 475440000,
        "grossProfitRatio": 0.5682730924,
        "researchAndDevelopmentExpenses": 31856000,
        "generalAndAdministrativeExpenses": 304847000,
        "sellingAndMarketingExpenses": 0,
        "sellingGeneralAndAdministrativeExpenses": 304847000,
        "otherExpenses": 0,
        "operatingExpenses": 649867000,
        "costAndExpenses": 710595000,
        "interestIncome": 0,
        "interestExpense": 38650000,
        "depreciationAndAmortization": 44295000,
        "ebitda": 165904000,
        "ebitdaratio": 0.1982979537,
        "operatingIncome": 138737000,
        "operatingIncomeRatio": 0.1658264008,
        "totalOtherIncomeExpensesNet": -42188000,
        "incomeBeforeTax": 96549000,
        "incomeBeforeTaxRatio": 0.1154008893,
        "incomeTaxExpense": 31416000,
        "netIncome": 65133000,
        "netIncomeRatio": 0.0778506885,
        "eps": 0.35,
        "epsdiluted": 0.35,
        "weightedAverageShsOut": 211551825,
        "weightedAverageShsOutDil": 186875143,
        "link": "https://www.sec.gov/Archives/edgar/data/78814/000007881417000006/0000078814-17-000006-index.htm",
        "finalLink": "https://www.sec.gov/Archives/edgar/data/78814/000007881417000006/pbi2017033110q.htm"
    },
    {
        "date": "2016-12-31",
        "symbol": "PBI",
        "reportedCurrency": "USD",
        "cik": "0000078814",
        "fillingDate": "2017-02-22",
        "acceptedDate": "2017-02-22 13:25:10",
        "calendarYear": "2016",
        "period": "Q4",
        "revenue": 887069000,
        "costOfRevenue": 386440000,
        "grossProfit": 500629000,
        "grossProfitRatio": 0.5643630879,
        "researchAndDevelopmentExpenses": 31545000,
        "generalAndAdministrativeExpenses": 0,
        "sellingAndMarketingExpenses": 0,
        "sellingGeneralAndAdministrativeExpenses": 283882000,
        "otherExpenses": 0,
        "operatingExpenses": 500629000,
        "costAndExpenses": 715197000,
        "interestIncome": 0,
        "interestExpense": 40442000,
        "depreciationAndAmortization": 38261000,
        "ebitda": 27241000,
        "ebitdaratio": 0.0307089978,
        "operatingIncome": 171336000,
        "operatingIncomeRatio": 0.1931484473,
        "totalOtherIncomeExpensesNet": -211461000,
        "incomeBeforeTax": -40125000,
        "incomeBeforeTaxRatio": -0.0452332344,
        "incomeTaxExpense": 38204000,
        "netIncome": -79079000,
        "netIncomeRatio": -0.0891463911,
        "eps": -0.41,
        "epsdiluted": -0.41,
        "weightedAverageShsOut": 185668718,
        "weightedAverageShsOutDil": 185668718,
        "link": "https://www.sec.gov/Archives/edgar/data/78814/000007881417000003/0000078814-17-000003-index.htm",
        "finalLink": "https://www.sec.gov/Archives/edgar/data/78814/000007881417000003/pbi2016123110k.htm"
    },
    {
        "date": "2016-09-30",
        "symbol": "PBI",
        "reportedCurrency": "USD",
        "cik": "0000078814",
        "fillingDate": "2016-11-07",
        "acceptedDate": "2016-11-07 14:56:12",
        "calendarYear": "2016",
        "period": "Q3",
        "revenue": 839031000,
        "costOfRevenue": 376987000,
        "grossProfit": 462044000,
        "grossProfitRatio": 0.5506876385,
        "researchAndDevelopmentExpenses": 28680000,
        "generalAndAdministrativeExpenses": 0,
        "sellingAndMarketingExpenses": 0,
        "sellingGeneralAndAdministrativeExpenses": 300983000,
        "otherExpenses": 0,
        "operatingExpenses": 475009000,
        "costAndExpenses": 706650000,
        "interestIncome": 0,
        "interestExpense": 35259000,
        "depreciationAndAmortization": 50687000,
        "ebitda": 177907000,
        "ebitdaratio": 0.2120386493,
        "operatingIncome": 132381000,
        "operatingIncomeRatio": 0.1577784373,
        "totalOtherIncomeExpensesNet": -38788000,
        "incomeBeforeTax": 93593000,
        "incomeBeforeTaxRatio": 0.1115489177,
        "incomeTaxExpense": 23197000,
        "netIncome": 65512000,
        "netIncomeRatio": 0.0780805477,
        "eps": 0.35,
        "epsdiluted": 0.35,
        "weightedAverageShsOut": 185603000,
        "weightedAverageShsOutDil": 186683000,
        "link": "https://www.sec.gov/Archives/edgar/data/78814/000007881416000061/0000078814-16-000061-index.htm",
        "finalLink": "https://www.sec.gov/Archives/edgar/data/78814/000007881416000061/pbi2016093010q.htm"
    },
    {
        "date": "2016-06-30",
        "symbol": "PBI",
        "reportedCurrency": "USD",
        "cik": "0000078814",
        "fillingDate": "2016-08-08",
        "acceptedDate": "2016-08-08 13:47:11",
        "calendarYear": "2016",
        "period": "Q2",
        "revenue": 835886000,
        "costOfRevenue": 372144000,
        "grossProfit": 463742000,
        "grossProfitRatio": 0.5547909643,
        "researchAndDevelopmentExpenses": 34513000,
        "generalAndAdministrativeExpenses": 0,
        "sellingAndMarketingExpenses": 0,
        "sellingGeneralAndAdministrativeExpenses": 288580000,
        "otherExpenses": 0,
        "operatingExpenses": 323093000,
        "costAndExpenses": 700773000,
        "interestIncome": 0,
        "interestExpense": 34294000,
        "depreciationAndAmortization": 45238000,
        "ebitda": 185351000,
        "ebitdaratio": 0.22174196,
        "operatingIncome": 140649000,
        "operatingIncomeRatio": 0.1682633756,
        "totalOtherIncomeExpensesNet": -47411000,
        "incomeBeforeTax": 93238000,
        "incomeBeforeTaxRatio": 0.1115439187,
        "incomeTaxExpense": 33394000,
        "netIncome": 58184000,
        "netIncomeRatio": 0.0696075781,
        "eps": 0.29,
        "epsdiluted": 0.28,
        "weightedAverageShsOut": 187395000,
        "weightedAverageShsOutDil": 188362000,
        "link": "https://www.sec.gov/Archives/edgar/data/78814/000007881416000058/0000078814-16-000058-index.htm",
        "finalLink": "https://www.sec.gov/Archives/edgar/data/78814/000007881416000058/pbi2016063010q.htm"
    },
    {
        "date": "2016-03-31",
        "symbol": "PBI",
        "reportedCurrency": "USD",
        "cik": "0000078814",
        "fillingDate": "2016-05-06",
        "acceptedDate": "2016-05-06 13:15:06",
        "calendarYear": "2016",
        "period": "Q1",
        "revenue": 844589000,
        "costOfRevenue": 365241000,
        "grossProfit": 479348000,
        "grossProfitRatio": 0.5675517915,
        "researchAndDevelopmentExpenses": 26568000,
        "generalAndAdministrativeExpenses": 0,
        "sellingAndMarketingExpenses": 0,
        "sellingGeneralAndAdministrativeExpenses": 326882000,
        "otherExpenses": 140813000,
        "operatingExpenses": 494263000,
        "costAndExpenses": 718691000,
        "interestIncome": 0,
        "interestExpense": 34216000,
        "depreciationAndAmortization": 44300000,
        "ebitda": 170198000,
        "ebitdaratio": 0.2015157668,
        "operatingIncome": 125898000,
        "operatingIncomeRatio": 0.1490642194,
        "totalOtherIncomeExpensesNet": -26234000,
        "incomeBeforeTax": 99664000,
        "incomeBeforeTaxRatio": 0.1180029577,
        "incomeTaxExpense": 37024000,
        "netIncome": 62640000,
        "netIncomeRatio": 0.0741662513,
        "eps": 0.3,
        "epsdiluted": 0.3,
        "weightedAverageShsOut": 192241000,
        "weightedAverageShsOutDil": 193181000,
        "link": "https://www.sec.gov/Archives/edgar/data/78814/000007881416000045/0000078814-16-000045-index.htm",
        "finalLink": "https://www.sec.gov/Archives/edgar/data/78814/000007881416000045/pbi2016033110q.htm"
    },
    {
        "date": "2015-12-31",
        "symbol": "PBI",
        "reportedCurrency": "USD",
        "cik": "0000078814",
        "fillingDate": "2016-02-22",
        "acceptedDate": "2016-02-22 16:35:50",
        "calendarYear": "2015",
        "period": "Q4",
        "revenue": 936947000,
        "costOfRevenue": 389059000,
        "grossProfit": 547888000,
        "grossProfitRatio": 0.5847587964,
        "researchAndDevelopmentExpenses": 26463000,
        "generalAndAdministrativeExpenses": 0,
        "sellingAndMarketingExpenses": 0,
        "sellingGeneralAndAdministrativeExpenses": 340643000,
        "otherExpenses": 0,
        "operatingExpenses": 547888000,
        "costAndExpenses": 769268000,
        "interestIncome": 0,
        "interestExpense": 40003000,
        "depreciationAndAmortization": 45826000,
        "ebitda": 213505000,
        "ebitdaratio": 0.2278730814,
        "operatingIncome": 167679000,
        "operatingIncomeRatio": 0.1789631644,
        "totalOtherIncomeExpensesNet": -38455000,
        "incomeBeforeTax": 129224000,
        "incomeBeforeTaxRatio": 0.1379202879,
        "incomeTaxExpense": 44204000,
        "netIncome": 90873000,
        "netIncomeRatio": 0.0969884102,
        "eps": 0.44,
        "epsdiluted": 0.44,
        "weightedAverageShsOut": 212366530,
        "weightedAverageShsOutDil": 197959779,
        "link": "https://www.sec.gov/Archives/edgar/data/78814/000007881416000040/0000078814-16-000040-index.htm",
        "finalLink": "https://www.sec.gov/Archives/edgar/data/78814/000007881416000040/pbi2015123110k.htm"
    },
    {
        "date": "2015-09-30",
        "symbol": "PBI",
        "reportedCurrency": "USD",
        "cik": "0000078814",
        "fillingDate": "2015-11-06",
        "acceptedDate": "2015-11-06 08:20:58",
        "calendarYear": "2015",
        "period": "Q3",
        "revenue": 869541000,
        "costOfRevenue": 376205000,
        "grossProfit": 493336000,
        "grossProfitRatio": 0.5673522008,
        "researchAndDevelopmentExpenses": 29153000,
        "generalAndAdministrativeExpenses": 0,
        "sellingAndMarketingExpenses": 0,
        "sellingGeneralAndAdministrativeExpenses": 309211000,
        "otherExpenses": 0,
        "operatingExpenses": 338364000,
        "costAndExpenses": 714569000,
        "interestIncome": 0,
        "interestExpense": 37698000,
        "depreciationAndAmortization": 42333000,
        "ebitda": 197305000,
        "ebitdaratio": 0.2269070694,
        "operatingIncome": 154972000,
        "operatingIncomeRatio": 0.1782227635,
        "totalOtherIncomeExpensesNet": -18420000,
        "incomeBeforeTax": 136552000,
        "incomeBeforeTaxRatio": 0.1570391735,
        "incomeTaxExpense": 42676000,
        "netIncome": 93876000,
        "netIncomeRatio": 0.1079604067,
        "eps": 0.45,
        "epsdiluted": 0.44,
        "weightedAverageShsOut": 201017221,
        "weightedAverageShsOutDil": 201016809,
        "link": "https://www.sec.gov/Archives/edgar/data/78814/000007881415000034/0000078814-15-000034-index.htm",
        "finalLink": "https://www.sec.gov/Archives/edgar/data/78814/000007881415000034/pbi2015093010q.htm"
    },
    {
        "date": "2015-06-30",
        "symbol": "PBI",
        "reportedCurrency": "USD",
        "cik": "0000078814",
        "fillingDate": "2015-08-05",
        "acceptedDate": "2015-08-05 11:46:31",
        "calendarYear": "2015",
        "period": "Q2",
        "revenue": 880891000,
        "costOfRevenue": 367314000,
        "grossProfit": 513577000,
        "grossProfitRatio": 0.5830199196,
        "researchAndDevelopmentExpenses": 28492000,
        "generalAndAdministrativeExpenses": 0,
        "sellingAndMarketingExpenses": 0,
        "sellingGeneralAndAdministrativeExpenses": 315578000,
        "otherExpenses": 169507000,
        "operatingExpenses": 513577000,
        "costAndExpenses": 729252000,
        "interestIncome": 0,
        "interestExpense": 38839000,
        "depreciationAndAmortization": 42657000,
        "ebitda": 194296000,
        "ebitdaratio": 0.2205675844,
        "operatingIncome": 169507000,
        "operatingIncomeRatio": 0.1924267588,
        "totalOtherIncomeExpensesNet": 39946000,
        "incomeBeforeTax": 209453000,
        "incomeBeforeTaxRatio": 0.2377740265,
        "incomeTaxExpense": 52351000,
        "netIncome": 156363000,
        "netIncomeRatio": 0.177505503,
        "eps": 0.75,
        "epsdiluted": 0.75,
        "weightedAverageShsOut": 201712000,
        "weightedAverageShsOutDil": 202840000,
        "link": "https://www.sec.gov/Archives/edgar/data/78814/000007881415000026/0000078814-15-000026-index.htm",
        "finalLink": "https://www.sec.gov/Archives/edgar/data/78814/000007881415000026/pbi2015063010q.htm"
    },
    {
        "date": "2015-03-31",
        "symbol": "PBI",
        "reportedCurrency": "USD",
        "cik": "0000078814",
        "fillingDate": "2015-05-05",
        "acceptedDate": "2015-05-05 16:56:03",
        "calendarYear": "2015",
        "period": "Q1",
        "revenue": 890681000,
        "costOfRevenue": 390525000,
        "grossProfit": 500156000,
        "grossProfitRatio": 0.5615433584,
        "researchAndDevelopmentExpenses": 26048000,
        "generalAndAdministrativeExpenses": 0,
        "sellingAndMarketingExpenses": 0,
        "sellingGeneralAndAdministrativeExpenses": 314529000,
        "otherExpenses": 178349000,
        "operatingExpenses": 518926000,
        "costAndExpenses": 731102000,
        "interestIncome": 0,
        "interestExpense": 42834000,
        "depreciationAndAmortization": 42496000,
        "ebitda": 202075000,
        "ebitdaratio": 0.2268769627,
        "operatingIncome": 159579000,
        "operatingIncomeRatio": 0.1791651557,
        "totalOtherIncomeExpensesNet": -23983000,
        "incomeBeforeTax": 135596000,
        "incomeBeforeTaxRatio": 0.152238568,
        "incomeTaxExpense": 50547000,
        "netIncome": 85049000,
        "netIncomeRatio": 0.09548761,
        "eps": 0.4,
        "epsdiluted": 0.4,
        "weightedAverageShsOut": 203074892,
        "weightedAverageShsOutDil": 202679433,
        "link": "https://www.sec.gov/Archives/edgar/data/78814/000007881415000010/0000078814-15-000010-index.htm",
        "finalLink": "https://www.sec.gov/Archives/edgar/data/78814/000007881415000010/pbi2015033110q.htm"
    },
    {
        "date": "2014-12-31",
        "symbol": "PBI",
        "reportedCurrency": "USD",
        "cik": "0000078814",
        "fillingDate": "2015-02-20",
        "acceptedDate": "2015-02-20 10:55:30",
        "calendarYear": "2014",
        "period": "Q4",
        "revenue": 983913000,
        "costOfRevenue": 407393000,
        "grossProfit": 576520000,
        "grossProfitRatio": 0.5859461152,
        "researchAndDevelopmentExpenses": 29030000,
        "generalAndAdministrativeExpenses": 0,
        "sellingAndMarketingExpenses": 0,
        "sellingGeneralAndAdministrativeExpenses": 346903000,
        "otherExpenses": 0,
        "operatingExpenses": 576520000,
        "costAndExpenses": 802155000,
        "interestIncome": 4403000,
        "interestExpense": 46416000,
        "depreciationAndAmortization": 54728000,
        "ebitda": 236486000,
        "ebitdaratio": 0.2403525515,
        "operatingIncome": 181758000,
        "operatingIncomeRatio": 0.1847297474,
        "totalOtherIncomeExpensesNet": -85078000,
        "incomeBeforeTax": 96680000,
        "incomeBeforeTaxRatio": 0.0982607202,
        "incomeTaxExpense": 33134000,
        "netIncome": 67122000,
        "netIncomeRatio": 0.0682194462,
        "eps": 0.31,
        "epsdiluted": 0.31,
        "weightedAverageShsOut": 215431790,
        "weightedAverageShsOutDil": 203110509,
        "link": "https://www.sec.gov/Archives/edgar/data/78814/000007881415000006/0000078814-15-000006-index.htm",
        "finalLink": "https://www.sec.gov/Archives/edgar/data/78814/000007881415000006/pbi2014123110k.htm"
    },
    {
        "date": "2014-09-30",
        "symbol": "PBI",
        "reportedCurrency": "USD",
        "cik": "0000078814",
        "fillingDate": "2014-11-07",
        "acceptedDate": "2014-11-07 11:57:52",
        "calendarYear": "2014",
        "period": "Q3",
        "revenue": 941644000,
        "costOfRevenue": 401877000,
        "grossProfit": 539767000,
        "grossProfitRatio": 0.5732176916,
        "researchAndDevelopmentExpenses": 26060000,
        "generalAndAdministrativeExpenses": 0,
        "sellingAndMarketingExpenses": 0,
        "sellingGeneralAndAdministrativeExpenses": 341738000,
        "otherExpenses": 171969000,
        "operatingExpenses": 539767000,
        "costAndExpenses": 789342000,
        "interestIncome": 0,
        "interestExpense": 41825000,
        "depreciationAndAmortization": 49643000,
        "ebitda": 201945000,
        "ebitdaratio": 0.2144600295,
        "operatingIncome": 171969000,
        "operatingIncomeRatio": 0.1826263429,
        "totalOtherIncomeExpensesNet": -30432000,
        "incomeBeforeTax": 141537000,
        "incomeBeforeTaxRatio": 0.1503083968,
        "incomeTaxExpense": 25310000,
        "netIncome": 132289000,
        "netIncomeRatio": 0.1404872754,
        "eps": 0.65,
        "epsdiluted": 0.65,
        "weightedAverageShsOut": 241708505,
        "weightedAverageShsOutDil": 203969000,
        "link": "https://www.sec.gov/Archives/edgar/data/78814/000007881414000029/0000078814-14-000029-index.htm",
        "finalLink": "https://www.sec.gov/Archives/edgar/data/78814/000007881414000029/pbi2014093010q.htm"
    },
    {
        "date": "2014-06-30",
        "symbol": "PBI",
        "reportedCurrency": "USD",
        "cik": "0000078814",
        "fillingDate": "2014-08-07",
        "acceptedDate": "2014-08-07 17:16:29",
        "calendarYear": "2014",
        "period": "Q2",
        "revenue": 958450000,
        "costOfRevenue": 423159000,
        "grossProfit": 535291000,
        "grossProfitRatio": 0.5584965309,
        "researchAndDevelopmentExpenses": 28649000,
        "generalAndAdministrativeExpenses": 0,
        "sellingAndMarketingExpenses": 0,
        "sellingGeneralAndAdministrativeExpenses": 338384000,
        "otherExpenses": 188671000,
        "operatingExpenses": 555704000,
        "costAndExpenses": 790192000,
        "interestIncome": 0,
        "interestExpense": 41895000,
        "depreciationAndAmortization": 49122000,
        "ebitda": 217380000,
        "ebitdaratio": 0.2268036935,
        "operatingIncome": 168258000,
        "operatingIncomeRatio": 0.1755521936,
        "totalOtherIncomeExpensesNet": -29781000,
        "incomeBeforeTax": 138477000,
        "incomeBeforeTaxRatio": 0.1444801502,
        "incomeTaxExpense": 46335000,
        "netIncome": 98859000,
        "netIncomeRatio": 0.1031446607,
        "eps": 0.47,
        "epsdiluted": 0.46,
        "weightedAverageShsOut": 220157881,
        "weightedAverageShsOutDil": 204470000,
        "link": "https://www.sec.gov/Archives/edgar/data/78814/000007881414000019/0000078814-14-000019-index.htm",
        "finalLink": "https://www.sec.gov/Archives/edgar/data/78814/000007881414000019/pbi2014063010q.htm"
    },
    {
        "date": "2014-03-31",
        "symbol": "PBI",
        "reportedCurrency": "USD",
        "cik": "0000078814",
        "fillingDate": "2014-05-02",
        "acceptedDate": "2014-05-02 11:30:30",
        "calendarYear": "2014",
        "period": "Q1",
        "revenue": 937497000,
        "costOfRevenue": 409866000,
        "grossProfit": 527631000,
        "grossProfitRatio": 0.562808201,
        "researchAndDevelopmentExpenses": 26192000,
        "generalAndAdministrativeExpenses": 0,
        "sellingAndMarketingExpenses": 0,
        "sellingGeneralAndAdministrativeExpenses": 351375000,
        "otherExpenses": 169717000,
        "operatingExpenses": 547284000,
        "costAndExpenses": 787433000,
        "interestIncome": 0,
        "interestExpense": 43717000,
        "depreciationAndAmortization": 44595000,
        "ebitda": 142814000,
        "ebitdaratio": 0.1523354208,
        "operatingIncome": 150064000,
        "operatingIncomeRatio": 0.1600687789,
        "totalOtherIncomeExpensesNet": -95562000,
        "incomeBeforeTax": 54502000,
        "incomeBeforeTaxRatio": 0.0581356527,
        "incomeTaxExpense": 8036000,
        "netIncome": 49267000,
        "netIncomeRatio": 0.0525516348,
        "eps": 0.22,
        "epsdiluted": 0.22,
        "weightedAverageShsOut": 217524468,
        "weightedAverageShsOutDil": 203885000,
        "link": "https://www.sec.gov/Archives/edgar/data/78814/000007881414000008/0000078814-14-000008-index.htm",
        "finalLink": "https://www.sec.gov/Archives/edgar/data/78814/000007881414000008/pbi2014033110q.htm"
    },
    {
        "date": "2013-12-31",
        "symbol": "PBI",
        "reportedCurrency": "USD",
        "cik": "0000078814",
        "fillingDate": "2014-02-21",
        "acceptedDate": "2014-02-21 15:17:03",
        "calendarYear": "2013",
        "period": "Q4",
        "revenue": 1031187000,
        "costOfRevenue": 442149000,
        "grossProfit": 589038000,
        "grossProfitRatio": 0.5712232602,
        "researchAndDevelopmentExpenses": 29061000,
        "generalAndAdministrativeExpenses": 0,
        "sellingAndMarketingExpenses": 0,
        "sellingGeneralAndAdministrativeExpenses": 365007000,
        "otherExpenses": 0,
        "operatingExpenses": 394068000,
        "costAndExpenses": 857334000,
        "interestIncome": 965000,
        "interestExpense": 46263000,
        "depreciationAndAmortization": 43866000,
        "ebitda": 201879000,
        "ebitdaratio": 0.1957734145,
        "operatingIncome": 194970000,
        "operatingIncomeRatio": 0.1890733688,
        "totalOtherIncomeExpensesNet": -83220000,
        "incomeBeforeTax": 111750000,
        "incomeBeforeTaxRatio": 0.1083702568,
        "incomeTaxExpense": 27539000,
        "netIncome": 90089000,
        "netIncomeRatio": 0.0873643675,
        "eps": 0.45,
        "epsdiluted": 0.44,
        "weightedAverageShsOut": 244584413,
        "weightedAverageShsOutDil": 203048500,
        "link": "https://www.sec.gov/Archives/edgar/data/78814/000007881414000003/0000078814-14-000003-index.htm",
        "finalLink": "https://www.sec.gov/Archives/edgar/data/78814/000007881414000003/pbi2013123110k.htm"
    },
    {
        "date": "2013-09-30",
        "symbol": "PBI",
        "reportedCurrency": "USD",
        "cik": "0000078814",
        "fillingDate": "2013-11-08",
        "acceptedDate": "2013-11-08 14:00:40",
        "calendarYear": "2013",
        "period": "Q3",
        "revenue": 938786000,
        "costOfRevenue": 375393000,
        "grossProfit": 563393000,
        "grossProfitRatio": 0.6001293159,
        "researchAndDevelopmentExpenses": 24769000,
        "generalAndAdministrativeExpenses": 0,
        "sellingAndMarketingExpenses": 0,
        "sellingGeneralAndAdministrativeExpenses": 355202000,
        "otherExpenses": 0,
        "operatingExpenses": 545096000,
        "costAndExpenses": 771929000,
        "interestIncome": 0,
        "interestExpense": 45519000,
        "depreciationAndAmortization": 53675000,
        "ebitda": 202235000,
        "ebitdaratio": 0.215421832,
        "operatingIncome": 168028000,
        "operatingIncomeRatio": 0.1789843479,
        "totalOtherIncomeExpensesNet": -80428000,
        "incomeBeforeTax": 87600000,
        "incomeBeforeTaxRatio": 0.0933120008,
        "incomeTaxExpense": 10032000,
        "netIncome": -933000,
        "netIncomeRatio": -0.0009938367,
        "eps": -0.0042,
        "epsdiluted": -0.0046,
        "weightedAverageShsOut": 223677241,
        "weightedAverageShsOutDil": 203140000,
        "link": "https://www.sec.gov/Archives/edgar/data/78814/000007881413000032/0000078814-13-000032-index.htm",
        "finalLink": "https://www.sec.gov/Archives/edgar/data/78814/000007881413000032/pbi2013093010q.htm"
    },
    {
        "date": "2013-06-30",
        "symbol": "PBI",
        "reportedCurrency": "USD",
        "cik": "0000078814",
        "fillingDate": "2013-08-01",
        "acceptedDate": "2013-08-01 16:01:59",
        "calendarYear": "2013",
        "period": "Q2",
        "revenue": 1158207000,
        "costOfRevenue": 411499000,
        "grossProfit": 746708000,
        "grossProfitRatio": 0.6447103152,
        "researchAndDevelopmentExpenses": 27331000,
        "generalAndAdministrativeExpenses": 0,
        "sellingAndMarketingExpenses": 0,
        "sellingGeneralAndAdministrativeExpenses": 376559000,
        "otherExpenses": 176860000,
        "operatingExpenses": 558114000,
        "costAndExpenses": 979832000,
        "interestIncome": 1302000,
        "interestExpense": 48996000,
        "depreciationAndAmortization": 56475000,
        "ebitda": 214384000,
        "ebitdaratio": 0.1850999001,
        "operatingIncome": 176860000,
        "operatingIncomeRatio": 0.1527015464,
        "totalOtherIncomeExpensesNet": -68027000,
        "incomeBeforeTax": 108833000,
        "incomeBeforeTaxRatio": 0.0939667952,
        "incomeTaxExpense": 24218000,
        "netIncome": -4639000,
        "netIncomeRatio": -0.0040053289,
        "eps": -0.023,
        "epsdiluted": -0.0229,
        "weightedAverageShsOut": 202770069,
        "weightedAverageShsOutDil": 202803000,
        "link": "https://www.sec.gov/Archives/edgar/data/78814/000007881413000018/0000078814-13-000018-index.htm",
        "finalLink": "https://www.sec.gov/Archives/edgar/data/78814/000007881413000018/pbi2013063010q.htm"
    },
    {
        "date": "2013-03-31",
        "symbol": "PBI",
        "reportedCurrency": "USD",
        "cik": "0000078814",
        "fillingDate": "2013-05-03",
        "acceptedDate": "2013-05-03 09:41:13",
        "calendarYear": "2013",
        "period": "Q1",
        "revenue": 909363000,
        "costOfRevenue": 373462000,
        "grossProfit": 535901000,
        "grossProfitRatio": 0.5893147181,
        "researchAndDevelopmentExpenses": 29251000,
        "generalAndAdministrativeExpenses": 0,
        "sellingAndMarketingExpenses": 0,
        "sellingGeneralAndAdministrativeExpenses": 351654000,
        "otherExpenses": 154996000,
        "operatingExpenses": 535901000,
        "costAndExpenses": 798507000,
        "interestIncome": 1748000,
        "interestExpense": 48010000,
        "depreciationAndAmortization": 57227000,
        "ebitda": 193204000,
        "ebitdaratio": 0.2124608105,
        "operatingIncome": 154996000,
        "operatingIncomeRatio": 0.1704445859,
        "totalOtherIncomeExpensesNet": -73131000,
        "incomeBeforeTax": 81865000,
        "incomeBeforeTaxRatio": 0.0900245557,
        "incomeTaxExpense": 17795000,
        "netIncome": 72100000,
        "netIncomeRatio": 0.0792862696,
        "eps": 0.34,
        "epsdiluted": 0.33,
        "weightedAverageShsOut": 202166396,
        "weightedAverageShsOutDil": 202210000,
        "link": "https://www.sec.gov/Archives/edgar/data/78814/000007881413000012/0000078814-13-000012-index.htm",
        "finalLink": "https://www.sec.gov/Archives/edgar/data/78814/000007881413000012/pbi2013033110q.htm"
    },
    {
        "date": "2012-12-31",
        "symbol": "PBI",
        "reportedCurrency": "USD",
        "cik": "0000078814",
        "fillingDate": "2013-02-25",
        "acceptedDate": "2013-02-22 18:27:46",
        "calendarYear": "2012",
        "period": "Q4",
        "revenue": 1186864000,
        "costOfRevenue": 477363000,
        "grossProfit": 709501000,
        "grossProfitRatio": 0.5977946926,
        "researchAndDevelopmentExpenses": 32390000,
        "generalAndAdministrativeExpenses": 0,
        "sellingAndMarketingExpenses": 0,
        "sellingGeneralAndAdministrativeExpenses": 394633000,
        "otherExpenses": 282478000,
        "operatingExpenses": 709501000,
        "costAndExpenses": 1186864000,
        "interestIncome": 2189000,
        "interestExpense": 109107000,
        "depreciationAndAmortization": 64049000,
        "ebitda": 354974000,
        "ebitdaratio": 0.2990856577,
        "operatingIncome": 201338000,
        "operatingIncomeRatio": 0.1696386444,
        "totalOtherIncomeExpensesNet": -19520000,
        "incomeBeforeTax": 181818000,
        "incomeBeforeTaxRatio": 0.1531919411,
        "incomeTaxExpense": 56786000,
        "netIncome": 128713000,
        "netIncomeRatio": 0.1084479772,
        "eps": 0.55,
        "epsdiluted": 0.55,
        "weightedAverageShsOut": 202408228,
        "weightedAverageShsOutDil": 201788000,
        "link": "https://www.sec.gov/Archives/edgar/data/78814/000007881413000006/0000078814-13-000006-index.htm",
        "finalLink": "https://www.sec.gov/Archives/edgar/data/78814/000007881413000006/pbi2012123110k1.htm"
    },
    {
        "date": "2012-09-30",
        "symbol": "PBI",
        "reportedCurrency": "USD",
        "cik": "0000078814",
        "fillingDate": "2012-11-02",
        "acceptedDate": "2012-11-02 14:48:48",
        "calendarYear": "2012",
        "period": "Q3",
        "revenue": 949789000,
        "costOfRevenue": 380410000,
        "grossProfit": 569379000,
        "grossProfitRatio": 0.5994794633,
        "researchAndDevelopmentExpenses": 30226000,
        "generalAndAdministrativeExpenses": 0,
        "sellingAndMarketingExpenses": 0,
        "sellingGeneralAndAdministrativeExpenses": 370935000,
        "otherExpenses": 168218000,
        "operatingExpenses": 569379000,
        "costAndExpenses": 1108061000,
        "interestIncome": 2057000,
        "interestExpense": 47145000,
        "depreciationAndAmortization": 59900000,
        "ebitda": 208514000,
        "ebitdaratio": 0.2195371814,
        "operatingIncome": 161401000,
        "operatingIncomeRatio": 0.1699335326,
        "totalOtherIncomeExpensesNet": -38271000,
        "incomeBeforeTax": 123130000,
        "incomeBeforeTaxRatio": 0.1296393199,
        "incomeTaxExpense": 30590000,
        "netIncome": 81127000,
        "netIncomeRatio": 0.0854158134,
        "eps": 0.38,
        "epsdiluted": 0.38,
        "weightedAverageShsOut": 200593000,
        "weightedAverageShsOutDil": 201602000,
        "link": "https://www.sec.gov/Archives/edgar/data/78814/000007881412000024/0000078814-12-000024-index.htm",
        "finalLink": "https://www.sec.gov/Archives/edgar/data/78814/000007881412000024/pbi2012093010q.htm"
    },
    {
        "date": "2012-06-30",
        "symbol": "PBI",
        "reportedCurrency": "USD",
        "cik": "0000078814",
        "fillingDate": "2012-08-03",
        "acceptedDate": "2012-08-03 14:42:31",
        "calendarYear": "2012",
        "period": "Q2",
        "revenue": 1245818000,
        "costOfRevenue": 537969000,
        "grossProfit": 707849000,
        "grossProfitRatio": 0.5681801034,
        "researchAndDevelopmentExpenses": 33776000,
        "generalAndAdministrativeExpenses": 0,
        "sellingAndMarketingExpenses": 0,
        "sellingGeneralAndAdministrativeExpenses": 391606000,
        "otherExpenses": 213921000,
        "operatingExpenses": 628388000,
        "costAndExpenses": 1166357000,
        "interestIncome": 2003000,
        "interestExpense": 50995000,
        "depreciationAndAmortization": 67237000,
        "ebitda": 279374000,
        "ebitdaratio": 0.224249449,
        "operatingIncome": 213921000,
        "operatingIncomeRatio": 0.1717112772,
        "totalOtherIncomeExpensesNet": -52779000,
        "incomeBeforeTax": 161142000,
        "incomeBeforeTaxRatio": 0.1293463411,
        "incomeTaxExpense": 53113000,
        "netIncome": 104217000,
        "netIncomeRatio": 0.0836534711,
        "eps": 0.5,
        "epsdiluted": 0.5,
        "weightedAverageShsOut": 200252000,
        "weightedAverageShsOutDil": 201111000,
        "link": "https://www.sec.gov/Archives/edgar/data/78814/000007881412000020/0000078814-12-000020-index.htm",
        "finalLink": "https://www.sec.gov/Archives/edgar/data/78814/000007881412000020/revpbi2012063010q.htm"
    },
    {
        "date": "2012-03-31",
        "symbol": "PBI",
        "reportedCurrency": "USD",
        "cik": "0000078814",
        "fillingDate": "2012-05-08",
        "acceptedDate": "2012-05-08 13:31:44",
        "calendarYear": "2012",
        "period": "Q1",
        "revenue": 1255656000,
        "costOfRevenue": 127141000,
        "grossProfit": 1128515000,
        "grossProfitRatio": 0.898745357,
        "researchAndDevelopmentExpenses": 34073000,
        "generalAndAdministrativeExpenses": 0,
        "sellingAndMarketingExpenses": 0,
        "sellingGeneralAndAdministrativeExpenses": 411185000,
        "otherExpenses": 206568000,
        "operatingExpenses": 646127000,
        "costAndExpenses": 1096965000,
        "interestIncome": 1733000,
        "interestExpense": 50506000,
        "depreciationAndAmortization": 64370000,
        "ebitda": 275905000,
        "ebitdaratio": 0.2197297668,
        "operatingIncome": 206568000,
        "operatingIncomeRatio": 0.164510025,
        "totalOtherIncomeExpensesNet": -45539000,
        "incomeBeforeTax": 161029000,
        "incomeBeforeTaxRatio": 0.1282429264,
        "incomeTaxExpense": 15493000,
        "netIncome": 163264000,
        "netIncomeRatio": 0.1300228725,
        "eps": 0.79,
        "epsdiluted": 0.79,
        "weightedAverageShsOut": 199960000,
        "weightedAverageShsOutDil": 200672000,
        "link": "https://www.sec.gov/Archives/edgar/data/78814/000007881412000007/0000078814-12-000007-index.htm",
        "finalLink": "https://www.sec.gov/Archives/edgar/data/78814/000007881412000007/pbi2012033110q.htm"
    },
    {
        "date": "2011-12-31",
        "symbol": "PBI",
        "reportedCurrency": "USD",
        "cik": "0000078814",
        "fillingDate": "2012-02-23",
        "acceptedDate": "2012-02-23 17:28:11",
        "calendarYear": "2011",
        "period": "Q4",
        "revenue": 1340707000,
        "costOfRevenue": 568035000,
        "grossProfit": 772672000,
        "grossProfitRatio": 0.5763168239,
        "researchAndDevelopmentExpenses": 40873000,
        "generalAndAdministrativeExpenses": 0,
        "sellingAndMarketingExpenses": 0,
        "sellingGeneralAndAdministrativeExpenses": 435274000,
        "otherExpenses": 296525000,
        "operatingExpenses": 772672000,
        "costAndExpenses": 1340707000,
        "interestIncome": 1093000,
        "interestExpense": 117055000,
        "depreciationAndAmortization": 67141000,
        "ebitda": 205282000,
        "ebitdaratio": 0.1531147372,
        "operatingIncome": 296525000,
        "operatingIncomeRatio": 0.2211706212,
        "totalOtherIncomeExpensesNet": -275439000,
        "incomeBeforeTax": 21086000,
        "incomeBeforeTaxRatio": 0.0157275229,
        "incomeTaxExpense": -32734000,
        "netIncome": 257474000,
        "netIncomeRatio": 0.1920434517,
        "eps": 1.29,
        "epsdiluted": 1.28,
        "weightedAverageShsOut": 199592248,
        "weightedAverageShsOutDil": 201151562,
        "link": "https://www.sec.gov/Archives/edgar/data/78814/000093041312001035/0000930413-12-001035-index.htm",
        "finalLink": "https://www.sec.gov/Archives/edgar/data/78814/000093041312001035/c68654_10k.htm"
    },
    {
        "date": "2011-09-30",
        "symbol": "PBI",
        "reportedCurrency": "USD",
        "cik": "0000078814",
        "fillingDate": "2011-11-04",
        "acceptedDate": "2011-11-04 14:47:18",
        "calendarYear": "2011",
        "period": "Q3",
        "revenue": 1299724000,
        "costOfRevenue": 638101000,
        "grossProfit": 661623000,
        "grossProfitRatio": 0.5090488442,
        "researchAndDevelopmentExpenses": 35573000,
        "generalAndAdministrativeExpenses": 0,
        "sellingAndMarketingExpenses": 0,
        "sellingGeneralAndAdministrativeExpenses": 430650000,
        "otherExpenses": 195400000,
        "operatingExpenses": 658385000,
        "costAndExpenses": 1299724000,
        "interestIncome": 1265000,
        "interestExpense": 28932000,
        "depreciationAndAmortization": 67366000,
        "ebitda": 196143000,
        "ebitdaratio": 0.1509112704,
        "operatingIncome": 195400000,
        "operatingIncomeRatio": 0.1503396106,
        "totalOtherIncomeExpensesNet": -95555000,
        "incomeBeforeTax": 99845000,
        "incomeBeforeTaxRatio": 0.0768201557,
        "incomeTaxExpense": -17087000,
        "netIncome": 172767000,
        "netIncomeRatio": 0.1329259135,
        "eps": 0.86,
        "epsdiluted": 0.85,
        "weightedAverageShsOut": 201294000,
        "weightedAverageShsOutDil": 202194000,
        "link": "https://www.sec.gov/Archives/edgar/data/78814/000093041311006991/0000930413-11-006991-index.htm",
        "finalLink": "https://www.sec.gov/Archives/edgar/data/78814/000093041311006991/c67402_10-q.htm"
    },
    {
        "date": "2011-06-30",
        "symbol": "PBI",
        "reportedCurrency": "USD",
        "cik": "0000078814",
        "fillingDate": "2011-08-05",
        "acceptedDate": "2011-08-05 14:21:32",
        "calendarYear": "2011",
        "period": "Q2",
        "revenue": 1314474000,
        "costOfRevenue": 650513000,
        "grossProfit": 663961000,
        "grossProfitRatio": 0.5051153541,
        "researchAndDevelopmentExpenses": 37441000,
        "generalAndAdministrativeExpenses": 0,
        "sellingAndMarketingExpenses": 0,
        "sellingGeneralAndAdministrativeExpenses": 436015000,
        "otherExpenses": 190505000,
        "operatingExpenses": 660661000,
        "costAndExpenses": 1314474000,
        "interestIncome": 2215000,
        "interestExpense": 28550000,
        "depreciationAndAmortization": 68317000,
        "ebitda": 256043000,
        "ebitdaratio": 0.1947874207,
        "operatingIncome": 190505000,
        "operatingIncomeRatio": 0.1449286939,
        "totalOtherIncomeExpensesNet": -31329000,
        "incomeBeforeTax": 159176000,
        "incomeBeforeTaxRatio": 0.1210948258,
        "incomeTaxExpense": 53012000,
        "netIncome": 100935000,
        "netIncomeRatio": 0.0767873689,
        "eps": 0.5,
        "epsdiluted": 0.49,
        "weightedAverageShsOut": 204084585,
        "weightedAverageShsOutDil": 204085000,
        "link": "https://www.sec.gov/Archives/edgar/data/78814/000093041311005149/0000930413-11-005149-index.htm",
        "finalLink": "https://www.sec.gov/Archives/edgar/data/78814/000093041311005149/c66567_10q.htm"
    },
    {
        "date": "2011-03-31",
        "symbol": "PBI",
        "reportedCurrency": "USD",
        "cik": "0000078814",
        "fillingDate": "2011-05-05",
        "acceptedDate": "2011-05-05 12:34:23",
        "calendarYear": "2011",
        "period": "Q1",
        "revenue": 1323069000,
        "costOfRevenue": 670892000,
        "grossProfit": 652177000,
        "grossProfitRatio": 0.4929274286,
        "researchAndDevelopmentExpenses": 34758000,
        "generalAndAdministrativeExpenses": 0,
        "sellingAndMarketingExpenses": 0,
        "sellingGeneralAndAdministrativeExpenses": 429919000,
        "otherExpenses": 187500000,
        "operatingExpenses": 648869000,
        "costAndExpenses": 1323069000,
        "interestIncome": 1222000,
        "interestExpense": 28524000,
        "depreciationAndAmortization": 69318000,
        "ebitda": 232016000,
        "ebitdaratio": 0.1753619804,
        "operatingIncome": 187500000,
        "operatingIncomeRatio": 0.1417159649,
        "totalOtherIncomeExpensesNet": -53326000,
        "incomeBeforeTax": 134174000,
        "incomeBeforeTaxRatio": 0.1014111887,
        "incomeTaxExpense": 41394000,
        "netIncome": 86304000,
        "netIncomeRatio": 0.0652301581,
        "eps": 0.42,
        "epsdiluted": 0.42,
        "weightedAverageShsOut": 203690000,
        "weightedAverageShsOutDil": 204195000,
        "link": "https://www.sec.gov/Archives/edgar/data/78814/000093041311003698/0000930413-11-003698-index.htm",
        "finalLink": "https://www.sec.gov/Archives/edgar/data/78814/000093041311003698/c65574_10-q.htm"
    },
    {
        "date": "2010-12-31",
        "symbol": "PBI",
        "reportedCurrency": "USD",
        "cik": "0000078814",
        "fillingDate": "2011-02-28",
        "acceptedDate": "2011-02-25 21:09:10",
        "calendarYear": "2010",
        "period": "Q4",
        "revenue": 1434042000,
        "costOfRevenue": 615326000,
        "grossProfit": 818716000,
        "grossProfitRatio": 0.5709149383,
        "researchAndDevelopmentExpenses": 38884000,
        "generalAndAdministrativeExpenses": 0,
        "sellingAndMarketingExpenses": 0,
        "sellingGeneralAndAdministrativeExpenses": 455736000,
        "otherExpenses": 324096000,
        "operatingExpenses": 818716000,
        "costAndExpenses": 1434042000,
        "interestIncome": 736000,
        "interestExpense": 117739000,
        "depreciationAndAmortization": 72048000,
        "ebitda": 317645000,
        "ebitdaratio": 0.2215032754,
        "operatingIncome": 324096000,
        "operatingIncomeRatio": 0.2260017489,
        "totalOtherIncomeExpensesNet": -196238000,
        "incomeBeforeTax": 127858000,
        "incomeBeforeTaxRatio": 0.0891591739,
        "incomeTaxExpense": 50468000,
        "netIncome": 63024000,
        "netIncomeRatio": 0.0439485036,
        "eps": 0.31,
        "epsdiluted": 0.31,
        "weightedAverageShsOut": 203637000,
        "weightedAverageShsOutDil": 204195171,
        "link": "https://www.sec.gov/Archives/edgar/data/78814/000093041311001280/0000930413-11-001280-index.htm",
        "finalLink": "https://www.sec.gov/Archives/edgar/data/78814/000093041311001280/c64451_10k.htm"
    },
    {
        "date": "2010-09-30",
        "symbol": "PBI",
        "reportedCurrency": "USD",
        "cik": "0000078814",
        "fillingDate": "2010-11-05",
        "acceptedDate": "2010-11-05 15:32:17",
        "calendarYear": "2010",
        "period": "Q3",
        "revenue": 1345742000,
        "costOfRevenue": 666330000,
        "grossProfit": 679412000,
        "grossProfitRatio": 0.5048605156,
        "researchAndDevelopmentExpenses": 38454000,
        "generalAndAdministrativeExpenses": 0,
        "sellingAndMarketingExpenses": 0,
        "sellingGeneralAndAdministrativeExpenses": 435292000,
        "otherExpenses": 205666000,
        "operatingExpenses": 679412000,
        "costAndExpenses": 1345742000,
        "interestIncome": 393000,
        "interestExpense": 29310000,
        "depreciationAndAmortization": 74774000,
        "ebitda": 247028000,
        "ebitdaratio": 0.183562674,
        "operatingIncome": 205666000,
        "operatingIncomeRatio": 0.1528272135,
        "totalOtherIncomeExpensesNet": -62722000,
        "incomeBeforeTax": 142944000,
        "incomeBeforeTaxRatio": 0.1062194685,
        "incomeTaxExpense": 46880000,
        "netIncome": 88935000,
        "netIncomeRatio": 0.0660862186,
        "eps": 0.43,
        "epsdiluted": 0.43,
        "weightedAverageShsOut": 205761000,
        "weightedAverageShsOutDil": 206282000,
        "link": "https://www.sec.gov/Archives/edgar/data/78814/000093041310005451/0000930413-10-005451-index.htm",
        "finalLink": "https://www.sec.gov/Archives/edgar/data/78814/000093041310005451/c63220_10-q.htm"
    },
    {
        "date": "2010-06-30",
        "symbol": "PBI",
        "reportedCurrency": "USD",
        "cik": "0000078814",
        "fillingDate": "2010-08-05",
        "acceptedDate": "2010-08-05 16:41:54",
        "calendarYear": "2010",
        "period": "Q2",
        "revenue": 1297237000,
        "costOfRevenue": 651930000,
        "grossProfit": 645307000,
        "grossProfitRatio": 0.4974472668,
        "researchAndDevelopmentExpenses": 38168000,
        "generalAndAdministrativeExpenses": 0,
        "sellingAndMarketingExpenses": 0,
        "sellingGeneralAndAdministrativeExpenses": 426352000,
        "otherExpenses": 180787000,
        "operatingExpenses": 645307000,
        "costAndExpenses": 1297237000,
        "interestIncome": 696000,
        "interestExpense": 29204000,
        "depreciationAndAmortization": 77130000,
        "ebitda": 210101000,
        "ebitdaratio": 0.161960382,
        "operatingIncome": 180787000,
        "operatingIncomeRatio": 0.1393631233,
        "totalOtherIncomeExpensesNet": -77020000,
        "incomeBeforeTax": 103767000,
        "incomeBeforeTaxRatio": 0.0799907804,
        "incomeTaxExpense": 35177000,
        "netIncome": 61381000,
        "netIncomeRatio": 0.0473167201,
        "eps": 0.3,
        "epsdiluted": 0.3,
        "weightedAverageShsOut": 208059314,
        "weightedAverageShsOutDil": 208059314,
        "link": "https://www.sec.gov/Archives/edgar/data/78814/000093041310004283/0000930413-10-004283-index.htm",
        "finalLink": "https://www.sec.gov/Archives/edgar/data/78814/000093041310004283/c62410_10-q.htm"
    },
    {
        "date": "2010-03-31",
        "symbol": "PBI",
        "reportedCurrency": "USD",
        "cik": "0000078814",
        "fillingDate": "2010-05-05",
        "acceptedDate": "2010-05-05 16:12:13",
        "calendarYear": "2010",
        "period": "Q1",
        "revenue": 1348233000,
        "costOfRevenue": 656445000,
        "grossProfit": 691788000,
        "grossProfitRatio": 0.5131071558,
        "researchAndDevelopmentExpenses": 40865000,
        "generalAndAdministrativeExpenses": 0,
        "sellingAndMarketingExpenses": 0,
        "sellingGeneralAndAdministrativeExpenses": 443297000,
        "otherExpenses": 207626000,
        "operatingExpenses": 691788000,
        "costAndExpenses": 1348233000,
        "interestIncome": 762000,
        "interestExpense": 27658000,
        "depreciationAndAmortization": 79701000,
        "ebitda": 267367000,
        "ebitdaratio": 0.1983091943,
        "operatingIncome": 207626000,
        "operatingIncomeRatio": 0.1539986041,
        "totalOtherIncomeExpensesNet": -47618000,
        "incomeBeforeTax": 160008000,
        "incomeBeforeTaxRatio": 0.1186797831,
        "incomeTaxExpense": 73245000,
        "netIncome": 79039000,
        "netIncomeRatio": 0.0586241399,
        "eps": 0.38,
        "epsdiluted": 0.38,
        "weightedAverageShsOut": 207333000,
        "weightedAverageShsOutDil": 207904000,
        "link": "https://www.sec.gov/Archives/edgar/data/78814/000093041310002723/0000930413-10-002723-index.htm",
        "finalLink": "https://www.sec.gov/Archives/edgar/data/78814/000093041310002723/c61440_10q.htm"
    },
    {
        "date": "2009-12-31",
        "symbol": "PBI",
        "reportedCurrency": "USD",
        "cik": "0000078814",
        "fillingDate": "2010-02-26",
        "acceptedDate": "2010-02-26 14:46:36",
        "calendarYear": "2009",
        "period": "Q4",
        "revenue": 1454305000,
        "costOfRevenue": 772980000,
        "grossProfit": 681325000,
        "grossProfitRatio": 0.4684883845,
        "researchAndDevelopmentExpenses": 43568000,
        "generalAndAdministrativeExpenses": 0,
        "sellingAndMarketingExpenses": 0,
        "sellingGeneralAndAdministrativeExpenses": 483304000,
        "otherExpenses": 2363086000,
        "operatingExpenses": 681325000,
        "costAndExpenses": 1454305000,
        "interestIncome": 1796000,
        "interestExpense": -47144000,
        "depreciationAndAmortization": 76212000,
        "ebitda": 196560000,
        "ebitdaratio": 0.1351573432,
        "operatingIncome": 154453000,
        "operatingIncomeRatio": 0.1062039943,
        "totalOtherIncomeExpensesNet": 13039000,
        "incomeBeforeTax": 167492000,
        "incomeBeforeTaxRatio": 0.115169789,
        "incomeTaxExpense": 47779000,
        "netIncome": 98554000,
        "netIncomeRatio": 0.0677670777,
        "eps": 0.47,
        "epsdiluted": 0.47,
        "weightedAverageShsOut": 207106000,
        "weightedAverageShsOutDil": 207904255,
        "link": "https://www.sec.gov/Archives/edgar/data/78814/000093041310001062/0000930413-10-001062-index.htm",
        "finalLink": "https://www.sec.gov/Archives/edgar/data/78814/000093041310001062/c60444_10-k.htm"
    },
    {
        "date": "2009-09-30",
        "symbol": "PBI",
        "reportedCurrency": "USD",
        "cik": "0000078814",
        "fillingDate": "2009-11-06",
        "acceptedDate": "2009-11-06 13:32:28",
        "calendarYear": "2009",
        "period": "Q3",
        "revenue": 1356820000,
        "costOfRevenue": 668447000,
        "grossProfit": 688373000,
        "grossProfitRatio": 0.5073429047,
        "researchAndDevelopmentExpenses": 45052000,
        "generalAndAdministrativeExpenses": 0,
        "sellingAndMarketingExpenses": 0,
        "sellingGeneralAndAdministrativeExpenses": 435931000,
        "otherExpenses": 207390000,
        "operatingExpenses": 688373000,
        "costAndExpenses": 1188851000,
        "interestIncome": 668000,
        "interestExpense": 27244000,
        "depreciationAndAmortization": 87443000,
        "ebitda": 282656000,
        "ebitdaratio": 0.2083224009,
        "operatingIncome": 207390000,
        "operatingIncomeRatio": 0.1528500464,
        "totalOtherIncomeExpensesNet": -39421000,
        "incomeBeforeTax": 167969000,
        "incomeBeforeTaxRatio": 0.123796082,
        "incomeTaxExpense": 57691000,
        "netIncome": 103227000,
        "netIncomeRatio": 0.0760800991,
        "eps": 0.5,
        "epsdiluted": 0.5,
        "weightedAverageShsOut": 207643504,
        "weightedAverageShsOutDil": 207644000,
        "link": "https://www.sec.gov/Archives/edgar/data/78814/000093041309005624/0000930413-09-005624-index.htm",
        "finalLink": "https://www.sec.gov/Archives/edgar/data/78814/000093041309005624/c59264_10-q.htm"
    },
    {
        "date": "2009-06-30",
        "symbol": "PBI",
        "reportedCurrency": "USD",
        "cik": "0000078814",
        "fillingDate": "2009-08-05",
        "acceptedDate": "2009-08-05 16:45:09",
        "calendarYear": "2009",
        "period": "Q2",
        "revenue": 1378462000,
        "costOfRevenue": 667428000,
        "grossProfit": 711034000,
        "grossProfitRatio": 0.5158169032,
        "researchAndDevelopmentExpenses": 46622000,
        "generalAndAdministrativeExpenses": 0,
        "sellingAndMarketingExpenses": 0,
        "sellingGeneralAndAdministrativeExpenses": 424265000,
        "otherExpenses": 233324000,
        "operatingExpenses": 711034000,
        "costAndExpenses": 1378462000,
        "interestIncome": 933000,
        "interestExpense": 54991000,
        "depreciationAndAmortization": 87854000,
        "ebitda": 322111000,
        "ebitdaratio": 0.2336741963,
        "operatingIncome": 233324000,
        "operatingIncomeRatio": 0.1692640058,
        "totalOtherIncomeExpensesNet": -54058000,
        "incomeBeforeTax": 179266000,
        "incomeBeforeTaxRatio": 0.1300478359,
        "incomeTaxExpense": 62535000,
        "netIncome": 117262000,
        "netIncomeRatio": 0.0850672706,
        "eps": 0.57,
        "epsdiluted": 0.57,
        "weightedAverageShsOut": 206539000,
        "weightedAverageShsOutDil": 207138000,
        "link": "https://www.sec.gov/Archives/edgar/data/78814/000093041309004048/0000930413-09-004048-index.htm",
        "finalLink": "https://www.sec.gov/Archives/edgar/data/78814/000093041309004048/c58415_10-q.htm"
    },
    {
        "date": "2009-03-31",
        "symbol": "PBI",
        "reportedCurrency": "USD",
        "cik": "0000078814",
        "fillingDate": "2009-05-07",
        "acceptedDate": "2009-05-07 09:35:29",
        "calendarYear": "2009",
        "period": "Q1",
        "revenue": 1379584000,
        "costOfRevenue": 653144000,
        "grossProfit": 726440000,
        "grossProfitRatio": 0.5265645296,
        "researchAndDevelopmentExpenses": 46949000,
        "generalAndAdministrativeExpenses": 0,
        "sellingAndMarketingExpenses": 0,
        "sellingGeneralAndAdministrativeExpenses": 443528000,
        "otherExpenses": 229100000,
        "operatingExpenses": 726440000,
        "costAndExpenses": 1379584000,
        "interestIncome": 1552000,
        "interestExpense": 52203000,
        "depreciationAndAmortization": 87386000,
        "ebitda": 318038000,
        "ebitdaratio": 0.2305318125,
        "operatingIncome": 229100000,
        "operatingIncomeRatio": 0.1660645528,
        "totalOtherIncomeExpensesNet": -50651000,
        "incomeBeforeTax": 178449000,
        "incomeBeforeTaxRatio": 0.129349862,
        "incomeTaxExpense": 72149000,
        "netIncome": 104402000,
        "netIncomeRatio": 0.0756764358,
        "eps": 0.51,
        "epsdiluted": 0.5,
        "weightedAverageShsOut": 206255000,
        "weightedAverageShsOutDil": 206858000,
        "link": "https://www.sec.gov/Archives/edgar/data/78814/000093041309002509/0000930413-09-002509-index.htm",
        "finalLink": "https://www.sec.gov/Archives/edgar/data/78814/000093041309002509/c57504_form10-q.htm"
    },
    {
        "date": "2008-12-31",
        "symbol": "PBI",
        "reportedCurrency": "USD",
        "cik": "0000078814",
        "fillingDate": "2009-02-26",
        "acceptedDate": "2009-02-26 17:09:31",
        "calendarYear": "2008",
        "period": "Q4",
        "revenue": 1552589000,
        "costOfRevenue": 736580000,
        "grossProfit": 816009000,
        "grossProfitRatio": 0.525579532,
        "researchAndDevelopmentExpenses": 49444000,
        "generalAndAdministrativeExpenses": 0,
        "sellingAndMarketingExpenses": 0,
        "sellingGeneralAndAdministrativeExpenses": 475375000,
        "otherExpenses": 291190000,
        "operatingExpenses": 816009000,
        "costAndExpenses": 1552589000,
        "interestIncome": 0,
        "interestExpense": 229343000,
        "depreciationAndAmortization": 90528000,
        "ebitda": 381718000,
        "ebitdaratio": 0.2458590136,
        "operatingIncome": 291190000,
        "operatingIncomeRatio": 0.187551245,
        "totalOtherIncomeExpensesNet": -164103000,
        "incomeBeforeTax": 127087000,
        "incomeBeforeTaxRatio": 0.0818548888,
        "incomeTaxExpense": 29540000,
        "netIncome": 73952000,
        "netIncomeRatio": 0.0476314079,
        "eps": 0.36,
        "epsdiluted": 0.36,
        "weightedAverageShsOut": 206255000,
        "weightedAverageShsOutDil": 206255000,
        "link": "https://www.sec.gov/Archives/edgar/data/78814/000093041309001039/0000930413-09-001039-index.htm",
        "finalLink": "https://www.sec.gov/Archives/edgar/data/78814/000093041309001039/c56724_10-k.htm"
    },
    {
        "date": "2008-09-30",
        "symbol": "PBI",
        "reportedCurrency": "USD",
        "cik": "0000078814",
        "fillingDate": "2008-11-07",
        "acceptedDate": "2008-11-07 14:27:03",
        "calendarYear": "2008",
        "period": "Q3",
        "revenue": 1547673000,
        "costOfRevenue": 729938000,
        "grossProfit": 817735000,
        "grossProfitRatio": 0.5283641958,
        "researchAndDevelopmentExpenses": 53008000,
        "generalAndAdministrativeExpenses": 0,
        "sellingAndMarketingExpenses": 0,
        "sellingGeneralAndAdministrativeExpenses": 478914000,
        "otherExpenses": 280077000,
        "operatingExpenses": 817735000,
        "costAndExpenses": 1547673000,
        "interestIncome": 3179000,
        "interestExpense": 57739000,
        "depreciationAndAmortization": 94607000,
        "ebitda": 328634000,
        "ebitdaratio": 0.2123407206,
        "operatingIncome": 280077000,
        "operatingIncomeRatio": 0.180966522,
        "totalOtherIncomeExpensesNet": -103789000,
        "incomeBeforeTax": 176288000,
        "incomeBeforeTaxRatio": 0.1139051983,
        "incomeTaxExpense": 69456000,
        "netIncome": 98229000,
        "netIncomeRatio": 0.0634688335,
        "eps": 0.47,
        "epsdiluted": 0.47,
        "weightedAverageShsOut": 207309000,
        "weightedAverageShsOutDil": 208656000,
        "link": "https://www.sec.gov/Archives/edgar/data/78814/000093041308006507/0000930413-08-006507-index.htm",
        "finalLink": "https://www.sec.gov/Archives/edgar/data/78814/000093041308006507/c55520_10q.htm"
    },
    {
        "date": "2008-06-30",
        "symbol": "PBI",
        "reportedCurrency": "USD",
        "cik": "0000078814",
        "fillingDate": "2008-08-07",
        "acceptedDate": "2008-08-07 14:52:28",
        "calendarYear": "2008",
        "period": "Q2",
        "revenue": 1588086000,
        "costOfRevenue": 785317000,
        "grossProfit": 802769000,
        "grossProfitRatio": 0.5054946646,
        "researchAndDevelopmentExpenses": 53168000,
        "generalAndAdministrativeExpenses": 0,
        "sellingAndMarketingExpenses": 0,
        "sellingGeneralAndAdministrativeExpenses": 497689000,
        "otherExpenses": 251912000,
        "operatingExpenses": 802769000,
        "costAndExpenses": 1381564000,
        "interestIncome": 3562000,
        "interestExpense": 30137000,
        "depreciationAndAmortization": 96455000,
        "ebitda": 333114000,
        "ebitdaratio": 0.2097581617,
        "operatingIncome": 251912000,
        "operatingIncomeRatio": 0.1586261701,
        "totalOtherIncomeExpensesNet": -45390000,
        "incomeBeforeTax": 206522000,
        "incomeBeforeTaxRatio": 0.1300445946,
        "incomeTaxExpense": 70386000,
        "netIncome": 128509000,
        "netIncomeRatio": 0.0809206806,
        "eps": 0.62,
        "epsdiluted": 0.61,
        "weightedAverageShsOut": 208050000,
        "weightedAverageShsOutDil": 209543000,
        "link": "https://www.sec.gov/Archives/edgar/data/78814/000093041308004720/0000930413-08-004720-index.htm",
        "finalLink": "https://www.sec.gov/Archives/edgar/data/78814/000093041308004720/c54466_10q.htm"
    },
    {
        "date": "2008-03-31",
        "symbol": "PBI",
        "reportedCurrency": "USD",
        "cik": "0000078814",
        "fillingDate": "2008-05-08",
        "acceptedDate": "2008-05-08 16:58:54",
        "calendarYear": "2008",
        "period": "Q1",
        "revenue": 1573957000,
        "costOfRevenue": 748312000,
        "grossProfit": 825645000,
        "grossProfitRatio": 0.5245664272,
        "researchAndDevelopmentExpenses": 50000000,
        "generalAndAdministrativeExpenses": 0,
        "sellingAndMarketingExpenses": 0,
        "sellingGeneralAndAdministrativeExpenses": 496495000,
        "otherExpenses": 279150000,
        "operatingExpenses": 825645000,
        "costAndExpenses": 1573957000,
        "interestIncome": 2990000,
        "interestExpense": 61767000,
        "depreciationAndAmortization": 97527000,
        "ebitda": 362574000,
        "ebitdaratio": 0.2303582626,
        "operatingIncome": 279150000,
        "operatingIncomeRatio": 0.177355544,
        "totalOtherIncomeExpensesNet": -75870000,
        "incomeBeforeTax": 203280000,
        "incomeBeforeTaxRatio": 0.1291521941,
        "incomeTaxExpense": 75547000,
        "netIncome": 119103000,
        "netIncomeRatio": 0.0756710634,
        "eps": 0.56,
        "epsdiluted": 0.56,
        "weightedAverageShsOut": 211783000,
        "weightedAverageShsOutDil": 213282000,
        "link": "https://www.sec.gov/Archives/edgar/data/78814/000093041308002933/0000930413-08-002933-index.htm",
        "finalLink": "https://www.sec.gov/Archives/edgar/data/78814/000093041308002933/c53425_10-q.htm"
    },
    {
        "date": "2007-12-31",
        "symbol": "PBI",
        "reportedCurrency": "USD",
        "cik": "0000078814",
        "fillingDate": "2008-02-29",
        "acceptedDate": "2008-02-29 15:03:46",
        "calendarYear": "2007",
        "period": "Q4",
        "revenue": 1664247000,
        "costOfRevenue": 798809000,
        "grossProfit": 865438000,
        "grossProfitRatio": 0.5200177618,
        "researchAndDevelopmentExpenses": 47301000,
        "generalAndAdministrativeExpenses": 0,
        "sellingAndMarketingExpenses": 0,
        "sellingGeneralAndAdministrativeExpenses": 513871000,
        "otherExpenses": 304266000,
        "operatingExpenses": 865438000,
        "costAndExpenses": 1664247000,
        "interestIncome": 0,
        "interestExpense": 250540000,
        "depreciationAndAmortization": 97819000,
        "ebitda": 402085000,
        "ebitdaratio": 0.2416017574,
        "operatingIncome": 304266000,
        "operatingIncomeRatio": 0.1828250254,
        "totalOtherIncomeExpensesNet": -321930000,
        "incomeBeforeTax": -17664000,
        "incomeBeforeTaxRatio": -0.0106138091,
        "incomeTaxExpense": 45656000,
        "netIncome": -57929000,
        "netIncomeRatio": -0.0348079342,
        "eps": -0.27,
        "epsdiluted": -0.27,
        "weightedAverageShsOut": 212648214,
        "weightedAverageShsOutDil": 212648214,
        "link": "https://www.sec.gov/Archives/edgar/data/78814/000093041308001359/0000930413-08-001359-index.htm",
        "finalLink": "https://www.sec.gov/Archives/edgar/data/78814/000093041308001359/c52528_10-k.htm"
    },
    {
        "date": "2007-09-30",
        "symbol": "PBI",
        "reportedCurrency": "USD",
        "cik": "0000078814",
        "fillingDate": "2007-11-08",
        "acceptedDate": "2007-11-08 16:06:55",
        "calendarYear": "2007",
        "period": "Q3",
        "revenue": 1508277000,
        "costOfRevenue": 709134000,
        "grossProfit": 799143000,
        "grossProfitRatio": 0.529838352,
        "researchAndDevelopmentExpenses": 47691000,
        "generalAndAdministrativeExpenses": 0,
        "sellingAndMarketingExpenses": 0,
        "sellingGeneralAndAdministrativeExpenses": 479772000,
        "otherExpenses": 271680000,
        "operatingExpenses": 799143000,
        "costAndExpenses": 1508277000,
        "interestIncome": 0,
        "interestExpense": 0,
        "depreciationAndAmortization": 96439000,
        "ebitda": 368119000,
        "ebitdaratio": 0.244065911,
        "operatingIncome": 271680000,
        "operatingIncomeRatio": 0.1801260644,
        "totalOtherIncomeExpensesNet": -70733000,
        "incomeBeforeTax": 200947000,
        "incomeBeforeTaxRatio": 0.1332295063,
        "incomeTaxExpense": 73272000,
        "netIncome": 127675000,
        "netIncomeRatio": 0.0846495703,
        "eps": 0.58,
        "epsdiluted": 0.58,
        "weightedAverageShsOut": 218299000,
        "weightedAverageShsOutDil": 221028000,
        "link": "https://www.sec.gov/Archives/edgar/data/78814/000093041307008516/0000930413-07-008516-index.htm",
        "finalLink": "https://www.sec.gov/Archives/edgar/data/78814/000093041307008516/c51084_10q.htm"
    },
    {
        "date": "2007-06-30",
        "symbol": "PBI",
        "reportedCurrency": "USD",
        "cik": "0000078814",
        "fillingDate": "2007-08-06",
        "acceptedDate": "2007-08-06 17:00:12",
        "calendarYear": "2007",
        "period": "Q2",
        "revenue": 1543034000,
        "costOfRevenue": 705309000,
        "grossProfit": 837725000,
        "grossProfitRatio": 0.5429076741,
        "researchAndDevelopmentExpenses": 47104000,
        "generalAndAdministrativeExpenses": 0,
        "sellingAndMarketingExpenses": 0,
        "sellingGeneralAndAdministrativeExpenses": 488115000,
        "otherExpenses": 302506000,
        "operatingExpenses": 837725000,
        "costAndExpenses": 1303069000,
        "interestIncome": 0,
        "interestExpense": 0,
        "depreciationAndAmortization": 97558000,
        "ebitda": 400064000,
        "ebitdaratio": 0.2592710206,
        "operatingIncome": 302506000,
        "operatingIncomeRatio": 0.196046231,
        "totalOtherIncomeExpensesNet": -68679000,
        "incomeBeforeTax": 233827000,
        "incomeBeforeTaxRatio": 0.1515371664,
        "incomeTaxExpense": 81588000,
        "netIncome": 152239000,
        "netIncomeRatio": 0.0986621163,
        "eps": 0.69,
        "epsdiluted": 0.68,
        "weightedAverageShsOut": 220605797,
        "weightedAverageShsOutDil": 223850000,
        "link": "https://www.sec.gov/Archives/edgar/data/78814/000093041307006472/0000930413-07-006472-index.htm",
        "finalLink": "https://www.sec.gov/Archives/edgar/data/78814/000093041307006472/c49691_10-q.htm"
    },
    {
        "date": "2007-03-31",
        "symbol": "PBI",
        "reportedCurrency": "USD",
        "cik": "0000078814",
        "fillingDate": "2007-05-04",
        "acceptedDate": "2007-05-04 17:28:42",
        "calendarYear": "2007",
        "period": "Q1",
        "revenue": 1414237000,
        "costOfRevenue": 657503000,
        "grossProfit": 756734000,
        "grossProfitRatio": 0.5350828751,
        "researchAndDevelopmentExpenses": 43569000,
        "generalAndAdministrativeExpenses": 0,
        "sellingAndMarketingExpenses": 0,
        "sellingGeneralAndAdministrativeExpenses": 425402000,
        "otherExpenses": 287763000,
        "operatingExpenses": 756734000,
        "costAndExpenses": 1183201000,
        "interestIncome": 0,
        "interestExpense": 0,
        "depreciationAndAmortization": 91325000,
        "ebitda": 379088000,
        "ebitdaratio": 0.2680512531,
        "operatingIncome": 287763000,
        "operatingIncomeRatio": 0.2034757965,
        "totalOtherIncomeExpensesNet": -63261000,
        "incomeBeforeTax": 224502000,
        "incomeBeforeTaxRatio": 0.1587442557,
        "incomeTaxExpense": 79706000,
        "netIncome": 144796000,
        "netIncomeRatio": 0.1023845367,
        "eps": 0.66,
        "epsdiluted": 0.65,
        "weightedAverageShsOut": 219356061,
        "weightedAverageShsOutDil": 222730769,
        "link": "https://www.sec.gov/Archives/edgar/data/78814/000093041307004141/0000930413-07-004141-index.htm",
        "finalLink": "https://www.sec.gov/Archives/edgar/data/78814/000093041307004141/c48316_10q.htm"
    },
    {
        "date": "2006-12-31",
        "symbol": "PBI",
        "reportedCurrency": "USD",
        "cik": "0000078814",
        "fillingDate": "2007-03-01",
        "acceptedDate": "2007-03-01 16:38:34",
        "calendarYear": "2006",
        "period": "Q4",
        "revenue": 1545832000,
        "costOfRevenue": 711552000,
        "grossProfit": 834280000,
        "grossProfitRatio": 0.5396964224,
        "researchAndDevelopmentExpenses": 40959000,
        "generalAndAdministrativeExpenses": 0,
        "sellingAndMarketingExpenses": 0,
        "sellingGeneralAndAdministrativeExpenses": 470641000,
        "otherExpenses": 322680000,
        "operatingExpenses": 834280000,
        "costAndExpenses": 1545832000,
        "interestIncome": 0,
        "interestExpense": 228418000,
        "depreciationAndAmortization": 91210000,
        "ebitda": 413890000,
        "ebitdaratio": 0.2677457835,
        "operatingIncome": 322680000,
        "operatingIncomeRatio": 0.208741959,
        "totalOtherIncomeExpensesNet": -67564000,
        "incomeBeforeTax": 255116000,
        "incomeBeforeTaxRatio": 0.1650347515,
        "incomeTaxExpense": 87782000,
        "netIncome": 159273000,
        "netIncomeRatio": 0.1030338355,
        "eps": 0.73,
        "epsdiluted": 0.73,
        "weightedAverageShsOut": 214994056,
        "weightedAverageShsOutDil": 219356061,
        "link": "https://www.sec.gov/Archives/edgar/data/78814/000120677407000561/0001206774-07-000561-index.htm",
        "finalLink": "https://www.sec.gov/Archives/edgar/data/78814/000120677407000561/pitneybowes_10k.htm"
    },
    {
        "date": "2006-09-30",
        "symbol": "PBI",
        "reportedCurrency": "USD",
        "cik": "0000078814",
        "fillingDate": "2006-11-09",
        "acceptedDate": "2006-11-09 10:35:54",
        "calendarYear": "2006",
        "period": "Q3",
        "revenue": 1433331000,
        "costOfRevenue": 663834000,
        "grossProfit": 769497000,
        "grossProfitRatio": 0.536859246,
        "researchAndDevelopmentExpenses": 41893000,
        "generalAndAdministrativeExpenses": 0,
        "sellingAndMarketingExpenses": 0,
        "sellingGeneralAndAdministrativeExpenses": 443426000,
        "otherExpenses": 284178000,
        "operatingExpenses": 769497000,
        "costAndExpenses": 1207886000,
        "interestIncome": 0,
        "interestExpense": 0,
        "depreciationAndAmortization": 93076000,
        "ebitda": 377254000,
        "ebitdaratio": 0.2632008936,
        "operatingIncome": 284178000,
        "operatingIncomeRatio": 0.1982640437,
        "totalOtherIncomeExpensesNet": -58733000,
        "incomeBeforeTax": 225445000,
        "incomeBeforeTaxRatio": 0.1572874654,
        "incomeTaxExpense": 77565000,
        "netIncome": 148620000,
        "netIncomeRatio": 0.1036885409,
        "eps": 0.67,
        "epsdiluted": 0.66,
        "weightedAverageShsOut": 221788060,
        "weightedAverageShsOutDil": 225148485,
        "link": "https://www.sec.gov/Archives/edgar/data/78814/000093041306007779/0000930413-06-007779-index.htm",
        "finalLink": "https://www.sec.gov/Archives/edgar/data/78814/000093041306007779/c45169.htm"
    },
    {
        "date": "2006-06-30",
        "symbol": "PBI",
        "reportedCurrency": "USD",
        "cik": "0000078814",
        "fillingDate": "2006-08-08",
        "acceptedDate": "2006-08-08 17:29:55",
        "calendarYear": "2006",
        "period": "Q2",
        "revenue": 1389210000,
        "costOfRevenue": 635015000,
        "grossProfit": 754195000,
        "grossProfitRatio": 0.5428948827,
        "researchAndDevelopmentExpenses": 40980000,
        "generalAndAdministrativeExpenses": 0,
        "sellingAndMarketingExpenses": 0,
        "sellingGeneralAndAdministrativeExpenses": 432531000,
        "otherExpenses": 280684000,
        "operatingExpenses": 754195000,
        "costAndExpenses": 1168637000,
        "interestIncome": 0,
        "interestExpense": 0,
        "depreciationAndAmortization": 89613000,
        "ebitda": 370297000,
        "ebitdaratio": 0.2665522131,
        "operatingIncome": 280684000,
        "operatingIncomeRatio": 0.202045767,
        "totalOtherIncomeExpensesNet": -60111000,
        "incomeBeforeTax": 220573000,
        "incomeBeforeTaxRatio": 0.158775851,
        "incomeTaxExpense": 96077000,
        "netIncome": -356074000,
        "netIncomeRatio": -0.2563140202,
        "eps": -1.61,
        "epsdiluted": -1.61,
        "weightedAverageShsOut": 221176398,
        "weightedAverageShsOutDil": 223958491,
        "link": "https://www.sec.gov/Archives/edgar/data/78814/000093041306005642/0000930413-06-005642-index.htm",
        "finalLink": "https://www.sec.gov/Archives/edgar/data/78814/000093041306005642/c43815_10-q.htm"
    },
    {
        "date": "2006-03-31",
        "symbol": "PBI",
        "reportedCurrency": "USD",
        "cik": "0000078814",
        "fillingDate": "2006-05-04",
        "acceptedDate": "2006-05-04 16:56:37",
        "calendarYear": "2006",
        "period": "Q1",
        "revenue": 1361646000,
        "costOfRevenue": 629926000,
        "grossProfit": 731720000,
        "grossProfitRatio": 0.5373790251,
        "researchAndDevelopmentExpenses": 41535000,
        "generalAndAdministrativeExpenses": 0,
        "sellingAndMarketingExpenses": 0,
        "sellingGeneralAndAdministrativeExpenses": 417663000,
        "otherExpenses": 0,
        "operatingExpenses": 731720000,
        "costAndExpenses": 1361646000,
        "interestIncome": 0,
        "interestExpense": 0,
        "depreciationAndAmortization": 89359000,
        "ebitda": 361881000,
        "ebitdaratio": 0.265767314,
        "operatingIncome": 272522000,
        "operatingIncomeRatio": 0.2001415933,
        "totalOtherIncomeExpensesNet": -59166000,
        "incomeBeforeTax": 213356000,
        "incomeBeforeTaxRatio": 0.1566897711,
        "incomeTaxExpense": 78921000,
        "netIncome": 153528000,
        "netIncomeRatio": 0.1127517725,
        "eps": 0.68,
        "epsdiluted": 0.67,
        "weightedAverageShsOut": 225742647,
        "weightedAverageShsOutDil": 229111940,
        "link": "https://www.sec.gov/Archives/edgar/data/78814/000007881406000007/0000078814-06-000007-index.htm",
        "finalLink": "https://www.sec.gov/Archives/edgar/data/78814/000007881406000007/ed10q033106.txt"
    },
    {
        "date": "2005-12-31",
        "symbol": "PBI",
        "reportedCurrency": "USD",
        "cik": "0000078814",
        "fillingDate": "2006-08-14",
        "acceptedDate": "2006-08-14 13:24:14",
        "calendarYear": "2005",
        "period": "Q4",
        "revenue": 1457787000,
        "costOfRevenue": 652381000,
        "grossProfit": 805406000,
        "grossProfitRatio": 0.5524853768,
        "researchAndDevelopmentExpenses": 42933000,
        "generalAndAdministrativeExpenses": 0,
        "sellingAndMarketingExpenses": 0,
        "sellingGeneralAndAdministrativeExpenses": 440261000,
        "otherExpenses": 322212000,
        "operatingExpenses": 805406000,
        "costAndExpenses": 1457787000,
        "interestIncome": 0,
        "interestExpense": 0,
        "depreciationAndAmortization": 83419000,
        "ebitda": 405631000,
        "ebitdaratio": 0.2782512123,
        "operatingIncome": 322212000,
        "operatingIncomeRatio": 0.2210281749,
        "totalOtherIncomeExpensesNet": -110951000,
        "incomeBeforeTax": 211261000,
        "incomeBeforeTaxRatio": 0.1449189765,
        "incomeTaxExpense": 117617000,
        "netIncome": 93644000,
        "netIncomeRatio": 0.0642370936,
        "eps": 0.41,
        "epsdiluted": 0.41,
        "weightedAverageShsOut": 225742647,
        "weightedAverageShsOutDil": 225742647,
        "link": "https://www.sec.gov/Archives/edgar/data/78814/000093041306005881/0000930413-06-005881-index.htm",
        "finalLink": "https://www.sec.gov/Archives/edgar/data/78814/000093041306005881/c43842_10ka.htm"
    },
    {
        "date": "2005-09-30",
        "symbol": "PBI",
        "reportedCurrency": "USD",
        "cik": "0000078814",
        "fillingDate": "2005-11-08",
        "acceptedDate": "2005-11-08 16:55:21",
        "calendarYear": "2005",
        "period": "Q3",
        "revenue": 1329029000,
        "costOfRevenue": 609986000,
        "grossProfit": 719043000,
        "grossProfitRatio": 0.5410288263,
        "researchAndDevelopmentExpenses": 40029000,
        "generalAndAdministrativeExpenses": 0,
        "sellingAndMarketingExpenses": 0,
        "sellingGeneralAndAdministrativeExpenses": 412049000,
        "otherExpenses": 0,
        "operatingExpenses": 461144000,
        "costAndExpenses": 1071130000,
        "interestIncome": 0,
        "interestExpense": 0,
        "depreciationAndAmortization": 83923000,
        "ebitda": 349714000,
        "ebitdaratio": 0.2631349655,
        "operatingIncome": 265791000,
        "operatingIncomeRatio": 0.1999888641,
        "totalOtherIncomeExpensesNet": -62339000,
        "incomeBeforeTax": 203452000,
        "incomeBeforeTaxRatio": 0.1530831908,
        "incomeTaxExpense": 68023000,
        "netIncome": 139808000,
        "netIncomeRatio": 0.1051955977,
        "eps": 0.61,
        "epsdiluted": 0.6,
        "weightedAverageShsOut": 229159016,
        "weightedAverageShsOutDil": 232978333,
        "link": "https://www.sec.gov/Archives/edgar/data/78814/000007881405000065/0000078814-05-000065-index.htm",
        "finalLink": "https://www.sec.gov/Archives/edgar/data/78814/000007881405000065/ed10q110805.txt"
    },
    {
        "date": "2005-06-30",
        "symbol": "PBI",
        "reportedCurrency": "USD",
        "cik": "0000078814",
        "fillingDate": "2005-08-08",
        "acceptedDate": "2005-08-08 11:06:40",
        "calendarYear": "2005",
        "period": "Q2",
        "revenue": 1322606000,
        "costOfRevenue": 617552000,
        "grossProfit": 705054000,
        "grossProfitRatio": 0.5330793902,
        "researchAndDevelopmentExpenses": 40295000,
        "generalAndAdministrativeExpenses": 0,
        "sellingAndMarketingExpenses": 0,
        "sellingGeneralAndAdministrativeExpenses": 406744000,
        "otherExpenses": 0,
        "operatingExpenses": 455954000,
        "costAndExpenses": 1073506000,
        "interestIncome": 0,
        "interestExpense": 0,
        "depreciationAndAmortization": 82083000,
        "ebitda": 339035000,
        "ebitdaratio": 0.2563386224,
        "operatingIncome": 256952000,
        "operatingIncomeRatio": 0.1942770561,
        "totalOtherIncomeExpensesNet": -71557000,
        "incomeBeforeTax": 185395000,
        "incomeBeforeTaxRatio": 0.1401740201,
        "incomeTaxExpense": 61634000,
        "netIncome": 134958000,
        "netIncomeRatio": 0.1020394585,
        "eps": 0.59,
        "epsdiluted": 0.58,
        "weightedAverageShsOut": 228701695,
        "weightedAverageShsOutDil": 232644828,
        "link": "https://www.sec.gov/Archives/edgar/data/78814/000007881405000057/0000078814-05-000057-index.htm",
        "finalLink": "https://www.sec.gov/Archives/edgar/data/78814/000007881405000057/ed10q08052005.txt"
    },
    {
        "date": "2005-03-31",
        "symbol": "PBI",
        "reportedCurrency": "USD",
        "cik": "0000078814",
        "fillingDate": "2005-05-06",
        "acceptedDate": "2005-05-06 16:43:45",
        "calendarYear": "2005",
        "period": "Q1",
        "revenue": 1317788000,
        "costOfRevenue": 599110000,
        "grossProfit": 718678000,
        "grossProfitRatio": 0.5453669331,
        "researchAndDevelopmentExpenses": 41549000,
        "generalAndAdministrativeExpenses": 0,
        "sellingAndMarketingExpenses": 0,
        "sellingGeneralAndAdministrativeExpenses": 408384000,
        "otherExpenses": 262186000,
        "operatingExpenses": 717774000,
        "costAndExpenses": 1317788000,
        "interestIncome": 0,
        "interestExpense": 0,
        "depreciationAndAmortization": 82538000,
        "ebitda": 344724000,
        "ebitdaratio": 0.2615929118,
        "operatingIncome": 262186000,
        "operatingIncomeRatio": 0.1989591649,
        "totalOtherIncomeExpensesNet": -40976000,
        "incomeBeforeTax": 221210000,
        "incomeBeforeTaxRatio": 0.1678646338,
        "incomeTaxExpense": 75935000,
        "netIncome": 145275000,
        "netIncomeRatio": 0.1102415563,
        "eps": 0.63,
        "epsdiluted": 0.62,
        "weightedAverageShsOut": 230557143,
        "weightedAverageShsOutDil": 234275806,
        "link": "https://www.sec.gov/Archives/edgar/data/78814/000095012305005799/0000950123-05-005799-index.htm",
        "finalLink": "https://www.sec.gov/Archives/edgar/data/78814/000095012305005799/y08038e10vq.htm"
    },
    {
        "date": "2004-12-31",
        "symbol": "PBI",
        "reportedCurrency": "USD",
        "cik": "0000078814",
        "fillingDate": "2005-03-08",
        "acceptedDate": "2005-03-08 10:41:19",
        "calendarYear": "2004",
        "period": "Q4",
        "revenue": 1362095000,
        "costOfRevenue": 618460000,
        "grossProfit": 743635000,
        "grossProfitRatio": 0.5459494382,
        "researchAndDevelopmentExpenses": 42272000,
        "generalAndAdministrativeExpenses": 0,
        "sellingAndMarketingExpenses": 0,
        "sellingGeneralAndAdministrativeExpenses": 411557000,
        "otherExpenses": 289806000,
        "operatingExpenses": 743635000,
        "costAndExpenses": 1362095000,
        "interestIncome": 0,
        "interestExpense": 172403000000,
        "depreciationAndAmortization": 81013000,
        "ebitda": 370819000,
        "ebitdaratio": 0.2722416572,
        "operatingIncome": 289806000,
        "operatingIncomeRatio": 0.2127648953,
        "totalOtherIncomeExpensesNet": -174965000,
        "incomeBeforeTax": 114841000,
        "incomeBeforeTaxRatio": 0.084312034,
        "incomeTaxExpense": 32143000,
        "netIncome": 82698000,
        "netIncomeRatio": 0.0607138269,
        "eps": 0.36,
        "epsdiluted": 0.36,
        "weightedAverageShsOut": 230009935,
        "weightedAverageShsOutDil": 230123077,
        "link": "https://www.sec.gov/Archives/edgar/data/78814/000120677405000278/0001206774-05-000278-index.htm",
        "finalLink": "https://www.sec.gov/Archives/edgar/data/78814/000120677405000278/d16410.htm"
    },
    {
        "date": "2004-09-30",
        "symbol": "PBI",
        "reportedCurrency": "USD",
        "cik": "0000078814",
        "fillingDate": "2004-11-08",
        "acceptedDate": "2004-11-08 17:04:24",
        "calendarYear": "2004",
        "period": "Q3",
        "revenue": 1217522000,
        "costOfRevenue": 544214000,
        "grossProfit": 673308000,
        "grossProfitRatio": 0.5530150585,
        "researchAndDevelopmentExpenses": 42629000,
        "generalAndAdministrativeExpenses": 0,
        "sellingAndMarketingExpenses": 0,
        "sellingGeneralAndAdministrativeExpenses": 372424000,
        "otherExpenses": 0,
        "operatingExpenses": 415053000,
        "costAndExpenses": 959267000,
        "interestIncome": 0,
        "interestExpense": 0,
        "depreciationAndAmortization": 76993000,
        "ebitda": 335248000,
        "ebitdaratio": 0.2753527246,
        "operatingIncome": 258255000,
        "operatingIncomeRatio": 0.2121152636,
        "totalOtherIncomeExpensesNet": -57617000,
        "incomeBeforeTax": 200638000,
        "incomeBeforeTaxRatio": 0.1647920941,
        "incomeTaxExpense": 64122000,
        "netIncome": 136516000,
        "netIncomeRatio": 0.1121261053,
        "eps": 0.59,
        "epsdiluted": 0.58,
        "weightedAverageShsOut": 231340678,
        "weightedAverageShsOutDil": 235329310,
        "link": "https://www.sec.gov/Archives/edgar/data/78814/000007881404000108/0000078814-04-000108-index.htm",
        "finalLink": "https://www.sec.gov/Archives/edgar/data/78814/000007881404000108/ed10q110804.txt"
    },
    {
        "date": "2004-06-30",
        "symbol": "PBI",
        "reportedCurrency": "USD",
        "cik": "0000078814",
        "fillingDate": "2004-08-05",
        "acceptedDate": "2004-08-05 16:27:00",
        "calendarYear": "2004",
        "period": "Q2",
        "revenue": 1205901000,
        "costOfRevenue": 545816000,
        "grossProfit": 660085000,
        "grossProfitRatio": 0.5473790966,
        "researchAndDevelopmentExpenses": 38930000,
        "generalAndAdministrativeExpenses": 0,
        "sellingAndMarketingExpenses": 0,
        "sellingGeneralAndAdministrativeExpenses": 365322000,
        "otherExpenses": 0,
        "operatingExpenses": 404252000,
        "costAndExpenses": 950068000,
        "interestIncome": 0,
        "interestExpense": 0,
        "depreciationAndAmortization": 75351000,
        "ebitda": 331184000,
        "ebitdaratio": 0.2746361434,
        "operatingIncome": 255833000,
        "operatingIncomeRatio": 0.2121509145,
        "totalOtherIncomeExpensesNet": -57885000,
        "incomeBeforeTax": 197948000,
        "incomeBeforeTaxRatio": 0.1641494617,
        "incomeTaxExpense": 63230000,
        "netIncome": 134718000,
        "netIncomeRatio": 0.1117156383,
        "eps": 0.58,
        "epsdiluted": 0.58,
        "weightedAverageShsOut": 232229310,
        "weightedAverageShsOutDil": 232229310,
        "link": "https://www.sec.gov/Archives/edgar/data/78814/000007881404000082/0000078814-04-000082-index.htm",
        "finalLink": "https://www.sec.gov/Archives/edgar/data/78814/000007881404000082/ed080504.txt"
    },
    {
        "date": "2004-03-31",
        "symbol": "PBI",
        "reportedCurrency": "USD",
        "cik": "0000078814",
        "fillingDate": "2004-05-07",
        "acceptedDate": "2004-05-07 11:47:17",
        "calendarYear": "2004",
        "period": "Q1",
        "revenue": 1171922000,
        "costOfRevenue": 532590000,
        "grossProfit": 639332000,
        "grossProfitRatio": 0.5455414268,
        "researchAndDevelopmentExpenses": 36004000,
        "generalAndAdministrativeExpenses": 0,
        "sellingAndMarketingExpenses": 0,
        "sellingGeneralAndAdministrativeExpenses": 361728000,
        "otherExpenses": 0,
        "operatingExpenses": 397732000,
        "costAndExpenses": 930322000,
        "interestIncome": 0,
        "interestExpense": 0,
        "depreciationAndAmortization": 73393000,
        "ebitda": 314993000,
        "ebitdaratio": 0.2687832467,
        "operatingIncome": 241600000,
        "operatingIncomeRatio": 0.2061570651,
        "totalOtherIncomeExpensesNet": -55579000,
        "incomeBeforeTax": 186021000,
        "incomeBeforeTaxRatio": 0.1587315538,
        "incomeTaxExpense": 59427000,
        "netIncome": 126594000,
        "netIncomeRatio": 0.1080225476,
        "eps": 0.55,
        "epsdiluted": 0.54,
        "weightedAverageShsOut": 230125455,
        "weightedAverageShsOutDil": 234387037,
        "link": "https://www.sec.gov/Archives/edgar/data/78814/000007881404000027/0000078814-04-000027-index.htm",
        "finalLink": "https://www.sec.gov/Archives/edgar/data/78814/000007881404000027/ed050504.txt"
    },
    {
        "date": "2003-12-31",
        "symbol": "PBI",
        "reportedCurrency": "USD",
        "cik": "0000078814",
        "fillingDate": "2004-03-09",
        "acceptedDate": "2004-03-09 09:59:44",
        "calendarYear": "2003",
        "period": "Q4",
        "revenue": 1215017000,
        "costOfRevenue": 586772000,
        "grossProfit": 628245000,
        "grossProfitRatio": 0.5170668394,
        "researchAndDevelopmentExpenses": 37499000,
        "generalAndAdministrativeExpenses": 0,
        "sellingAndMarketingExpenses": 0,
        "sellingGeneralAndAdministrativeExpenses": 320180000,
        "otherExpenses": 270566000,
        "operatingExpenses": 628245000,
        "costAndExpenses": 1215017000,
        "interestIncome": 0,
        "interestExpense": 167649000000,
        "depreciationAndAmortization": 75925000,
        "ebitda": 346491000,
        "ebitdaratio": 0.2851737877,
        "operatingIncome": 270566000,
        "operatingIncomeRatio": 0.2226849501,
        "totalOtherIncomeExpensesNet": -60512000,
        "incomeBeforeTax": 210054000,
        "incomeBeforeTaxRatio": 0.1728815317,
        "incomeTaxExpense": 66460000,
        "netIncome": 146864000,
        "netIncomeRatio": 0.1208740289,
        "eps": 0.64,
        "epsdiluted": 0.64,
        "weightedAverageShsOut": 230125455,
        "weightedAverageShsOutDil": 230125455,
        "link": "https://www.sec.gov/Archives/edgar/data/78814/000120677404000120/0001206774-04-000120-index.htm",
        "finalLink": "https://www.sec.gov/Archives/edgar/data/78814/000120677404000120/d13986.htm"
    },
    {
        "date": "2003-09-30",
        "symbol": "PBI",
        "reportedCurrency": "USD",
        "cik": "0000078814",
        "fillingDate": "2003-11-12",
        "acceptedDate": "2003-11-12 15:44:00",
        "calendarYear": "2003",
        "period": "Q3",
        "revenue": 1137149000,
        "costOfRevenue": 543721000,
        "grossProfit": 593428000,
        "grossProfitRatio": 0.5218559749,
        "researchAndDevelopmentExpenses": 35004000,
        "generalAndAdministrativeExpenses": 0,
        "sellingAndMarketingExpenses": 0,
        "sellingGeneralAndAdministrativeExpenses": 302420000,
        "otherExpenses": 0,
        "operatingExpenses": 337424000,
        "costAndExpenses": 881145000,
        "interestIncome": 0,
        "interestExpense": 0,
        "depreciationAndAmortization": 74377000,
        "ebitda": 330381000,
        "ebitdaratio": 0.2905344858,
        "operatingIncome": 256004000,
        "operatingIncomeRatio": 0.2251279296,
        "totalOtherIncomeExpensesNet": -84210000,
        "incomeBeforeTax": 171794000,
        "incomeBeforeTaxRatio": 0.1510743095,
        "incomeTaxExpense": 53340000,
        "netIncome": 118454000,
        "netIncomeRatio": 0.1041675277,
        "eps": 0.51,
        "epsdiluted": 0.5,
        "weightedAverageShsOut": 232209804,
        "weightedAverageShsOutDil": 236854000,
        "link": "https://www.sec.gov/Archives/edgar/data/78814/000007881403000029/0000078814-03-000029-index.htm",
        "finalLink": "https://www.sec.gov/Archives/edgar/data/78814/000007881403000029/ed11032003.txt"
    },
    {
        "date": "2003-06-30",
        "symbol": "PBI",
        "reportedCurrency": "USD",
        "cik": "0000078814",
        "fillingDate": "2003-08-11",
        "acceptedDate": "2003-08-11 15:29:37",
        "calendarYear": "2003",
        "period": "Q2",
        "revenue": 1133878000,
        "costOfRevenue": 547510000,
        "grossProfit": 586368000,
        "grossProfitRatio": 0.5171350004,
        "researchAndDevelopmentExpenses": 39008000,
        "generalAndAdministrativeExpenses": 0,
        "sellingAndMarketingExpenses": 0,
        "sellingGeneralAndAdministrativeExpenses": 302123000,
        "otherExpenses": 0,
        "operatingExpenses": 341131000,
        "costAndExpenses": 888641000,
        "interestIncome": 0,
        "interestExpense": 0,
        "depreciationAndAmortization": 71024000,
        "ebitda": 316261000,
        "ebitdaratio": 0.278919778,
        "operatingIncome": 245237000,
        "operatingIncomeRatio": 0.2162816458,
        "totalOtherIncomeExpensesNet": -72269000,
        "incomeBeforeTax": 172968000,
        "incomeBeforeTaxRatio": 0.152545512,
        "incomeTaxExpense": 54072000,
        "netIncome": 118896000,
        "netIncomeRatio": 0.1048578418,
        "eps": 0.51,
        "epsdiluted": 0.5,
        "weightedAverageShsOut": 233076471,
        "weightedAverageShsOutDil": 237738000,
        "link": "https://www.sec.gov/Archives/edgar/data/78814/000007881403000021/0000078814-03-000021-index.htm",
        "finalLink": "https://www.sec.gov/Archives/edgar/data/78814/000007881403000021/ed10q081103.txt"
    },
    {
        "date": "2003-03-31",
        "symbol": "PBI",
        "reportedCurrency": "USD",
        "cik": "0000078814",
        "fillingDate": "2003-05-12",
        "acceptedDate": "2003-05-12 17:28:52",
        "calendarYear": "2003",
        "period": "Q1",
        "revenue": 1090809000,
        "costOfRevenue": 529087000,
        "grossProfit": 561722000,
        "grossProfitRatio": 0.5149590808,
        "researchAndDevelopmentExpenses": 35751000,
        "generalAndAdministrativeExpenses": 0,
        "sellingAndMarketingExpenses": 0,
        "sellingGeneralAndAdministrativeExpenses": 295150000,
        "otherExpenses": 0,
        "operatingExpenses": 330901000,
        "costAndExpenses": 859988000,
        "interestIncome": 0,
        "interestExpense": 0,
        "depreciationAndAmortization": 67482000,
        "ebitda": 298303000,
        "ebitdaratio": 0.2734695075,
        "operatingIncome": 230821000,
        "operatingIncomeRatio": 0.2116053315,
        "totalOtherIncomeExpensesNet": -64546000,
        "incomeBeforeTax": 166275000,
        "incomeBeforeTaxRatio": 0.1524327357,
        "incomeTaxExpense": 52372000,
        "netIncome": 113903000,
        "netIncomeRatio": 0.1044206639,
        "eps": 0.48,
        "epsdiluted": 0.48,
        "weightedAverageShsOut": 237239583,
        "weightedAverageShsOutDil": 237239583,
        "link": "https://www.sec.gov/Archives/edgar/data/78814/000007881403000011/0000078814-03-000011-index.htm",
        "finalLink": "https://www.sec.gov/Archives/edgar/data/78814/000007881403000011/ed10q051203.txt"
    },
    {
        "date": "2002-12-31",
        "symbol": "PBI",
        "reportedCurrency": "USD",
        "cik": "0000078814",
        "fillingDate": "2003-03-18",
        "acceptedDate": "2003-03-18 09:29:15",
        "calendarYear": "2002",
        "period": "Q4",
        "revenue": 1164854000,
        "costOfRevenue": 683979000,
        "grossProfit": 480875000,
        "grossProfitRatio": 0.4128199757,
        "researchAndDevelopmentExpenses": 37180000,
        "generalAndAdministrativeExpenses": 0,
        "sellingAndMarketingExpenses": 0,
        "sellingGeneralAndAdministrativeExpenses": 387546000,
        "otherExpenses": 0,
        "operatingExpenses": 480875000,
        "costAndExpenses": 1164854000,
        "interestIncome": 0,
        "interestExpense": 185352000000,
        "depreciationAndAmortization": 68313000,
        "ebitda": 124462000,
        "ebitdaratio": 0.1068477251,
        "operatingIncome": 56149000,
        "operatingIncomeRatio": 0.0482026074,
        "totalOtherIncomeExpensesNet": -47339000,
        "incomeBeforeTax": 8810000,
        "incomeBeforeTaxRatio": 0.0075631796,
        "incomeTaxExpense": -9390000,
        "netIncome": 56244000,
        "netIncomeRatio": 0.0482841627,
        "eps": 0.24,
        "epsdiluted": 0.24,
        "weightedAverageShsOut": 237101350,
        "weightedAverageShsOutDil": 237239583,
        "link": "https://www.sec.gov/Archives/edgar/data/78814/000095013003002130/0000950130-03-002130-index.htm",
        "finalLink": "https://www.sec.gov/Archives/edgar/data/78814/000095013003002130/d10k.htm"
    },
    {
        "date": "2002-09-30",
        "symbol": "PBI",
        "reportedCurrency": "USD",
        "cik": "0000078814",
        "fillingDate": "2002-11-12",
        "acceptedDate": "2002-11-12 10:44:33",
        "calendarYear": "2002",
        "period": "Q3",
        "revenue": 1114071000,
        "costOfRevenue": 447835000,
        "grossProfit": 666236000,
        "grossProfitRatio": 0.5980193363,
        "researchAndDevelopmentExpenses": 33925000,
        "generalAndAdministrativeExpenses": 0,
        "sellingAndMarketingExpenses": 0,
        "sellingGeneralAndAdministrativeExpenses": 377336000,
        "otherExpenses": 0,
        "operatingExpenses": 411261000,
        "costAndExpenses": 859096000,
        "interestIncome": 0,
        "interestExpense": 0,
        "depreciationAndAmortization": 66842000,
        "ebitda": 321817000,
        "ebitdaratio": 0.2888657904,
        "operatingIncome": 254975000,
        "operatingIncomeRatio": 0.228867819,
        "totalOtherIncomeExpensesNet": -41190000,
        "incomeBeforeTax": 213785000,
        "incomeBeforeTaxRatio": 0.1918953101,
        "incomeTaxExpense": 66899000,
        "netIncome": 146886000,
        "netIncomeRatio": 0.131846175,
        "eps": 0.62,
        "epsdiluted": 0.61,
        "weightedAverageShsOut": 236864516,
        "weightedAverageShsOutDil": 240747541,
        "link": "https://www.sec.gov/Archives/edgar/data/78814/000007881402000027/0000078814-02-000027-index.htm",
        "finalLink": "https://www.sec.gov/Archives/edgar/data/78814/000007881402000027/ed10q111402.txt"
    },
    {
        "date": "2002-06-30",
        "symbol": "PBI",
        "reportedCurrency": "USD",
        "cik": "0000078814",
        "fillingDate": "2002-08-13",
        "acceptedDate": "2002-08-13 14:29:27",
        "calendarYear": "2002",
        "period": "Q2",
        "revenue": 1081325000,
        "costOfRevenue": 429659000,
        "grossProfit": 651666000,
        "grossProfitRatio": 0.6026550759,
        "researchAndDevelopmentExpenses": 36095000,
        "generalAndAdministrativeExpenses": 0,
        "sellingAndMarketingExpenses": 0,
        "sellingGeneralAndAdministrativeExpenses": 361930000,
        "otherExpenses": 0,
        "operatingExpenses": 398025000,
        "costAndExpenses": 827684000,
        "interestIncome": 0,
        "interestExpense": 0,
        "depreciationAndAmortization": 63479000,
        "ebitda": 317120000,
        "ebitdaratio": 0.293269831,
        "operatingIncome": 253641000,
        "operatingIncomeRatio": 0.2345650013,
        "totalOtherIncomeExpensesNet": -45327000,
        "incomeBeforeTax": 208314000,
        "incomeBeforeTaxRatio": 0.192646984,
        "incomeTaxExpense": 65211000,
        "netIncome": 143103000,
        "netIncomeRatio": 0.1323404157,
        "eps": 0.6,
        "epsdiluted": 0.59,
        "weightedAverageShsOut": 238453333,
        "weightedAverageShsOutDil": 242494915,
        "link": "https://www.sec.gov/Archives/edgar/data/78814/000007881402000019/0000078814-02-000019-index.htm",
        "finalLink": "https://www.sec.gov/Archives/edgar/data/78814/000007881402000019/ed081202.txt"
    },
    {
        "date": "2002-03-31",
        "symbol": "PBI",
        "reportedCurrency": "USD",
        "cik": "0000078814",
        "fillingDate": "2002-05-10",
        "acceptedDate": "2002-05-10 16:55:44",
        "calendarYear": "2002",
        "period": "Q1",
        "revenue": 1049508000,
        "costOfRevenue": 424937000,
        "grossProfit": 624571000,
        "grossProfitRatio": 0.5951083746,
        "researchAndDevelopmentExpenses": 34069000,
        "generalAndAdministrativeExpenses": 0,
        "sellingAndMarketingExpenses": 0,
        "sellingGeneralAndAdministrativeExpenses": 356668000,
        "otherExpenses": 0,
        "operatingExpenses": 390737000,
        "costAndExpenses": 815674000,
        "interestIncome": 0,
        "interestExpense": 0,
        "depreciationAndAmortization": 65616000,
        "ebitda": 299450000,
        "ebitdaratio": 0.2853241709,
        "operatingIncome": 233834000,
        "operatingIncomeRatio": 0.2228034469,
        "totalOtherIncomeExpensesNet": -45298000,
        "incomeBeforeTax": 188536000,
        "incomeBeforeTaxRatio": 0.1796422705,
        "incomeTaxExpense": 59019000,
        "netIncome": 129517000,
        "netIncomeRatio": 0.123407349,
        "eps": 0.54,
        "epsdiluted": 0.53,
        "weightedAverageShsOut": 239790741,
        "weightedAverageShsOutDil": 244315094,
        "link": "https://www.sec.gov/Archives/edgar/data/78814/000007881402000006/0000078814-02-000006-index.htm",
        "finalLink": "https://www.sec.gov/Archives/edgar/data/78814/000007881402000006/ed033102.txt"
    },
    {
        "date": "2001-12-31",
        "symbol": "PBI",
        "reportedCurrency": "USD",
        "cik": "0000078814",
        "fillingDate": "2002-03-14",
        "acceptedDate": "2002-03-14 00:00:00",
        "calendarYear": "2001",
        "period": "Q4",
        "revenue": 1090807000,
        "costOfRevenue": 451166000,
        "grossProfit": 639641000,
        "grossProfitRatio": 0.5863924599,
        "researchAndDevelopmentExpenses": 35084000,
        "generalAndAdministrativeExpenses": 0,
        "sellingAndMarketingExpenses": 0,
        "sellingGeneralAndAdministrativeExpenses": 366262000,
        "otherExpenses": 0,
        "operatingExpenses": 401346000,
        "costAndExpenses": 852512000,
        "interestIncome": 0,
        "interestExpense": 0,
        "depreciationAndAmortization": 73832000,
        "ebitda": 312127000,
        "ebitdaratio": 0.2861431949,
        "operatingIncome": 238295000,
        "operatingIncomeRatio": 0.2184575273,
        "totalOtherIncomeExpensesNet": -95550000,
        "incomeBeforeTax": 142745000,
        "incomeBeforeTaxRatio": 0.1308618298,
        "incomeTaxExpense": 42316000,
        "netIncome": 90163000,
        "netIncomeRatio": 0.082657152,
        "eps": 0.38,
        "epsdiluted": 0.38,
        "weightedAverageShsOut": 239643659,
        "weightedAverageShsOutDil": 239790741,
        "link": "https://www.sec.gov/Archives/edgar/data/78814/000095013002001574/0000950130-02-001574-index.htm",
        "finalLink": "https://www.sec.gov/Archives/edgar/data/78814/000095013002001574/d10k405.txt"
    },
    {
        "date": "2001-09-30",
        "symbol": "PBI",
        "reportedCurrency": "USD",
        "cik": "0000078814",
        "fillingDate": "2001-11-13",
        "acceptedDate": "2001-11-13 00:00:00",
        "calendarYear": "2001",
        "period": "Q3",
        "revenue": 1044480000,
        "costOfRevenue": 428378000,
        "grossProfit": 616102000,
        "grossProfitRatio": 0.5898648131,
        "researchAndDevelopmentExpenses": 31554000,
        "generalAndAdministrativeExpenses": 0,
        "sellingAndMarketingExpenses": 0,
        "sellingGeneralAndAdministrativeExpenses": 344850000,
        "otherExpenses": 0,
        "operatingExpenses": 376404000,
        "costAndExpenses": 804782000,
        "interestIncome": 0,
        "interestExpense": 0,
        "depreciationAndAmortization": 82932000,
        "ebitda": 322630000,
        "ebitdaratio": 0.3088905484,
        "operatingIncome": 239698000,
        "operatingIncomeRatio": 0.2294902727,
        "totalOtherIncomeExpensesNet": -63194000,
        "incomeBeforeTax": 176504000,
        "incomeBeforeTaxRatio": 0.1689874387,
        "incomeTaxExpense": 54406000,
        "netIncome": 117214000,
        "netIncomeRatio": 0.1122223499,
        "eps": 0.48,
        "epsdiluted": 0.47,
        "weightedAverageShsOut": 244195833,
        "weightedAverageShsOutDil": 249391489,
        "link": "https://www.sec.gov/Archives/edgar/data/78814/000007881401500020/0000078814-01-500020-index.htm",
        "finalLink": "https://www.sec.gov/Archives/edgar/data/78814/000007881401500020/ed0901.txt"
    },
    {
        "date": "2001-06-30",
        "symbol": "PBI",
        "reportedCurrency": "USD",
        "cik": "0000078814",
        "fillingDate": "2001-08-13",
        "acceptedDate": "2001-08-13 00:00:00",
        "calendarYear": "2001",
        "period": "Q2",
        "revenue": 1020864000,
        "costOfRevenue": 641888000,
        "grossProfit": 378976000,
        "grossProfitRatio": 0.3712306438,
        "researchAndDevelopmentExpenses": 34865000,
        "generalAndAdministrativeExpenses": 0,
        "sellingAndMarketingExpenses": 0,
        "sellingGeneralAndAdministrativeExpenses": 336137000,
        "otherExpenses": 0,
        "operatingExpenses": 371002000,
        "costAndExpenses": 1012890000,
        "interestIncome": 0,
        "interestExpense": 0,
        "depreciationAndAmortization": 80466000,
        "ebitda": 88440000,
        "ebitdaratio": 0.0866324995,
        "operatingIncome": 7974000,
        "operatingIncomeRatio": 0.0078110307,
        "totalOtherIncomeExpensesNet": 290262000,
        "incomeBeforeTax": 298236000,
        "incomeBeforeTaxRatio": 0.2921407749,
        "incomeTaxExpense": 110380000,
        "netIncome": 177029000,
        "netIncomeRatio": 0.1734109539,
        "eps": 0.72,
        "epsdiluted": 0.71,
        "weightedAverageShsOut": 245873611,
        "weightedAverageShsOutDil": 249336620,
        "link": "https://www.sec.gov/Archives/edgar/data/78814/000007881401500011/0000078814-01-500011-index.htm",
        "finalLink": "https://www.sec.gov/Archives/edgar/data/78814/000007881401500011/ed2q01.txt"
    },
    {
        "date": "2001-03-31",
        "symbol": "PBI",
        "reportedCurrency": "USD",
        "cik": "0000078814",
        "fillingDate": "2001-05-11",
        "acceptedDate": "2001-05-11 00:00:00",
        "calendarYear": "2001",
        "period": "Q1",
        "revenue": 966323000,
        "costOfRevenue": 288964000,
        "grossProfit": 677359000,
        "grossProfitRatio": 0.7009654122,
        "researchAndDevelopmentExpenses": 31602000,
        "generalAndAdministrativeExpenses": 0,
        "sellingAndMarketingExpenses": 0,
        "sellingGeneralAndAdministrativeExpenses": 322903000,
        "otherExpenses": 80219000,
        "operatingExpenses": 434724000,
        "costAndExpenses": 723688000,
        "interestIncome": 0,
        "interestExpense": 0,
        "depreciationAndAmortization": 80219000,
        "ebitda": 322854000,
        "ebitdaratio": 0.3341056769,
        "operatingIncome": 242635000,
        "operatingIncomeRatio": 0.2510909913,
        "totalOtherIncomeExpensesNet": -93736000,
        "incomeBeforeTax": 148899000,
        "incomeBeforeTaxRatio": 0.1540882293,
        "incomeTaxExpense": 44962000,
        "netIncome": 103937000,
        "netIncomeRatio": 0.1075592737,
        "eps": 0.42,
        "epsdiluted": 0.42,
        "weightedAverageShsOut": 247469048,
        "weightedAverageShsOutDil": 247469048,
        "link": "https://www.sec.gov/Archives/edgar/data/78814/000007881401500003/0000078814-01-500003-index.htm",
        "finalLink": "https://www.sec.gov/Archives/edgar/data/78814/000007881401500003/ed1q01a.txt"
    },
    {
        "date": "2000-12-31",
        "symbol": "PBI",
        "reportedCurrency": "USD",
        "cik": "0000078814",
        "fillingDate": "2001-03-26",
        "acceptedDate": "2001-03-26 00:00:00",
        "calendarYear": "2000",
        "period": "Q4",
        "revenue": 496555000,
        "costOfRevenue": 78493000,
        "grossProfit": 418062000,
        "grossProfitRatio": 0.8419248623,
        "researchAndDevelopmentExpenses": 32807000,
        "generalAndAdministrativeExpenses": 0,
        "sellingAndMarketingExpenses": 0,
        "sellingGeneralAndAdministrativeExpenses": 147438000,
        "otherExpenses": 84773000,
        "operatingExpenses": 265018000,
        "costAndExpenses": 343511000,
        "interestIncome": 0,
        "interestExpense": 0,
        "depreciationAndAmortization": 84773000,
        "ebitda": 237817000,
        "ebitdaratio": 0.4789338543,
        "operatingIncome": 153044000,
        "operatingIncomeRatio": 0.3082115778,
        "totalOtherIncomeExpensesNet": -39937000,
        "incomeBeforeTax": 113107000,
        "incomeBeforeTaxRatio": 0.2277834278,
        "incomeTaxExpense": 28925000,
        "netIncome": 143600000,
        "netIncomeRatio": 0.2891925366,
        "eps": 0.58,
        "epsdiluted": 0.58,
        "weightedAverageShsOut": 247469048,
        "weightedAverageShsOutDil": 247469048,
        "link": "https://www.sec.gov/Archives/edgar/data/78814/000095013001001467/0000950130-01-001467-index.htm",
        "finalLink": "https://www.sec.gov/Archives/edgar/data/78814/000095013001001467/0000950130-01-001467-0001.txt"
    },
    {
        "date": "2000-09-30",
        "symbol": "PBI",
        "reportedCurrency": "USD",
        "cik": "0000078814",
        "fillingDate": "2000-11-14",
        "acceptedDate": "2000-11-14 00:00:00",
        "calendarYear": "2000",
        "period": "Q3",
        "revenue": 1121312000,
        "costOfRevenue": 344993000,
        "grossProfit": 776319000,
        "grossProfitRatio": 0.692330948,
        "researchAndDevelopmentExpenses": 27640000,
        "generalAndAdministrativeExpenses": 0,
        "sellingAndMarketingExpenses": 0,
        "sellingGeneralAndAdministrativeExpenses": 402234000,
        "otherExpenses": 75294000,
        "operatingExpenses": 505168000,
        "costAndExpenses": 850161000,
        "interestIncome": 0,
        "interestExpense": 0,
        "depreciationAndAmortization": 75294000,
        "ebitda": 336205000,
        "ebitdaratio": 0.2998318042,
        "operatingIncome": 260911000,
        "operatingIncomeRatio": 0.2326836777,
        "totalOtherIncomeExpensesNet": -67688000,
        "incomeBeforeTax": 193223000,
        "incomeBeforeTaxRatio": 0.1723186767,
        "incomeTaxExpense": 47538000,
        "netIncome": 161433000,
        "netIncomeRatio": 0.143967959,
        "eps": 0.63,
        "epsdiluted": 0.63,
        "weightedAverageShsOut": 254253000,
        "weightedAverageShsOutDil": 256114000,
        "link": "https://www.sec.gov/Archives/edgar/data/78814/000007881400000015/0000078814-00-000015-index.htm",
        "finalLink": "https://www.sec.gov/Archives/edgar/data/78814/000007881400000015/0000078814-00-000015-0001.txt"
    },
    {
        "date": "2000-06-30",
        "symbol": "PBI",
        "reportedCurrency": "USD",
        "cik": "0000078814",
        "fillingDate": "2000-08-14",
        "acceptedDate": "2000-08-14 00:00:00",
        "calendarYear": "2000",
        "period": "Q2",
        "revenue": 1161034000,
        "costOfRevenue": 358910000,
        "grossProfit": 802124000,
        "grossProfitRatio": 0.6908703793,
        "researchAndDevelopmentExpenses": 30528000,
        "generalAndAdministrativeExpenses": 0,
        "sellingAndMarketingExpenses": 0,
        "sellingGeneralAndAdministrativeExpenses": 389763000,
        "otherExpenses": 82502000,
        "operatingExpenses": 502793000,
        "costAndExpenses": 861703000,
        "interestIncome": 0,
        "interestExpense": 0,
        "depreciationAndAmortization": 82502000,
        "ebitda": 381833000,
        "ebitdaratio": 0.3288732285,
        "operatingIncome": 299331000,
        "operatingIncomeRatio": 0.2578141553,
        "totalOtherIncomeExpensesNet": -53361000,
        "incomeBeforeTax": 245970000,
        "incomeBeforeTaxRatio": 0.2118542609,
        "incomeTaxExpense": 80013000,
        "netIncome": 165957000,
        "netIncomeRatio": 0.1429389665,
        "eps": 0.64,
        "epsdiluted": 0.64,
        "weightedAverageShsOut": 259307812,
        "weightedAverageShsOutDil": 259307812,
        "link": "https://www.sec.gov/Archives/edgar/data/78814/000007881400000009/0000078814-00-000009-index.htm",
        "finalLink": "https://www.sec.gov/Archives/edgar/data/78814/000007881400000009/0000078814-00-000009-0001.txt"
    },
    {
        "date": "2000-03-31",
        "symbol": "PBI",
        "reportedCurrency": "USD",
        "cik": "0000078814",
        "fillingDate": "2000-05-12",
        "acceptedDate": "2000-05-12 00:00:00",
        "calendarYear": "2000",
        "period": "Q1",
        "revenue": 944765000,
        "costOfRevenue": 279422000,
        "grossProfit": 665343000,
        "grossProfitRatio": 0.7042417956,
        "researchAndDevelopmentExpenses": 29511000,
        "generalAndAdministrativeExpenses": 0,
        "sellingAndMarketingExpenses": 0,
        "sellingGeneralAndAdministrativeExpenses": 317869000,
        "otherExpenses": 78588000,
        "operatingExpenses": 665343000,
        "costAndExpenses": 944765000,
        "interestIncome": 0,
        "interestExpense": 0,
        "depreciationAndAmortization": 78588000,
        "ebitda": 317963000,
        "ebitdaratio": 0.336552476,
        "operatingIncome": 239375000,
        "operatingIncomeRatio": 0.2533698856,
        "totalOtherIncomeExpensesNet": -44684000,
        "incomeBeforeTax": 194691000,
        "incomeBeforeTaxRatio": 0.206073468,
        "incomeTaxExpense": 61238000,
        "netIncome": 146870000,
        "netIncomeRatio": 0.1554566479,
        "eps": 0.56,
        "epsdiluted": 0.55,
        "weightedAverageShsOut": 263061000,
        "weightedAverageShsOutDil": 266034000,
        "link": "https://www.sec.gov/Archives/edgar/data/78814/000007881400000004/0000078814-00-000004-index.html",
        "finalLink": "https://www.sec.gov/Archives/edgar/data/78814/000007881400000004/"
    },
    {
        "date": "1999-12-31",
        "symbol": "PBI",
        "reportedCurrency": "USD",
        "cik": "0000078814",
        "fillingDate": "2000-03-30",
        "acceptedDate": "2000-03-30 00:00:00",
        "calendarYear": "1999",
        "period": "Q4",
        "revenue": 1188000000,
        "costOfRevenue": 330000000,
        "grossProfit": 858000000,
        "grossProfitRatio": 0.7222222222,
        "researchAndDevelopmentExpenses": 30200000,
        "generalAndAdministrativeExpenses": 0,
        "sellingAndMarketingExpenses": 0,
        "sellingGeneralAndAdministrativeExpenses": 409700000,
        "otherExpenses": 110000000,
        "operatingExpenses": 549900000,
        "costAndExpenses": 879900000,
        "interestIncome": 0,
        "interestExpense": 0,
        "depreciationAndAmortization": 110000000,
        "ebitda": 418100000,
        "ebitdaratio": 0.3519360269,
        "operatingIncome": 308100000,
        "operatingIncomeRatio": 0.2593434343,
        "totalOtherIncomeExpensesNet": -45700000,
        "incomeBeforeTax": 262400000,
        "incomeBeforeTaxRatio": 0.2208754209,
        "incomeTaxExpense": 85300000,
        "netIncome": 178200000,
        "netIncomeRatio": 0.15,
        "eps": 0.68,
        "epsdiluted": 0.68,
        "weightedAverageShsOut": 261298276,
        "weightedAverageShsOutDil": 261298276,
        "link": "https://www.sec.gov/Archives/edgar/data/78814/000095013000001780/0000950130-00-001780-index.html",
        "finalLink": "https://www.sec.gov/Archives/edgar/data/78814/000095013000001780/"
    },
    {
        "date": "1999-09-30",
        "symbol": "PBI",
        "reportedCurrency": "USD",
        "cik": "0000078814",
        "fillingDate": "1999-11-15",
        "acceptedDate": "1999-11-15 00:00:00",
        "calendarYear": "1999",
        "period": "Q3",
        "revenue": 1089800000,
        "costOfRevenue": 322700000,
        "grossProfit": 767100000,
        "grossProfitRatio": 0.7038906221,
        "researchAndDevelopmentExpenses": 25100000,
        "generalAndAdministrativeExpenses": 0,
        "sellingAndMarketingExpenses": 0,
        "sellingGeneralAndAdministrativeExpenses": 375500000,
        "otherExpenses": 95800000,
        "operatingExpenses": 496400000,
        "costAndExpenses": 819100000,
        "interestIncome": 0,
        "interestExpense": 0,
        "depreciationAndAmortization": 95800000,
        "ebitda": 366500000,
        "ebitdaratio": 0.3363002386,
        "operatingIncome": 270700000,
        "operatingIncomeRatio": 0.2483942008,
        "totalOtherIncomeExpensesNet": 8400000,
        "incomeBeforeTax": 279100000,
        "incomeBeforeTaxRatio": 0.2561020371,
        "incomeTaxExpense": 93000000,
        "netIncome": 186100000,
        "netIncomeRatio": 0.170765278,
        "eps": 0.7,
        "epsdiluted": 0.69,
        "weightedAverageShsOut": 265857143,
        "weightedAverageShsOutDil": 269710145,
        "link": "https://www.sec.gov/Archives/edgar/data/78814/000007881499000012/0000078814-99-000012-index.html",
        "finalLink": "https://www.sec.gov/Archives/edgar/data/78814/000007881499000012/"
    },
    {
        "date": "1999-06-30",
        "symbol": "PBI",
        "reportedCurrency": "USD",
        "cik": "0000078814",
        "fillingDate": "1999-08-13",
        "acceptedDate": "1999-08-13 00:00:00",
        "calendarYear": "1999",
        "period": "Q2",
        "revenue": 1105400000,
        "costOfRevenue": 324400000,
        "grossProfit": 781000000,
        "grossProfitRatio": 0.7065315723,
        "researchAndDevelopmentExpenses": 27700000,
        "generalAndAdministrativeExpenses": 0,
        "sellingAndMarketingExpenses": 0,
        "sellingGeneralAndAdministrativeExpenses": 373100000,
        "otherExpenses": 99400000,
        "operatingExpenses": 500200000,
        "costAndExpenses": 824600000,
        "interestIncome": 0,
        "interestExpense": 0,
        "depreciationAndAmortization": 106900000,
        "ebitda": 387700000,
        "ebitdaratio": 0.3507327664,
        "operatingIncome": 280800000,
        "operatingIncomeRatio": 0.2540256921,
        "totalOtherIncomeExpensesNet": -46900000,
        "incomeBeforeTax": 233900000,
        "incomeBeforeTaxRatio": 0.2115976117,
        "incomeTaxExpense": 76500000,
        "netIncome": 129700000,
        "netIncomeRatio": 0.1173330921,
        "eps": 0.48,
        "epsdiluted": 0.48,
        "weightedAverageShsOut": 270208333,
        "weightedAverageShsOutDil": 270208333,
        "link": "https://www.sec.gov/Archives/edgar/data/78814/000007881499000008/0000078814-99-000008-index.html",
        "finalLink": "https://www.sec.gov/Archives/edgar/data/78814/000007881499000008/"
    },
    {
        "date": "1999-03-31",
        "symbol": "PBI",
        "reportedCurrency": "USD",
        "cik": "0000078814",
        "fillingDate": "1999-05-13",
        "acceptedDate": "1999-05-13 00:00:00",
        "calendarYear": "1999",
        "period": "Q1",
        "revenue": 1049300000,
        "costOfRevenue": 308200000,
        "grossProfit": 741100000,
        "grossProfitRatio": 0.7062803774,
        "researchAndDevelopmentExpenses": 25900000,
        "generalAndAdministrativeExpenses": 0,
        "sellingAndMarketingExpenses": 0,
        "sellingGeneralAndAdministrativeExpenses": 361000000,
        "otherExpenses": 99400000,
        "operatingExpenses": 741100000,
        "costAndExpenses": 1049300000,
        "interestIncome": 0,
        "interestExpense": 0,
        "depreciationAndAmortization": 99400000,
        "ebitda": 354200000,
        "ebitdaratio": 0.3375583722,
        "operatingIncome": 254800000,
        "operatingIncomeRatio": 0.2428285524,
        "totalOtherIncomeExpensesNet": -45500000,
        "incomeBeforeTax": 209300000,
        "incomeBeforeTaxRatio": 0.1994663109,
        "incomeTaxExpense": 70700000,
        "netIncome": 142300000,
        "netIncomeRatio": 0.135614219,
        "eps": 0.53,
        "epsdiluted": 0.52,
        "weightedAverageShsOut": 268490566,
        "weightedAverageShsOutDil": 273653846,
        "link": "https://www.sec.gov/Archives/edgar/data/78814/000007881499000005/0000078814-99-000005-index.html",
        "finalLink": "https://www.sec.gov/Archives/edgar/data/78814/"
    },
    {
        "date": "1998-12-31",
        "symbol": "PBI",
        "reportedCurrency": "USD",
        "cik": "0000078814",
        "fillingDate": "1999-03-30",
        "acceptedDate": "1999-03-30 00:00:00",
        "calendarYear": "1998",
        "period": "Q4",
        "revenue": 1147100000,
        "costOfRevenue": 343600000,
        "grossProfit": 803500000,
        "grossProfitRatio": 0.7004620347,
        "researchAndDevelopmentExpenses": 27400000,
        "generalAndAdministrativeExpenses": 0,
        "sellingAndMarketingExpenses": 0,
        "sellingGeneralAndAdministrativeExpenses": 395900000,
        "otherExpenses": 95200000,
        "operatingExpenses": 518500000,
        "costAndExpenses": 862100000,
        "interestIncome": 0,
        "interestExpense": 0,
        "depreciationAndAmortization": 95200000,
        "ebitda": 380200000,
        "ebitdaratio": 0.3314445122,
        "operatingIncome": 285000000,
        "operatingIncomeRatio": 0.2484526196,
        "totalOtherIncomeExpensesNet": -39300000,
        "incomeBeforeTax": 245700000,
        "incomeBeforeTaxRatio": 0.214192311,
        "incomeTaxExpense": 83300000,
        "netIncome": 163100000,
        "netIncomeRatio": 0.1421846395,
        "eps": 0.61,
        "epsdiluted": 0.61,
        "weightedAverageShsOut": 268490566,
        "weightedAverageShsOutDil": 268490566,
        "link": "https://www.sec.gov/Archives/edgar/data/78814/000095013099001811/0000950130-99-001811-index.html",
        "finalLink": "https://www.sec.gov/Archives/edgar/data/78814/"
    },
    {
        "date": "1998-09-30",
        "symbol": "PBI",
        "reportedCurrency": "USD",
        "cik": "0000078814",
        "fillingDate": "1998-11-16",
        "acceptedDate": "1998-11-16 00:00:00",
        "calendarYear": "1998",
        "period": "Q3",
        "revenue": 1013200000,
        "costOfRevenue": 285600000,
        "grossProfit": 727600000,
        "grossProfitRatio": 0.7181208054,
        "researchAndDevelopmentExpenses": 24700000,
        "generalAndAdministrativeExpenses": 0,
        "sellingAndMarketingExpenses": 0,
        "sellingGeneralAndAdministrativeExpenses": 362900000,
        "otherExpenses": 99700000,
        "operatingExpenses": 727600000,
        "costAndExpenses": 1013200000,
        "interestIncome": 0,
        "interestExpense": 0,
        "depreciationAndAmortization": 99700000,
        "ebitda": 340000000,
        "ebitdaratio": 0.3355704698,
        "operatingIncome": 240300000,
        "operatingIncomeRatio": 0.2371693644,
        "totalOtherIncomeExpensesNet": -39300000,
        "incomeBeforeTax": 201000000,
        "incomeBeforeTaxRatio": 0.198381366,
        "incomeTaxExpense": 68200000,
        "netIncome": 141600000,
        "netIncomeRatio": 0.139755231,
        "eps": 0.52,
        "epsdiluted": 0.51,
        "weightedAverageShsOut": 272307692,
        "weightedAverageShsOutDil": 277647059,
        "link": "https://www.sec.gov/Archives/edgar/data/78814/000007881498000010/0000078814-98-000010-index.html",
        "finalLink": "https://www.sec.gov/Archives/edgar/data/78814/"
    },
    {
        "date": "1998-06-30",
        "symbol": "PBI",
        "reportedCurrency": "USD",
        "cik": "0000078814",
        "fillingDate": "1998-08-13",
        "acceptedDate": "1998-08-13 00:00:00",
        "calendarYear": "1998",
        "period": "Q2",
        "revenue": 1014600000,
        "costOfRevenue": 307900000,
        "grossProfit": 706700000,
        "grossProfitRatio": 0.6965306525,
        "researchAndDevelopmentExpenses": 25100000,
        "generalAndAdministrativeExpenses": 0,
        "sellingAndMarketingExpenses": 0,
        "sellingGeneralAndAdministrativeExpenses": 352900000,
        "otherExpenses": 86500000,
        "operatingExpenses": 706700000,
        "costAndExpenses": 1014600000,
        "interestIncome": 0,
        "interestExpense": 0,
        "depreciationAndAmortization": 86500000,
        "ebitda": 328700000,
        "ebitdaratio": 0.3239700375,
        "operatingIncome": 242200000,
        "operatingIncomeRatio": 0.2387147644,
        "totalOtherIncomeExpensesNet": -40300000,
        "incomeBeforeTax": 201900000,
        "incomeBeforeTaxRatio": 0.1989946777,
        "incomeTaxExpense": 69100000,
        "netIncome": 142000000,
        "netIncomeRatio": 0.1399566332,
        "eps": 0.52,
        "epsdiluted": 0.51,
        "weightedAverageShsOut": 273076923,
        "weightedAverageShsOutDil": 278431373,
        "link": "https://www.sec.gov/Archives/edgar/data/78814/000007881498000005/0000078814-98-000005-index.html",
        "finalLink": "https://www.sec.gov/Archives/edgar/data/78814/"
    },
    {
        "date": "1998-03-31",
        "symbol": "PBI",
        "reportedCurrency": "USD",
        "cik": "0000078814",
        "fillingDate": "1998-05-14",
        "acceptedDate": "1998-05-14 00:00:00",
        "calendarYear": "1998",
        "period": "Q1",
        "revenue": 977100000,
        "costOfRevenue": 314000000,
        "grossProfit": 663100000,
        "grossProfitRatio": 0.6786408761,
        "researchAndDevelopmentExpenses": 23600000,
        "generalAndAdministrativeExpenses": 0,
        "sellingAndMarketingExpenses": 0,
        "sellingGeneralAndAdministrativeExpenses": 331000000,
        "otherExpenses": 79900000,
        "operatingExpenses": 663100000,
        "costAndExpenses": 977100000,
        "interestIncome": 0,
        "interestExpense": 0,
        "depreciationAndAmortization": 79900000,
        "ebitda": 308500000,
        "ebitdaratio": 0.3157302221,
        "operatingIncome": 228600000,
        "operatingIncomeRatio": 0.2339576297,
        "totalOtherIncomeExpensesNet": -35100000,
        "incomeBeforeTax": 193500000,
        "incomeBeforeTaxRatio": 0.1980350015,
        "incomeTaxExpense": 66600000,
        "netIncome": 129700000,
        "netIncomeRatio": 0.13273974,
        "eps": 0.46,
        "epsdiluted": 0.46,
        "weightedAverageShsOut": 281956522,
        "weightedAverageShsOutDil": 281956522,
        "link": "https://www.sec.gov/Archives/edgar/data/78814/000007881498000004/0000078814-98-000004-index.html",
        "finalLink": "https://www.sec.gov/Archives/edgar/data/78814/"
    },
    {
        "date": "1997-12-31",
        "symbol": "PBI",
        "reportedCurrency": "USD",
        "cik": "0000078814",
        "fillingDate": "1998-03-27",
        "acceptedDate": "1998-03-27 00:00:00",
        "calendarYear": "1997",
        "period": "Q4",
        "revenue": 1120300000,
        "costOfRevenue": 377600000,
        "grossProfit": 742700000,
        "grossProfitRatio": 0.6629474248,
        "researchAndDevelopmentExpenses": 25400000,
        "generalAndAdministrativeExpenses": 0,
        "sellingAndMarketingExpenses": 0,
        "sellingGeneralAndAdministrativeExpenses": 366300000,
        "otherExpenses": 77400000,
        "operatingExpenses": 469100000,
        "costAndExpenses": 846700000,
        "interestIncome": 0,
        "interestExpense": 0,
        "depreciationAndAmortization": 77400000,
        "ebitda": 351000000,
        "ebitdaratio": 0.3133089351,
        "operatingIncome": 273600000,
        "operatingIncomeRatio": 0.2442202981,
        "totalOtherIncomeExpensesNet": -49400000,
        "incomeBeforeTax": 224200000,
        "incomeBeforeTaxRatio": 0.2001249665,
        "incomeTaxExpense": 77000000,
        "netIncome": 147200000,
        "netIncomeRatio": 0.1313933768,
        "eps": 0.52,
        "epsdiluted": 0.52,
        "weightedAverageShsOut": 279674000,
        "weightedAverageShsOutDil": 281956522,
        "link": "https://www.sec.gov/Archives/edgar/data/78814/000095013098001498/0000950130-98-001498-index.html",
        "finalLink": "https://www.sec.gov/Archives/edgar/data/78814/"
    },
    {
        "date": "1997-09-30",
        "symbol": "PBI",
        "reportedCurrency": "USD",
        "cik": "0000078814",
        "fillingDate": "1997-11-14",
        "acceptedDate": "1997-11-14 00:00:00",
        "calendarYear": "1997",
        "period": "Q3",
        "revenue": 974600000,
        "costOfRevenue": 308800000,
        "grossProfit": 665800000,
        "grossProfitRatio": 0.6831520624,
        "researchAndDevelopmentExpenses": 21600000,
        "generalAndAdministrativeExpenses": 0,
        "sellingAndMarketingExpenses": 0,
        "sellingGeneralAndAdministrativeExpenses": 339700000,
        "otherExpenses": 76300000,
        "operatingExpenses": 665800000,
        "costAndExpenses": 974600000,
        "interestIncome": 0,
        "interestExpense": 0,
        "depreciationAndAmortization": 76300000,
        "ebitda": 304500000,
        "ebitdaratio": 0.3124358711,
        "operatingIncome": 228200000,
        "operatingIncomeRatio": 0.2341473425,
        "totalOtherIncomeExpensesNet": -38900000,
        "incomeBeforeTax": 189300000,
        "incomeBeforeTaxRatio": 0.1942335317,
        "incomeTaxExpense": 65100000,
        "netIncome": 127800000,
        "netIncomeRatio": 0.1311307203,
        "eps": 0.45,
        "epsdiluted": 0.45,
        "weightedAverageShsOut": 283656000,
        "weightedAverageShsOutDil": 283656000,
        "link": "https://www.sec.gov/Archives/edgar/data/78814/000007881497000013/0000078814-97-000013-index.html",
        "finalLink": "https://www.sec.gov/Archives/edgar/data/78814/"
    },
    {
        "date": "1997-06-30",
        "symbol": "PBI",
        "reportedCurrency": "USD",
        "cik": "0000078814",
        "fillingDate": "1997-08-14",
        "acceptedDate": "1997-08-14 00:00:00",
        "calendarYear": "1997",
        "period": "Q2",
        "revenue": 1006100000,
        "costOfRevenue": 325000000,
        "grossProfit": 681100000,
        "grossProfitRatio": 0.6769704801,
        "researchAndDevelopmentExpenses": 21800000,
        "generalAndAdministrativeExpenses": 0,
        "sellingAndMarketingExpenses": 0,
        "sellingGeneralAndAdministrativeExpenses": 335700000,
        "otherExpenses": 72500000,
        "operatingExpenses": 430000000,
        "costAndExpenses": 755000000,
        "interestIncome": 0,
        "interestExpense": 0,
        "depreciationAndAmortization": 72500000,
        "ebitda": 323600000,
        "ebitdaratio": 0.3216380082,
        "operatingIncome": 251100000,
        "operatingIncomeRatio": 0.2495775768,
        "totalOtherIncomeExpensesNet": -51000000,
        "incomeBeforeTax": 200100000,
        "incomeBeforeTaxRatio": 0.1988867906,
        "incomeTaxExpense": 69000000,
        "netIncome": 131100000,
        "netIncomeRatio": 0.1303051387,
        "eps": 0.45,
        "epsdiluted": 0.45,
        "weightedAverageShsOut": 288562000,
        "weightedAverageShsOutDil": 288562000,
        "link": "https://www.sec.gov/Archives/edgar/data/78814/000007881497000007/0000078814-97-000007-index.html",
        "finalLink": "https://www.sec.gov/Archives/edgar/data/78814/"
    },
    {
        "date": "1997-03-31",
        "symbol": "PBI",
        "reportedCurrency": "USD",
        "cik": "0000078814",
        "fillingDate": "1997-05-15",
        "acceptedDate": "1997-05-15 00:00:00",
        "calendarYear": "1997",
        "period": "Q1",
        "revenue": 961400000,
        "costOfRevenue": 307600000,
        "grossProfit": 653800000,
        "grossProfitRatio": 0.6800499272,
        "researchAndDevelopmentExpenses": 20600000,
        "generalAndAdministrativeExpenses": 0,
        "sellingAndMarketingExpenses": 0,
        "sellingGeneralAndAdministrativeExpenses": 326100000,
        "otherExpenses": 73900000,
        "operatingExpenses": 420600000,
        "costAndExpenses": 728200000,
        "interestIncome": 0,
        "interestExpense": 0,
        "depreciationAndAmortization": 73900000,
        "ebitda": 307100000,
        "ebitdaratio": 0.3194299979,
        "operatingIncome": 233200000,
        "operatingIncomeRatio": 0.2425629291,
        "totalOtherIncomeExpensesNet": -49600000,
        "incomeBeforeTax": 183600000,
        "incomeBeforeTaxRatio": 0.1909714999,
        "incomeTaxExpense": 63700000,
        "netIncome": 119900000,
        "netIncomeRatio": 0.1247139588,
        "eps": 0.41,
        "epsdiluted": 0.41,
        "weightedAverageShsOut": 291508000,
        "weightedAverageShsOutDil": 291508000,
        "link": "https://www.sec.gov/Archives/edgar/data/78814/000007881497000002/0000078814-97-000002-index.html",
        "finalLink": "https://www.sec.gov/Archives/edgar/data/78814/"
    },
    {
        "date": "1996-12-31",
        "symbol": "PBI",
        "reportedCurrency": "USD",
        "cik": "0000078814",
        "fillingDate": "1997-03-31",
        "acceptedDate": "1997-03-31 00:00:00",
        "calendarYear": "1996",
        "period": "Q4",
        "revenue": 1058700000,
        "costOfRevenue": 364800000,
        "grossProfit": 693900000,
        "grossProfitRatio": 0.6554264664,
        "researchAndDevelopmentExpenses": 0,
        "generalAndAdministrativeExpenses": 0,
        "sellingAndMarketingExpenses": 0,
        "sellingGeneralAndAdministrativeExpenses": 408900000,
        "otherExpenses": 71200000,
        "operatingExpenses": 480100000,
        "costAndExpenses": 844900000,
        "interestIncome": 0,
        "interestExpense": 0,
        "depreciationAndAmortization": 71200000,
        "ebitda": 285000000,
        "ebitdaratio": 0.2691980731,
        "operatingIncome": 213800000,
        "operatingIncomeRatio": 0.2019457826,
        "totalOtherIncomeExpensesNet": -51400000,
        "incomeBeforeTax": 162400000,
        "incomeBeforeTaxRatio": 0.1533956739,
        "incomeTaxExpense": 34700000,
        "netIncome": 127700000,
        "netIncomeRatio": 0.1206196278,
        "eps": 0.44,
        "epsdiluted": 0.44,
        "weightedAverageShsOut": 291508000,
        "weightedAverageShsOutDil": 291508000,
        "link": "https://www.sec.gov/Archives/edgar/data/78814/000007881497000001/0000078814-97-000001-index.html",
        "finalLink": "https://www.sec.gov/Archives/edgar/data/78814/"
    },
    {
        "date": "1996-09-30",
        "symbol": "PBI",
        "reportedCurrency": "USD",
        "cik": "0000078814",
        "fillingDate": "1996-11-14",
        "acceptedDate": "1996-11-14 00:00:00",
        "calendarYear": "1996",
        "period": "Q3",
        "revenue": 950700000,
        "costOfRevenue": 310200000,
        "grossProfit": 640500000,
        "grossProfitRatio": 0.6737141054,
        "researchAndDevelopmentExpenses": 0,
        "generalAndAdministrativeExpenses": 0,
        "sellingAndMarketingExpenses": 0,
        "sellingGeneralAndAdministrativeExpenses": 342700000,
        "otherExpenses": 71700000,
        "operatingExpenses": 414400000,
        "costAndExpenses": 724600000,
        "interestIncome": 0,
        "interestExpense": 0,
        "depreciationAndAmortization": 71700000,
        "ebitda": 297800000,
        "ebitdaratio": 0.3132428737,
        "operatingIncome": 226100000,
        "operatingIncomeRatio": 0.2378247607,
        "totalOtherIncomeExpensesNet": -49700000,
        "incomeBeforeTax": 176400000,
        "incomeBeforeTaxRatio": 0.1855474913,
        "incomeTaxExpense": 59700000,
        "netIncome": 116700000,
        "netIncomeRatio": 0.1227516567,
        "eps": 0.39,
        "epsdiluted": 0.39,
        "weightedAverageShsOut": 300478000,
        "weightedAverageShsOutDil": 300478000,
        "link": "https://www.sec.gov/Archives/edgar/data/78814/000007881496000005/0000078814-96-000005-index.html",
        "finalLink": "https://www.sec.gov/Archives/edgar/data/78814/"
    },
    {
        "date": "1996-06-30",
        "symbol": "PBI",
        "reportedCurrency": "USD",
        "cik": "0000078814",
        "fillingDate": "1996-08-14",
        "acceptedDate": "1996-08-14 00:00:00",
        "calendarYear": "1996",
        "period": "Q2",
        "revenue": 942900000,
        "costOfRevenue": 302800000,
        "grossProfit": 640100000,
        "grossProfitRatio": 0.678863082,
        "researchAndDevelopmentExpenses": 0,
        "generalAndAdministrativeExpenses": 0,
        "sellingAndMarketingExpenses": 0,
        "sellingGeneralAndAdministrativeExpenses": 340700000,
        "otherExpenses": 69800000,
        "operatingExpenses": 410500000,
        "costAndExpenses": 713300000,
        "interestIncome": 0,
        "interestExpense": 0,
        "depreciationAndAmortization": 69800000,
        "ebitda": 299400000,
        "ebitdaratio": 0.3175310213,
        "operatingIncome": 229600000,
        "operatingIncomeRatio": 0.2435040831,
        "totalOtherIncomeExpensesNet": -47400000,
        "incomeBeforeTax": 182200000,
        "incomeBeforeTaxRatio": 0.1932336409,
        "incomeTaxExpense": 63700000,
        "netIncome": 118500000,
        "netIncomeRatio": 0.1256761056,
        "eps": 0.4,
        "epsdiluted": 0.4,
        "weightedAverageShsOut": 298236000,
        "weightedAverageShsOutDil": 298236000,
        "link": "https://www.sec.gov/Archives/edgar/data/78814/000007881496000004/0000078814-96-000004-index.html",
        "finalLink": "https://www.sec.gov/Archives/edgar/data/78814/"
    },
    {
        "date": "1996-03-31",
        "symbol": "PBI",
        "reportedCurrency": "USD",
        "cik": "0000078814",
        "fillingDate": "1996-05-13",
        "acceptedDate": "1996-05-13 00:00:00",
        "calendarYear": "1996",
        "period": "Q1",
        "revenue": 906300000,
        "costOfRevenue": 299100000,
        "grossProfit": 607200000,
        "grossProfitRatio": 0.6699768289,
        "researchAndDevelopmentExpenses": 0,
        "generalAndAdministrativeExpenses": 0,
        "sellingAndMarketingExpenses": 0,
        "sellingGeneralAndAdministrativeExpenses": 329700000,
        "otherExpenses": 65500000,
        "operatingExpenses": 395200000,
        "costAndExpenses": 694300000,
        "interestIncome": 0,
        "interestExpense": 0,
        "depreciationAndAmortization": 65500000,
        "ebitda": 277500000,
        "ebitdaratio": 0.3061900033,
        "operatingIncome": 212000000,
        "operatingIncomeRatio": 0.2339181287,
        "totalOtherIncomeExpensesNet": -48600000,
        "incomeBeforeTax": 163400000,
        "incomeBeforeTaxRatio": 0.180293501,
        "incomeTaxExpense": 56900000,
        "netIncome": 106500000,
        "netIncomeRatio": 0.117510758,
        "eps": 0.36,
        "epsdiluted": 0.36,
        "weightedAverageShsOut": 299671720,
        "weightedAverageShsOutDil": 299671720,
        "link": "https://www.sec.gov/Archives/edgar/data/78814/000007881496000003/0000078814-96-000003-index.html",
        "finalLink": "https://www.sec.gov/Archives/edgar/data/78814/"
    },
    {
        "date": "1995-12-31",
        "symbol": "PBI",
        "reportedCurrency": "USD",
        "cik": "0000078814",
        "fillingDate": "1996-04-01",
        "acceptedDate": "1996-04-01 00:00:00",
        "calendarYear": "1995",
        "period": "Q4",
        "revenue": 977200000,
        "costOfRevenue": 324600000,
        "grossProfit": 652600000,
        "grossProfitRatio": 0.6678264429,
        "researchAndDevelopmentExpenses": 0,
        "generalAndAdministrativeExpenses": 0,
        "sellingAndMarketingExpenses": 0,
        "sellingGeneralAndAdministrativeExpenses": 366600000,
        "otherExpenses": 73300000,
        "operatingExpenses": 439900000,
        "costAndExpenses": 764500000,
        "interestIncome": 0,
        "interestExpense": 0,
        "depreciationAndAmortization": 73300000,
        "ebitda": 286000000,
        "ebitdaratio": 0.2926729431,
        "operatingIncome": 212700000,
        "operatingIncomeRatio": 0.2176627098,
        "totalOtherIncomeExpensesNet": -48200000,
        "incomeBeforeTax": 164500000,
        "incomeBeforeTaxRatio": 0.1683381089,
        "incomeTaxExpense": 51900000,
        "netIncome": 112600000,
        "netIncomeRatio": 0.1152271797,
        "eps": 0.38,
        "epsdiluted": 0.38,
        "weightedAverageShsOut": 299671720,
        "weightedAverageShsOutDil": 299671720,
        "link": "https://www.sec.gov/Archives/edgar/data/78814/000007881496000002/0000078814-96-000002-index.html",
        "finalLink": "https://www.sec.gov/Archives/edgar/data/78814/"
    },
    {
        "date": "1995-09-30",
        "symbol": "PBI",
        "reportedCurrency": "USD",
        "cik": "0000078814",
        "fillingDate": "1995-11-14",
        "acceptedDate": "1995-11-14 00:00:00",
        "calendarYear": "1995",
        "period": "Q3",
        "revenue": 876100000,
        "costOfRevenue": 281600000,
        "grossProfit": 594500000,
        "grossProfitRatio": 0.6785755051,
        "researchAndDevelopmentExpenses": 0,
        "generalAndAdministrativeExpenses": 0,
        "sellingAndMarketingExpenses": 0,
        "sellingGeneralAndAdministrativeExpenses": 326100000,
        "otherExpenses": 66100000,
        "operatingExpenses": 392200000,
        "costAndExpenses": 673800000,
        "interestIncome": 0,
        "interestExpense": 0,
        "depreciationAndAmortization": 68800000,
        "ebitda": 271100000,
        "ebitdaratio": 0.3094395617,
        "operatingIncome": 202300000,
        "operatingIncomeRatio": 0.2309097135,
        "totalOtherIncomeExpensesNet": -51500000,
        "incomeBeforeTax": 150800000,
        "incomeBeforeTaxRatio": 0.1721264696,
        "incomeTaxExpense": 50100000,
        "netIncome": 255100000,
        "netIncomeRatio": 0.2911768063,
        "eps": 0.84,
        "epsdiluted": 0.84,
        "weightedAverageShsOut": 303192000,
        "weightedAverageShsOutDil": 303192000,
        "link": "https://www.sec.gov/Archives/edgar/data/78814/000007881495000009/0000078814-95-000009-index.html",
        "finalLink": "https://www.sec.gov/Archives/edgar/data/78814/"
    },
    {
        "date": "1995-06-30",
        "symbol": "PBI",
        "reportedCurrency": "USD",
        "cik": "0000078814",
        "fillingDate": "1995-08-11",
        "acceptedDate": "1995-08-11 00:00:00",
        "calendarYear": "1995",
        "period": "Q2",
        "revenue": 862600000,
        "costOfRevenue": 276100000,
        "grossProfit": 586500000,
        "grossProfitRatio": 0.6799211686,
        "researchAndDevelopmentExpenses": 0,
        "generalAndAdministrativeExpenses": 0,
        "sellingAndMarketingExpenses": 0,
        "sellingGeneralAndAdministrativeExpenses": 309000000,
        "otherExpenses": 64000000,
        "operatingExpenses": 373000000,
        "costAndExpenses": 649100000,
        "interestIncome": 0,
        "interestExpense": 0,
        "depreciationAndAmortization": 64000000,
        "ebitda": 277500000,
        "ebitdaratio": 0.3217018317,
        "operatingIncome": 213500000,
        "operatingIncomeRatio": 0.2475075354,
        "totalOtherIncomeExpensesNet": -59900000,
        "incomeBeforeTax": 153600000,
        "incomeBeforeTaxRatio": 0.1780663112,
        "incomeTaxExpense": 55300000,
        "netIncome": 109000000,
        "netIncomeRatio": 0.1263621609,
        "eps": 0.36,
        "epsdiluted": 0.36,
        "weightedAverageShsOut": 303034000,
        "weightedAverageShsOutDil": 303034000,
        "link": "https://www.sec.gov/Archives/edgar/data/78814/000007881495000007/0000078814-95-000007-index.html",
        "finalLink": "https://www.sec.gov/Archives/edgar/data/78814/"
    },
    {
        "date": "1995-03-31",
        "symbol": "PBI",
        "reportedCurrency": "USD",
        "cik": "0000078814",
        "fillingDate": "1995-05-15",
        "acceptedDate": "1995-05-15 00:00:00",
        "calendarYear": "1995",
        "period": "Q1",
        "revenue": 839900000,
        "costOfRevenue": 254400000,
        "grossProfit": 585500000,
        "grossProfitRatio": 0.6971067984,
        "researchAndDevelopmentExpenses": 0,
        "generalAndAdministrativeExpenses": 0,
        "sellingAndMarketingExpenses": 0,
        "sellingGeneralAndAdministrativeExpenses": 310900000,
        "otherExpenses": 65500000,
        "operatingExpenses": 376400000,
        "costAndExpenses": 630800000,
        "interestIncome": 0,
        "interestExpense": 0,
        "depreciationAndAmortization": 65500000,
        "ebitda": 274600000,
        "ebitdaratio": 0.3269436838,
        "operatingIncome": 209100000,
        "operatingIncomeRatio": 0.2489582093,
        "totalOtherIncomeExpensesNet": -59100000,
        "incomeBeforeTax": 150000000,
        "incomeBeforeTaxRatio": 0.1785926896,
        "incomeTaxExpense": 54000000,
        "netIncome": 106300000,
        "netIncomeRatio": 0.126562686,
        "eps": 0.35,
        "epsdiluted": 0.35,
        "weightedAverageShsOut": 301992000,
        "weightedAverageShsOutDil": 301992000,
        "link": "https://www.sec.gov/Archives/edgar/data/78814/000007881495000005/0000078814-95-000005-index.html",
        "finalLink": "https://www.sec.gov/Archives/edgar/data/78814/"
    },
    {
        "date": "1994-12-31",
        "symbol": "PBI",
        "reportedCurrency": "USD",
        "cik": "0000078814",
        "fillingDate": "1995-03-31",
        "acceptedDate": "1995-03-31 00:00:00",
        "calendarYear": "1994",
        "period": "Q4",
        "revenue": 900500000,
        "costOfRevenue": 298000000,
        "grossProfit": 602500000,
        "grossProfitRatio": 0.6690727374,
        "researchAndDevelopmentExpenses": 0,
        "generalAndAdministrativeExpenses": 0,
        "sellingAndMarketingExpenses": 0,
        "sellingGeneralAndAdministrativeExpenses": 336700000,
        "otherExpenses": 68600000,
        "operatingExpenses": 405300000,
        "costAndExpenses": 703300000,
        "interestIncome": 0,
        "interestExpense": 0,
        "depreciationAndAmortization": 68600000,
        "ebitda": 265800000,
        "ebitdaratio": 0.2951693504,
        "operatingIncome": 197200000,
        "operatingIncomeRatio": 0.2189894503,
        "totalOtherIncomeExpensesNet": -53100000,
        "incomeBeforeTax": 144100000,
        "incomeBeforeTaxRatio": 0.1600222099,
        "incomeTaxExpense": 49700000,
        "netIncome": 107100000,
        "netIncomeRatio": 0.1189339256,
        "eps": 0.35,
        "epsdiluted": 0.35,
        "weightedAverageShsOut": 301992000,
        "weightedAverageShsOutDil": 301992000,
        "link": "https://www.sec.gov/Archives/edgar/data/78814/000007881495000002/0000078814-95-000002-index.html",
        "finalLink": "https://www.sec.gov/Archives/edgar/data/78814/"
    },
    {
        "date": "1994-09-30",
        "symbol": "PBI",
        "reportedCurrency": "USD",
        "cik": "0000078814",
        "fillingDate": "1994-11-14",
        "acceptedDate": "1994-11-14 00:00:00",
        "calendarYear": "1994",
        "period": "Q3",
        "revenue": 806400000,
        "costOfRevenue": 245200000,
        "grossProfit": 561200000,
        "grossProfitRatio": 0.6959325397,
        "researchAndDevelopmentExpenses": 0,
        "generalAndAdministrativeExpenses": 0,
        "sellingAndMarketingExpenses": 0,
        "sellingGeneralAndAdministrativeExpenses": 317300000,
        "otherExpenses": 66600000,
        "operatingExpenses": 383900000,
        "costAndExpenses": 629100000,
        "interestIncome": 0,
        "interestExpense": 0,
        "depreciationAndAmortization": 58300000,
        "ebitda": 243900000,
        "ebitdaratio": 0.3024553571,
        "operatingIncome": 177300000,
        "operatingIncomeRatio": 0.2198660714,
        "totalOtherIncomeExpensesNet": -22500000,
        "incomeBeforeTax": 154800000,
        "incomeBeforeTaxRatio": 0.1919642857,
        "incomeTaxExpense": 69500000,
        "netIncome": 96000000,
        "netIncomeRatio": 0.119047619,
        "eps": 0.31,
        "epsdiluted": 0.31,
        "weightedAverageShsOut": 311750000,
        "weightedAverageShsOutDil": 311750000,
        "link": "https://www.sec.gov/Archives/edgar/data/78814/000007881494000008/0000078814-94-000008-index.html",
        "finalLink": "https://www.sec.gov/Archives/edgar/data/78814/"
    },
    {
        "date": "1994-06-30",
        "symbol": "PBI",
        "reportedCurrency": "USD",
        "cik": "0000078814",
        "fillingDate": "1994-08-15",
        "acceptedDate": "1994-08-15 00:00:00",
        "calendarYear": "1994",
        "period": "Q2",
        "revenue": 954900000,
        "costOfRevenue": 311500000,
        "grossProfit": 643400000,
        "grossProfitRatio": 0.6737878312,
        "researchAndDevelopmentExpenses": 0,
        "generalAndAdministrativeExpenses": 0,
        "sellingAndMarketingExpenses": 0,
        "sellingGeneralAndAdministrativeExpenses": 370400000,
        "otherExpenses": 70900000,
        "operatingExpenses": 441300000,
        "costAndExpenses": 752800000,
        "interestIncome": 0,
        "interestExpense": 0,
        "depreciationAndAmortization": 70900000,
        "ebitda": 273000000,
        "ebitdaratio": 0.2858938109,
        "operatingIncome": 202100000,
        "operatingIncomeRatio": 0.2116451985,
        "totalOtherIncomeExpensesNet": -45500000,
        "incomeBeforeTax": 156600000,
        "incomeBeforeTaxRatio": 0.16399623,
        "incomeTaxExpense": 58000000,
        "netIncome": 98600000,
        "netIncomeRatio": 0.1032568855,
        "eps": 0.31,
        "epsdiluted": 0.31,
        "weightedAverageShsOut": 315074000,
        "weightedAverageShsOutDil": 315074000,
        "link": "https://www.sec.gov/Archives/edgar/data/78814/000007881494000005/0000078814-94-000005-index.html",
        "finalLink": "https://www.sec.gov/Archives/edgar/data/78814/"
    },
    {
        "date": "1994-03-31",
        "symbol": "PBI",
        "reportedCurrency": "USD",
        "cik": "0000078814",
        "fillingDate": "1994-05-16",
        "acceptedDate": "1994-05-16 00:00:00",
        "calendarYear": "1994",
        "period": "Q1",
        "revenue": 876800000,
        "costOfRevenue": 265400000,
        "grossProfit": 611400000,
        "grossProfitRatio": 0.6973083942,
        "researchAndDevelopmentExpenses": 0,
        "generalAndAdministrativeExpenses": 0,
        "sellingAndMarketingExpenses": 0,
        "sellingGeneralAndAdministrativeExpenses": 352500000,
        "otherExpenses": 70500000,
        "operatingExpenses": 423000000,
        "costAndExpenses": 688400000,
        "interestIncome": 0,
        "interestExpense": 0,
        "depreciationAndAmortization": 70500000,
        "ebitda": 258900000,
        "ebitdaratio": 0.2952782847,
        "operatingIncome": 188400000,
        "operatingIncomeRatio": 0.2148722628,
        "totalOtherIncomeExpensesNet": -41500000,
        "incomeBeforeTax": 146900000,
        "incomeBeforeTaxRatio": 0.1675410584,
        "incomeTaxExpense": 55000000,
        "netIncome": -27600000,
        "netIncomeRatio": -0.0314781022,
        "eps": -0.0872,
        "epsdiluted": -0.0872,
        "weightedAverageShsOut": 316378000,
        "weightedAverageShsOutDil": 316378000,
        "link": "https://www.sec.gov/Archives/edgar/data/78814/000007881494000004/0000078814-94-000004-index.html",
        "finalLink": "https://www.sec.gov/Archives/edgar/data/78814/"
    },
    {
        "date": "1993-12-31",
        "symbol": "PBI",
        "reportedCurrency": "USD",
        "cik": "0000078814",
        "fillingDate": "1994-03-30",
        "acceptedDate": "1994-03-30 00:00:00",
        "calendarYear": "1993",
        "period": "Q4",
        "revenue": 974000000,
        "costOfRevenue": 297900000,
        "grossProfit": 676100000,
        "grossProfitRatio": 0.6941478439,
        "researchAndDevelopmentExpenses": 0,
        "generalAndAdministrativeExpenses": 0,
        "sellingAndMarketingExpenses": 0,
        "sellingGeneralAndAdministrativeExpenses": 401200000,
        "otherExpenses": 68300000,
        "operatingExpenses": 469500000,
        "costAndExpenses": 767400000,
        "interestIncome": 0,
        "interestExpense": 0,
        "depreciationAndAmortization": 68300000,
        "ebitda": 274900000,
        "ebitdaratio": 0.282238193,
        "operatingIncome": 206600000,
        "operatingIncomeRatio": 0.2121149897,
        "totalOtherIncomeExpensesNet": -42400000,
        "incomeBeforeTax": 164200000,
        "incomeBeforeTaxRatio": 0.1685831622,
        "incomeTaxExpense": 49400000,
        "netIncome": 114800000,
        "netIncomeRatio": 0.1178644764,
        "eps": 0.36,
        "epsdiluted": 0.36,
        "weightedAverageShsOut": 315696000,
        "weightedAverageShsOutDil": 315696000,
        "link": "https://www.sec.gov/Archives/edgar/data/78814/000007881494000003/0000078814-94-000003-index.html",
        "finalLink": "https://www.sec.gov/Archives/edgar/data/78814/"
    },
    {
        "date": "1993-09-30",
        "symbol": "PBI",
        "reportedCurrency": "USD",
        "cik": "0000078814",
        "fillingDate": "1993-09-30",
        "acceptedDate": "1993-09-29 20:00:00",
        "calendarYear": "1993",
        "period": "Q3",
        "revenue": 861200000,
        "costOfRevenue": 253300000,
        "grossProfit": 607900000,
        "grossProfitRatio": 0.7058755225,
        "researchAndDevelopmentExpenses": 0,
        "generalAndAdministrativeExpenses": 0,
        "sellingAndMarketingExpenses": 0,
        "sellingGeneralAndAdministrativeExpenses": 359500000,
        "otherExpenses": 65800000,
        "operatingExpenses": 425300000,
        "costAndExpenses": 678600000,
        "interestIncome": 0,
        "interestExpense": 0,
        "depreciationAndAmortization": 65800000,
        "ebitda": 248400000,
        "ebitdaratio": 0.2884347422,
        "operatingIncome": 182600000,
        "operatingIncomeRatio": 0.212029726,
        "totalOtherIncomeExpensesNet": -41200000,
        "incomeBeforeTax": 141400000,
        "incomeBeforeTaxRatio": 0.164189503,
        "incomeTaxExpense": 72400000,
        "netIncome": 69000000,
        "netIncomeRatio": 0.0801207617,
        "eps": 0.22,
        "epsdiluted": 0.22,
        "weightedAverageShsOut": 315696000,
        "weightedAverageShsOutDil": 315696000,
        "link": "",
        "finalLink": ""
    },
    {
        "date": "1993-06-30",
        "symbol": "PBI",
        "reportedCurrency": "USD",
        "cik": "0000078814",
        "fillingDate": "1993-06-30",
        "acceptedDate": "1993-06-29 20:00:00",
        "calendarYear": "1993",
        "period": "Q2",
        "revenue": 874400000,
        "costOfRevenue": 268300000,
        "grossProfit": 606100000,
        "grossProfitRatio": 0.6931610247,
        "researchAndDevelopmentExpenses": 0,
        "generalAndAdministrativeExpenses": 0,
        "sellingAndMarketingExpenses": 0,
        "sellingGeneralAndAdministrativeExpenses": 358800000,
        "otherExpenses": 64800000,
        "operatingExpenses": 423600000,
        "costAndExpenses": 691900000,
        "interestIncome": 0,
        "interestExpense": 0,
        "depreciationAndAmortization": 64800000,
        "ebitda": 247300000,
        "ebitdaratio": 0.2828225069,
        "operatingIncome": 182500000,
        "operatingIncomeRatio": 0.2087145471,
        "totalOtherIncomeExpensesNet": -43800000,
        "incomeBeforeTax": 138700000,
        "incomeBeforeTaxRatio": 0.1586230558,
        "incomeTaxExpense": 51400000,
        "netIncome": 87300000,
        "netIncomeRatio": 0.0998398902,
        "eps": 0.27,
        "epsdiluted": 0.27,
        "weightedAverageShsOut": 318002000,
        "weightedAverageShsOutDil": 318002000,
        "link": "",
        "finalLink": ""
    },
    {
        "date": "1993-03-31",
        "symbol": "PBI",
        "reportedCurrency": "USD",
        "cik": "0000078814",
        "fillingDate": "1993-03-31",
        "acceptedDate": "1993-03-30 19:00:00",
        "calendarYear": "1993",
        "period": "Q1",
        "revenue": 833400000,
        "costOfRevenue": 245000000,
        "grossProfit": 588400000,
        "grossProfitRatio": 0.7060235181,
        "researchAndDevelopmentExpenses": 0,
        "generalAndAdministrativeExpenses": 0,
        "sellingAndMarketingExpenses": 0,
        "sellingGeneralAndAdministrativeExpenses": 345200000,
        "otherExpenses": 64100000,
        "operatingExpenses": 409300000,
        "costAndExpenses": 654300000,
        "interestIncome": 0,
        "interestExpense": 0,
        "depreciationAndAmortization": 64100000,
        "ebitda": 243200000,
        "ebitdaratio": 0.2918166547,
        "operatingIncome": 179100000,
        "operatingIncomeRatio": 0.2149028078,
        "totalOtherIncomeExpensesNet": -48700000,
        "incomeBeforeTax": 130400000,
        "incomeBeforeTaxRatio": 0.1564674826,
        "incomeTaxExpense": 48300000,
        "netIncome": 82100000,
        "netIncomeRatio": 0.098512119,
        "eps": 0.26,
        "epsdiluted": 0.26,
        "weightedAverageShsOut": 314296000,
        "weightedAverageShsOutDil": 314296000,
        "link": "",
        "finalLink": ""
    },
    {
        "date": "1992-12-31",
        "symbol": "PBI",
        "reportedCurrency": "USD",
        "cik": "0000078814",
        "fillingDate": "1992-12-31",
        "acceptedDate": "1992-12-30 19:00:00",
        "calendarYear": "1992",
        "period": "Q4",
        "revenue": 927700000,
        "costOfRevenue": 272100000,
        "grossProfit": 655600000,
        "grossProfitRatio": 0.7066939743,
        "researchAndDevelopmentExpenses": 0,
        "generalAndAdministrativeExpenses": 0,
        "sellingAndMarketingExpenses": 0,
        "sellingGeneralAndAdministrativeExpenses": 412400000,
        "otherExpenses": 62800000,
        "operatingExpenses": 475200000,
        "costAndExpenses": 747300000,
        "interestIncome": 0,
        "interestExpense": 0,
        "depreciationAndAmortization": 62800000,
        "ebitda": 243200000,
        "ebitdaratio": 0.2621537135,
        "operatingIncome": 180400000,
        "operatingIncomeRatio": 0.1944594158,
        "totalOtherIncomeExpensesNet": -50600000,
        "incomeBeforeTax": 129800000,
        "incomeBeforeTaxRatio": 0.1399159211,
        "incomeTaxExpense": 46900000,
        "netIncome": -131700000,
        "netIncomeRatio": -0.141963997,
        "eps": -0.42,
        "epsdiluted": -0.42,
        "weightedAverageShsOut": 313966000,
        "weightedAverageShsOutDil": 313966000,
        "link": "",
        "finalLink": ""
    },
    {
        "date": "1992-09-30",
        "symbol": "PBI",
        "reportedCurrency": "USD",
        "cik": "0000078814",
        "fillingDate": "1992-09-30",
        "acceptedDate": "1992-09-29 20:00:00",
        "calendarYear": "1992",
        "period": "Q3",
        "revenue": 861000000,
        "costOfRevenue": 251100000,
        "grossProfit": 609900000,
        "grossProfitRatio": 0.7083623693,
        "researchAndDevelopmentExpenses": 0,
        "generalAndAdministrativeExpenses": 0,
        "sellingAndMarketingExpenses": 0,
        "sellingGeneralAndAdministrativeExpenses": 364200000,
        "otherExpenses": 63400000,
        "operatingExpenses": 427600000,
        "costAndExpenses": 678700000,
        "interestIncome": 0,
        "interestExpense": 0,
        "depreciationAndAmortization": 63400000,
        "ebitda": 245700000,
        "ebitdaratio": 0.2853658537,
        "operatingIncome": 182300000,
        "operatingIncomeRatio": 0.2117305459,
        "totalOtherIncomeExpensesNet": -55200000,
        "incomeBeforeTax": 127100000,
        "incomeBeforeTaxRatio": 0.1476190476,
        "incomeTaxExpense": 46600000,
        "netIncome": 83200000,
        "netIncomeRatio": 0.0966318235,
        "eps": 0.26,
        "epsdiluted": 0.26,
        "weightedAverageShsOut": 313966000,
        "weightedAverageShsOutDil": 313966000,
        "link": "",
        "finalLink": ""
    },
    {
        "date": "1992-06-30",
        "symbol": "PBI",
        "reportedCurrency": "USD",
        "cik": "0000078814",
        "fillingDate": "1992-06-30",
        "acceptedDate": "1992-06-29 20:00:00",
        "calendarYear": "1992",
        "period": "Q2",
        "revenue": 833900000,
        "costOfRevenue": 239200000,
        "grossProfit": 594700000,
        "grossProfitRatio": 0.7131550546,
        "researchAndDevelopmentExpenses": 0,
        "generalAndAdministrativeExpenses": 0,
        "sellingAndMarketingExpenses": 0,
        "sellingGeneralAndAdministrativeExpenses": 353100000,
        "otherExpenses": 62800000,
        "operatingExpenses": 415900000,
        "costAndExpenses": 655100000,
        "interestIncome": 0,
        "interestExpense": 0,
        "depreciationAndAmortization": 62800000,
        "ebitda": 241600000,
        "ebitdaratio": 0.2897229884,
        "operatingIncome": 178800000,
        "operatingIncomeRatio": 0.2144141983,
        "totalOtherIncomeExpensesNet": -54600000,
        "incomeBeforeTax": 124200000,
        "incomeBeforeTaxRatio": 0.1489387217,
        "incomeTaxExpense": 46500000,
        "netIncome": 77700000,
        "netIncomeRatio": 0.0931766399,
        "eps": 0.25,
        "epsdiluted": 0.25,
        "weightedAverageShsOut": 313638000,
        "weightedAverageShsOutDil": 313638000,
        "link": "",
        "finalLink": ""
    },
    {
        "date": "1992-03-31",
        "symbol": "PBI",
        "reportedCurrency": "USD",
        "cik": "0000078814",
        "fillingDate": "1992-03-31",
        "acceptedDate": "1992-03-30 19:00:00",
        "calendarYear": "1992",
        "period": "Q1",
        "revenue": 811500000,
        "costOfRevenue": 231000000,
        "grossProfit": 580500000,
        "grossProfitRatio": 0.7153419593,
        "researchAndDevelopmentExpenses": 0,
        "generalAndAdministrativeExpenses": 0,
        "sellingAndMarketingExpenses": 0,
        "sellingGeneralAndAdministrativeExpenses": 350000000,
        "otherExpenses": 61800000,
        "operatingExpenses": 411800000,
        "costAndExpenses": 642800000,
        "interestIncome": 0,
        "interestExpense": 0,
        "depreciationAndAmortization": 61800000,
        "ebitda": 230500000,
        "ebitdaratio": 0.2840418977,
        "operatingIncome": 168700000,
        "operatingIncomeRatio": 0.2078866297,
        "totalOtherIncomeExpensesNet": -54400000,
        "incomeBeforeTax": 114300000,
        "incomeBeforeTaxRatio": 0.1408502773,
        "incomeTaxExpense": 43200000,
        "netIncome": 71100000,
        "netIncomeRatio": 0.0876155268,
        "eps": 0.22,
        "epsdiluted": 0.22,
        "weightedAverageShsOut": 317840000,
        "weightedAverageShsOutDil": 317840000,
        "link": "",
        "finalLink": ""
    },
    {
        "date": "1991-12-31",
        "symbol": "PBI",
        "reportedCurrency": "USD",
        "cik": "0000078814",
        "fillingDate": "1991-12-31",
        "acceptedDate": "1991-12-30 19:00:00",
        "calendarYear": "1991",
        "period": "Q4",
        "revenue": 905900000,
        "costOfRevenue": 268500000,
        "grossProfit": 637400000,
        "grossProfitRatio": 0.7036096699,
        "researchAndDevelopmentExpenses": 0,
        "generalAndAdministrativeExpenses": 0,
        "sellingAndMarketingExpenses": 0,
        "sellingGeneralAndAdministrativeExpenses": 387900000,
        "otherExpenses": 60300000,
        "operatingExpenses": 448200000,
        "costAndExpenses": 716700000,
        "interestIncome": 0,
        "interestExpense": 0,
        "depreciationAndAmortization": 60300000,
        "ebitda": 249500000,
        "ebitdaratio": 0.2754167127,
        "operatingIncome": 189200000,
        "operatingIncomeRatio": 0.2088530743,
        "totalOtherIncomeExpensesNet": -60300000,
        "incomeBeforeTax": 128900000,
        "incomeBeforeTaxRatio": 0.1422894359,
        "incomeTaxExpense": 46200000,
        "netIncome": 88000000,
        "netIncomeRatio": 0.0971409648,
        "eps": 0.28,
        "epsdiluted": 0.28,
        "weightedAverageShsOut": 317312000,
        "weightedAverageShsOutDil": 317312000,
        "link": "",
        "finalLink": ""
    },
    {
        "date": "1991-09-30",
        "symbol": "PBI",
        "reportedCurrency": "USD",
        "cik": "0000078814",
        "fillingDate": "1991-09-30",
        "acceptedDate": "1991-09-29 20:00:00",
        "calendarYear": "1991",
        "period": "Q3",
        "revenue": 813900000,
        "costOfRevenue": 233200000,
        "grossProfit": 580700000,
        "grossProfitRatio": 0.7134783143,
        "researchAndDevelopmentExpenses": 0,
        "generalAndAdministrativeExpenses": 0,
        "sellingAndMarketingExpenses": 0,
        "sellingGeneralAndAdministrativeExpenses": 349800000,
        "otherExpenses": 60200000,
        "operatingExpenses": 410000000,
        "costAndExpenses": 643200000,
        "interestIncome": 0,
        "interestExpense": 0,
        "depreciationAndAmortization": 60200000,
        "ebitda": 230900000,
        "ebitdaratio": 0.2836957857,
        "operatingIncome": 170700000,
        "operatingIncomeRatio": 0.2097309252,
        "totalOtherIncomeExpensesNet": -58700000,
        "incomeBeforeTax": 112000000,
        "incomeBeforeTaxRatio": 0.1376090429,
        "incomeTaxExpense": 42100000,
        "netIncome": 72000000,
        "netIncomeRatio": 0.0884629561,
        "eps": 0.23,
        "epsdiluted": 0.23,
        "weightedAverageShsOut": 317312000,
        "weightedAverageShsOutDil": 317312000,
        "link": "",
        "finalLink": ""
    },
    {
        "date": "1991-06-30",
        "symbol": "PBI",
        "reportedCurrency": "USD",
        "cik": "0000078814",
        "fillingDate": "1991-06-30",
        "acceptedDate": "1991-06-29 20:00:00",
        "calendarYear": "1991",
        "period": "Q2",
        "revenue": 804000000,
        "costOfRevenue": 219500000,
        "grossProfit": 584500000,
        "grossProfitRatio": 0.7269900498,
        "researchAndDevelopmentExpenses": 0,
        "generalAndAdministrativeExpenses": 0,
        "sellingAndMarketingExpenses": 0,
        "sellingGeneralAndAdministrativeExpenses": 353400000,
        "otherExpenses": 59400000,
        "operatingExpenses": 412800000,
        "costAndExpenses": 632300000,
        "interestIncome": 0,
        "interestExpense": 0,
        "depreciationAndAmortization": 59400000,
        "ebitda": 231100000,
        "ebitdaratio": 0.2874378109,
        "operatingIncome": 171700000,
        "operatingIncomeRatio": 0.2135572139,
        "totalOtherIncomeExpensesNet": -61600000,
        "incomeBeforeTax": 110100000,
        "incomeBeforeTaxRatio": 0.1369402985,
        "incomeTaxExpense": 42400000,
        "netIncome": 67700000,
        "netIncomeRatio": 0.0842039801,
        "eps": 0.21,
        "epsdiluted": 0.21,
        "weightedAverageShsOut": 317156000,
        "weightedAverageShsOutDil": 317156000,
        "link": "",
        "finalLink": ""
    },
    {
        "date": "1991-03-31",
        "symbol": "PBI",
        "reportedCurrency": "USD",
        "cik": "0000078814",
        "fillingDate": "1991-03-31",
        "acceptedDate": "1991-03-30 19:00:00",
        "calendarYear": "1991",
        "period": "Q1",
        "revenue": 808700000,
        "costOfRevenue": 219000000,
        "grossProfit": 589700000,
        "grossProfitRatio": 0.7291950043,
        "researchAndDevelopmentExpenses": 0,
        "generalAndAdministrativeExpenses": 0,
        "sellingAndMarketingExpenses": 0,
        "sellingGeneralAndAdministrativeExpenses": 357900000,
        "otherExpenses": 58200000,
        "operatingExpenses": 416100000,
        "costAndExpenses": 635100000,
        "interestIncome": 0,
        "interestExpense": 0,
        "depreciationAndAmortization": 58200000,
        "ebitda": 231800000,
        "ebitdaratio": 0.2866328676,
        "operatingIncome": 173600000,
        "operatingIncomeRatio": 0.2146655126,
        "totalOtherIncomeExpensesNet": -63000000,
        "incomeBeforeTax": 110600000,
        "incomeBeforeTaxRatio": 0.1367627056,
        "incomeTaxExpense": 43000000,
        "netIncome": 67600000,
        "netIncomeRatio": 0.0835909484,
        "eps": 0.21,
        "epsdiluted": 0.21,
        "weightedAverageShsOut": 315464000,
        "weightedAverageShsOutDil": 315464000,
        "link": "",
        "finalLink": ""
    },
    {
        "date": "1990-12-31",
        "symbol": "PBI",
        "reportedCurrency": "USD",
        "cik": "0000078814",
        "fillingDate": "1990-12-31",
        "acceptedDate": "1990-12-30 19:00:00",
        "calendarYear": "1990",
        "period": "Q4",
        "revenue": 866000000,
        "costOfRevenue": 244500000,
        "grossProfit": 621500000,
        "grossProfitRatio": 0.7176674365,
        "researchAndDevelopmentExpenses": 0,
        "generalAndAdministrativeExpenses": 0,
        "sellingAndMarketingExpenses": 0,
        "sellingGeneralAndAdministrativeExpenses": 380200000,
        "otherExpenses": 55600000,
        "operatingExpenses": 435800000,
        "costAndExpenses": 680300000,
        "interestIncome": 0,
        "interestExpense": 0,
        "depreciationAndAmortization": 55600000,
        "ebitda": 241300000,
        "ebitdaratio": 0.2786374134,
        "operatingIncome": 185700000,
        "operatingIncomeRatio": 0.2144341801,
        "totalOtherIncomeExpensesNet": -65700000,
        "incomeBeforeTax": 120000000,
        "incomeBeforeTaxRatio": 0.1385681293,
        "incomeTaxExpense": 44000000,
        "netIncome": 81300000,
        "netIncomeRatio": 0.0938799076,
        "eps": 0.26,
        "epsdiluted": 0.26,
        "weightedAverageShsOut": 314460000,
        "weightedAverageShsOutDil": 314460000,
        "link": "",
        "finalLink": ""
    },
    {
        "date": "1990-09-30",
        "symbol": "PBI",
        "reportedCurrency": "USD",
        "cik": "0000078814",
        "fillingDate": "1990-09-30",
        "acceptedDate": "1990-09-29 20:00:00",
        "calendarYear": "1990",
        "period": "Q3",
        "revenue": 799700000,
        "costOfRevenue": 231800000,
        "grossProfit": 567900000,
        "grossProfitRatio": 0.710141303,
        "researchAndDevelopmentExpenses": 0,
        "generalAndAdministrativeExpenses": 0,
        "sellingAndMarketingExpenses": 0,
        "sellingGeneralAndAdministrativeExpenses": 345400000,
        "otherExpenses": 56300000,
        "operatingExpenses": 401700000,
        "costAndExpenses": 633500000,
        "interestIncome": 0,
        "interestExpense": 0,
        "depreciationAndAmortization": 56300000,
        "ebitda": 222500000,
        "ebitdaratio": 0.278229336,
        "operatingIncome": 166200000,
        "operatingIncomeRatio": 0.2078279355,
        "totalOtherIncomeExpensesNet": -151400000,
        "incomeBeforeTax": 14800000,
        "incomeBeforeTaxRatio": 0.0185069401,
        "incomeTaxExpense": 4400000,
        "netIncome": 11700000,
        "netIncomeRatio": 0.0146304864,
        "eps": 0.0372,
        "epsdiluted": 0.0372,
        "weightedAverageShsOut": 314460000,
        "weightedAverageShsOutDil": 314460000,
        "link": "",
        "finalLink": ""
    },
    {
        "date": "1990-06-30",
        "symbol": "PBI",
        "reportedCurrency": "USD",
        "cik": "0000078814",
        "fillingDate": "1990-06-30",
        "acceptedDate": "1990-06-29 20:00:00",
        "calendarYear": "1990",
        "period": "Q2",
        "revenue": 774200000,
        "costOfRevenue": 212200000,
        "grossProfit": 562000000,
        "grossProfitRatio": 0.7259106174,
        "researchAndDevelopmentExpenses": 0,
        "generalAndAdministrativeExpenses": 0,
        "sellingAndMarketingExpenses": 0,
        "sellingGeneralAndAdministrativeExpenses": 346900000,
        "otherExpenses": 55200000,
        "operatingExpenses": 402100000,
        "costAndExpenses": 614300000,
        "interestIncome": 0,
        "interestExpense": 0,
        "depreciationAndAmortization": 55200000,
        "ebitda": 215100000,
        "ebitdaratio": 0.2778351847,
        "operatingIncome": 159900000,
        "operatingIncomeRatio": 0.2065357789,
        "totalOtherIncomeExpensesNet": -62900000,
        "incomeBeforeTax": 97000000,
        "incomeBeforeTaxRatio": 0.1252906226,
        "incomeTaxExpense": 36600000,
        "netIncome": 60400000,
        "netIncomeRatio": 0.0780160165,
        "eps": 0.19,
        "epsdiluted": 0.19,
        "weightedAverageShsOut": 316392000,
        "weightedAverageShsOutDil": 316392000,
        "link": "",
        "finalLink": ""
    },
    {
        "date": "1990-03-31",
        "symbol": "PBI",
        "reportedCurrency": "USD",
        "cik": "0000078814",
        "fillingDate": "1990-03-31",
        "acceptedDate": "1990-03-30 19:00:00",
        "calendarYear": "1990",
        "period": "Q1",
        "revenue": 755700000,
        "costOfRevenue": 209700000,
        "grossProfit": 546000000,
        "grossProfitRatio": 0.7225089321,
        "researchAndDevelopmentExpenses": 0,
        "generalAndAdministrativeExpenses": 0,
        "sellingAndMarketingExpenses": 0,
        "sellingGeneralAndAdministrativeExpenses": 337200000,
        "otherExpenses": 53500000,
        "operatingExpenses": 390700000,
        "costAndExpenses": 600400000,
        "interestIncome": 0,
        "interestExpense": 0,
        "depreciationAndAmortization": 53500000,
        "ebitda": 208800000,
        "ebitdaratio": 0.2763001191,
        "operatingIncome": 155300000,
        "operatingIncomeRatio": 0.20550483,
        "totalOtherIncomeExpensesNet": -59600000,
        "incomeBeforeTax": 95700000,
        "incomeBeforeTaxRatio": 0.1266375546,
        "incomeTaxExpense": 36000000,
        "netIncome": 59700000,
        "netIncomeRatio": 0.078999603,
        "eps": 0.19,
        "epsdiluted": 0.19,
        "weightedAverageShsOut": 314762000,
        "weightedAverageShsOutDil": 314762000,
        "link": "",
        "finalLink": ""
    },
    {
        "date": "1989-12-31",
        "symbol": "PBI",
        "reportedCurrency": "USD",
        "cik": "0000078814",
        "fillingDate": "1989-12-31",
        "acceptedDate": "1989-12-30 19:00:00",
        "calendarYear": "1989",
        "period": "Q4",
        "revenue": 767200000,
        "costOfRevenue": 235100000,
        "grossProfit": 532100000,
        "grossProfitRatio": 0.693561001,
        "researchAndDevelopmentExpenses": 0,
        "generalAndAdministrativeExpenses": 0,
        "sellingAndMarketingExpenses": 0,
        "sellingGeneralAndAdministrativeExpenses": 318400000,
        "otherExpenses": 46800000,
        "operatingExpenses": 365200000,
        "costAndExpenses": 600300000,
        "interestIncome": 0,
        "interestExpense": 0,
        "depreciationAndAmortization": 46800000,
        "ebitda": 213700000,
        "ebitdaratio": 0.2785453597,
        "operatingIncome": 166900000,
        "operatingIncomeRatio": 0.217544317,
        "totalOtherIncomeExpensesNet": -173900000,
        "incomeBeforeTax": -7000000,
        "incomeBeforeTaxRatio": -0.0091240876,
        "incomeTaxExpense": -9900000,
        "netIncome": 9500000,
        "netIncomeRatio": 0.0123826903,
        "eps": 0.0301,
        "epsdiluted": 0.0301,
        "weightedAverageShsOut": 313460000,
        "weightedAverageShsOutDil": 315276000,
        "link": "",
        "finalLink": ""
    },
    {
        "date": "1989-09-30",
        "symbol": "PBI",
        "reportedCurrency": "USD",
        "cik": "0000078814",
        "fillingDate": "1989-09-30",
        "acceptedDate": "1989-09-29 20:00:00",
        "calendarYear": "1989",
        "period": "Q3",
        "revenue": 734800000,
        "costOfRevenue": 194600000,
        "grossProfit": 540200000,
        "grossProfitRatio": 0.7351660316,
        "researchAndDevelopmentExpenses": 0,
        "generalAndAdministrativeExpenses": 0,
        "sellingAndMarketingExpenses": 0,
        "sellingGeneralAndAdministrativeExpenses": 336700000,
        "otherExpenses": 50600000,
        "operatingExpenses": 387300000,
        "costAndExpenses": 581900000,
        "interestIncome": 0,
        "interestExpense": 0,
        "depreciationAndAmortization": 50600000,
        "ebitda": 203500000,
        "ebitdaratio": 0.2769461078,
        "operatingIncome": 152900000,
        "operatingIncomeRatio": 0.2080838323,
        "totalOtherIncomeExpensesNet": -59100000,
        "incomeBeforeTax": 93800000,
        "incomeBeforeTaxRatio": 0.1276537833,
        "incomeTaxExpense": 31800000,
        "netIncome": 62000000,
        "netIncomeRatio": 0.0843767011,
        "eps": 0.2,
        "epsdiluted": 0.2,
        "weightedAverageShsOut": 315276000,
        "weightedAverageShsOutDil": 315276000,
        "link": "",
        "finalLink": ""
    },
    {
        "date": "1989-06-30",
        "symbol": "PBI",
        "reportedCurrency": "USD",
        "cik": "0000078814",
        "fillingDate": "1989-06-30",
        "acceptedDate": "1989-06-29 20:00:00",
        "calendarYear": "1989",
        "period": "Q2",
        "revenue": 704000000,
        "costOfRevenue": 185900000,
        "grossProfit": 518100000,
        "grossProfitRatio": 0.7359375,
        "researchAndDevelopmentExpenses": 0,
        "generalAndAdministrativeExpenses": 0,
        "sellingAndMarketingExpenses": 0,
        "sellingGeneralAndAdministrativeExpenses": 321900000,
        "otherExpenses": 48500000,
        "operatingExpenses": 370400000,
        "costAndExpenses": 556300000,
        "interestIncome": 0,
        "interestExpense": 0,
        "depreciationAndAmortization": 48500000,
        "ebitda": 196200000,
        "ebitdaratio": 0.2786931818,
        "operatingIncome": 147700000,
        "operatingIncomeRatio": 0.2098011364,
        "totalOtherIncomeExpensesNet": -54600000,
        "incomeBeforeTax": 93100000,
        "incomeBeforeTaxRatio": 0.1322443182,
        "incomeTaxExpense": 31300000,
        "netIncome": 61800000,
        "netIncomeRatio": 0.0877840909,
        "eps": 0.2,
        "epsdiluted": 0.2,
        "weightedAverageShsOut": 312500000,
        "weightedAverageShsOutDil": 312500000,
        "link": "",
        "finalLink": ""
    },
    {
        "date": "1989-03-31",
        "symbol": "PBI",
        "reportedCurrency": "USD",
        "cik": "0000078814",
        "fillingDate": "1989-03-31",
        "acceptedDate": "1989-03-30 19:00:00",
        "calendarYear": "1989",
        "period": "Q1",
        "revenue": 658200000,
        "costOfRevenue": 0,
        "grossProfit": 658200000,
        "grossProfitRatio": 1,
        "researchAndDevelopmentExpenses": 0,
        "generalAndAdministrativeExpenses": 0,
        "sellingAndMarketingExpenses": 0,
        "sellingGeneralAndAdministrativeExpenses": 658200000,
        "otherExpenses": 0,
        "operatingExpenses": 658200000,
        "costAndExpenses": 0,
        "interestIncome": 0,
        "interestExpense": 0,
        "depreciationAndAmortization": 0,
        "ebitda": 658200000,
        "ebitdaratio": 1,
        "operatingIncome": 658200000,
        "operatingIncomeRatio": 1,
        "totalOtherIncomeExpensesNet": -658200000,
        "incomeBeforeTax": 0,
        "incomeBeforeTaxRatio": 0,
        "incomeTaxExpense": -53400000,
        "netIncome": 0,
        "netIncomeRatio": 0,
        "eps": 0.0425,
        "epsdiluted": 0.0425,
        "weightedAverageShsOut": 312068000,
        "weightedAverageShsOutDil": 312068000,
        "link": "",
        "finalLink": ""
    },
    {
        "date": "1988-12-31",
        "symbol": "PBI",
        "reportedCurrency": "USD",
        "cik": "0000078814",
        "fillingDate": "1988-12-31",
        "acceptedDate": "1988-12-30 19:00:00",
        "calendarYear": "1988",
        "period": "Q4",
        "revenue": 973800000,
        "costOfRevenue": 0,
        "grossProfit": 973800000,
        "grossProfitRatio": 1,
        "researchAndDevelopmentExpenses": 0,
        "generalAndAdministrativeExpenses": 0,
        "sellingAndMarketingExpenses": 0,
        "sellingGeneralAndAdministrativeExpenses": 0,
        "otherExpenses": 973800000,
        "operatingExpenses": 973800000,
        "costAndExpenses": 973800000,
        "interestIncome": 0,
        "interestExpense": 0,
        "depreciationAndAmortization": 0,
        "ebitda": -1151300000,
        "ebitdaratio": -1.1822756213,
        "operatingIncome": -1151300000,
        "operatingIncomeRatio": -1.1822756213,
        "totalOtherIncomeExpensesNet": 1151300000,
        "incomeBeforeTax": 0,
        "incomeBeforeTaxRatio": 0,
        "incomeTaxExpense": -78800000,
        "netIncome": 78800000,
        "netIncomeRatio": 0.0809201068,
        "eps": 0.253145038,
        "epsdiluted": 0.253145038,
        "weightedAverageShsOut": 311284000,
        "weightedAverageShsOutDil": 311284000,
        "link": "",
        "finalLink": ""
    },
    {
        "date": "1988-09-30",
        "symbol": "PBI",
        "reportedCurrency": "USD",
        "cik": "0000078814",
        "fillingDate": "1988-09-30",
        "acceptedDate": "1988-09-29 20:00:00",
        "calendarYear": "1988",
        "period": "Q3",
        "revenue": 571900000,
        "costOfRevenue": 0,
        "grossProfit": 571900000,
        "grossProfitRatio": 1,
        "researchAndDevelopmentExpenses": 0,
        "generalAndAdministrativeExpenses": 0,
        "sellingAndMarketingExpenses": 0,
        "sellingGeneralAndAdministrativeExpenses": 571900000,
        "otherExpenses": 0,
        "operatingExpenses": 571900000,
        "costAndExpenses": 0,
        "interestIncome": 0,
        "interestExpense": 0,
        "depreciationAndAmortization": 0,
        "ebitda": 571900000,
        "ebitdaratio": 1,
        "operatingIncome": 571900000,
        "operatingIncomeRatio": 1,
        "totalOtherIncomeExpensesNet": -571900000,
        "incomeBeforeTax": 0,
        "incomeBeforeTaxRatio": 0,
        "incomeTaxExpense": -54000000,
        "netIncome": 54000000,
        "netIncomeRatio": 0.0944221018,
        "eps": 0.0425,
        "epsdiluted": 0.0425,
        "weightedAverageShsOut": 311284000,
        "weightedAverageShsOutDil": 311284000,
        "link": "",
        "finalLink": ""
    },
    {
        "date": "1988-06-30",
        "symbol": "PBI",
        "reportedCurrency": "USD",
        "cik": "0000078814",
        "fillingDate": "1988-06-30",
        "acceptedDate": "1988-06-29 20:00:00",
        "calendarYear": "1988",
        "period": "Q2",
        "revenue": 583000000,
        "costOfRevenue": 0,
        "grossProfit": 583000000,
        "grossProfitRatio": 1,
        "researchAndDevelopmentExpenses": 0,
        "generalAndAdministrativeExpenses": 0,
        "sellingAndMarketingExpenses": 0,
        "sellingGeneralAndAdministrativeExpenses": 583000000,
        "otherExpenses": 0,
        "operatingExpenses": 583000000,
        "costAndExpenses": 0,
        "interestIncome": 0,
        "interestExpense": 0,
        "depreciationAndAmortization": 0,
        "ebitda": 583000000,
        "ebitdaratio": 1,
        "operatingIncome": 583000000,
        "operatingIncomeRatio": 1,
        "totalOtherIncomeExpensesNet": -583000000,
        "incomeBeforeTax": 0,
        "incomeBeforeTaxRatio": 0,
        "incomeTaxExpense": -56500000,
        "netIncome": 56500000,
        "netIncomeRatio": 0.0969125214,
        "eps": 0.045,
        "epsdiluted": 0.045,
        "weightedAverageShsOut": 305456000,
        "weightedAverageShsOutDil": 305456000,
        "link": "",
        "finalLink": ""
    },
    {
        "date": "1988-03-31",
        "symbol": "PBI",
        "reportedCurrency": "USD",
        "cik": "0000078814",
        "fillingDate": "1988-03-31",
        "acceptedDate": "1988-03-30 19:00:00",
        "calendarYear": "1988",
        "period": "Q1",
        "revenue": 521300000,
        "costOfRevenue": 0,
        "grossProfit": 521300000,
        "grossProfitRatio": 1,
        "researchAndDevelopmentExpenses": 0,
        "generalAndAdministrativeExpenses": 0,
        "sellingAndMarketingExpenses": 0,
        "sellingGeneralAndAdministrativeExpenses": 521300000,
        "otherExpenses": 0,
        "operatingExpenses": 521300000,
        "costAndExpenses": 0,
        "interestIncome": 0,
        "interestExpense": 0,
        "depreciationAndAmortization": 0,
        "ebitda": 521300000,
        "ebitdaratio": 1,
        "operatingIncome": 521300000,
        "operatingIncomeRatio": 1,
        "totalOtherIncomeExpensesNet": -521300000,
        "incomeBeforeTax": 0,
        "incomeBeforeTaxRatio": 0,
        "incomeTaxExpense": -47600000,
        "netIncome": 0,
        "netIncomeRatio": 0,
        "eps": 0.045,
        "epsdiluted": 0.045,
        "weightedAverageShsOut": 314348000,
        "weightedAverageShsOutDil": 314348000,
        "link": "",
        "finalLink": ""
    },
    {
        "date": "1987-12-31",
        "symbol": "PBI",
        "reportedCurrency": "USD",
        "cik": "0000078814",
        "fillingDate": "1987-12-31",
        "acceptedDate": "1987-12-30 19:00:00",
        "calendarYear": "1987",
        "period": "Q4",
        "revenue": 643400000,
        "costOfRevenue": 0,
        "grossProfit": 643400000,
        "grossProfitRatio": 1,
        "researchAndDevelopmentExpenses": 0,
        "generalAndAdministrativeExpenses": 0,
        "sellingAndMarketingExpenses": 0,
        "sellingGeneralAndAdministrativeExpenses": 0,
        "otherExpenses": 643400000,
        "operatingExpenses": 643400000,
        "costAndExpenses": 643400000,
        "interestIncome": 0,
        "interestExpense": 0,
        "depreciationAndAmortization": 0,
        "ebitda": -1358100000,
        "ebitdaratio": -2.1108175319,
        "operatingIncome": -1358100000,
        "operatingIncomeRatio": -2.1108175319,
        "totalOtherIncomeExpensesNet": 1358100000,
        "incomeBeforeTax": 0,
        "incomeBeforeTaxRatio": 0,
        "incomeTaxExpense": -67900000,
        "netIncome": 67900000,
        "netIncomeRatio": 0.1055331054,
        "eps": 0.2206895655,
        "epsdiluted": 0.2206895655,
        "weightedAverageShsOut": 307672000,
        "weightedAverageShsOutDil": 307672000,
        "link": "",
        "finalLink": ""
    },
    {
        "date": "1987-09-30",
        "symbol": "PBI",
        "reportedCurrency": "USD",
        "cik": "0000078814",
        "fillingDate": "1987-09-30",
        "acceptedDate": "1987-09-29 20:00:00",
        "calendarYear": "1987",
        "period": "Q3",
        "revenue": 550500000,
        "costOfRevenue": 0,
        "grossProfit": 550500000,
        "grossProfitRatio": 1,
        "researchAndDevelopmentExpenses": 0,
        "generalAndAdministrativeExpenses": 0,
        "sellingAndMarketingExpenses": 0,
        "sellingGeneralAndAdministrativeExpenses": 550500000,
        "otherExpenses": 0,
        "operatingExpenses": 550500000,
        "costAndExpenses": 0,
        "interestIncome": 0,
        "interestExpense": 0,
        "depreciationAndAmortization": 0,
        "ebitda": 550500000,
        "ebitdaratio": 1,
        "operatingIncome": 550500000,
        "operatingIncomeRatio": 1,
        "totalOtherIncomeExpensesNet": -550500000,
        "incomeBeforeTax": 0,
        "incomeBeforeTaxRatio": 0,
        "incomeTaxExpense": -46000000,
        "netIncome": 46000000,
        "netIncomeRatio": 0.0835603996,
        "eps": 0.0375,
        "epsdiluted": 0.0375,
        "weightedAverageShsOut": 307672000,
        "weightedAverageShsOutDil": 307672000,
        "link": "",
        "finalLink": ""
    },
    {
        "date": "1987-06-30",
        "symbol": "PBI",
        "reportedCurrency": "USD",
        "cik": "0000078814",
        "fillingDate": "1987-06-30",
        "acceptedDate": "1987-06-29 20:00:00",
        "calendarYear": "1987",
        "period": "Q2",
        "revenue": 552100000,
        "costOfRevenue": 0,
        "grossProfit": 552100000,
        "grossProfitRatio": 1,
        "researchAndDevelopmentExpenses": 0,
        "generalAndAdministrativeExpenses": 0,
        "sellingAndMarketingExpenses": 0,
        "sellingGeneralAndAdministrativeExpenses": 552100000,
        "otherExpenses": 0,
        "operatingExpenses": 552100000,
        "costAndExpenses": 0,
        "interestIncome": 0,
        "interestExpense": 0,
        "depreciationAndAmortization": 0,
        "ebitda": 552100000,
        "ebitdaratio": 1,
        "operatingIncome": 552100000,
        "operatingIncomeRatio": 1,
        "totalOtherIncomeExpensesNet": -552100000,
        "incomeBeforeTax": 0,
        "incomeBeforeTaxRatio": 0,
        "incomeTaxExpense": -44500000,
        "netIncome": 44500000,
        "netIncomeRatio": 0.0806013403,
        "eps": 0.035,
        "epsdiluted": 0.035,
        "weightedAverageShsOut": 307672000,
        "weightedAverageShsOutDil": 307672000,
        "link": "",
        "finalLink": ""
    },
    {
        "date": "1987-03-31",
        "symbol": "PBI",
        "reportedCurrency": "USD",
        "cik": "0000078814",
        "fillingDate": "1987-03-31",
        "acceptedDate": "1987-03-30 19:00:00",
        "calendarYear": "1987",
        "period": "Q1",
        "revenue": 504500000,
        "costOfRevenue": 0,
        "grossProfit": 504500000,
        "grossProfitRatio": 1,
        "researchAndDevelopmentExpenses": 0,
        "generalAndAdministrativeExpenses": 0,
        "sellingAndMarketingExpenses": 0,
        "sellingGeneralAndAdministrativeExpenses": 504500000,
        "otherExpenses": 0,
        "operatingExpenses": 504500000,
        "costAndExpenses": 0,
        "interestIncome": 0,
        "interestExpense": 0,
        "depreciationAndAmortization": 0,
        "ebitda": 504500000,
        "ebitdaratio": 1,
        "operatingIncome": 504500000,
        "operatingIncomeRatio": 1,
        "totalOtherIncomeExpensesNet": -504500000,
        "incomeBeforeTax": 0,
        "incomeBeforeTaxRatio": 0,
        "incomeTaxExpense": -41000000,
        "netIncome": 41000000,
        "netIncomeRatio": 0.0812685828,
        "eps": 0.0325,
        "epsdiluted": 0.0325,
        "weightedAverageShsOut": 304696000,
        "weightedAverageShsOutDil": 304696000,
        "link": "",
        "finalLink": ""
    },
    {
        "date": "1986-12-31",
        "symbol": "PBI",
        "reportedCurrency": "USD",
        "cik": "0000078814",
        "fillingDate": "1986-12-31",
        "acceptedDate": "1986-12-30 19:00:00",
        "calendarYear": "1986",
        "period": "Q4",
        "revenue": 563400000,
        "costOfRevenue": 0,
        "grossProfit": 563400000,
        "grossProfitRatio": 1,
        "researchAndDevelopmentExpenses": 0,
        "generalAndAdministrativeExpenses": 0,
        "sellingAndMarketingExpenses": 0,
        "sellingGeneralAndAdministrativeExpenses": 0,
        "otherExpenses": 563400000,
        "operatingExpenses": 563400000,
        "costAndExpenses": 563400000,
        "interestIncome": 0,
        "interestExpense": 0,
        "depreciationAndAmortization": 0,
        "ebitda": -1205900000,
        "ebitdaratio": -2.1403975861,
        "operatingIncome": -1205900000,
        "operatingIncomeRatio": -2.1403975861,
        "totalOtherIncomeExpensesNet": 1205900000,
        "incomeBeforeTax": 0,
        "incomeBeforeTaxRatio": 0,
        "incomeTaxExpense": -53900000,
        "netIncome": 53900000,
        "netIncomeRatio": 0.0956691516,
        "eps": 0.1768976291,
        "epsdiluted": 0.1768976291,
        "weightedAverageShsOut": 304696000,
        "weightedAverageShsOutDil": 304696000,
        "link": "",
        "finalLink": ""
    },
    {
        "date": "1986-09-30",
        "symbol": "PBI",
        "reportedCurrency": "USD",
        "cik": "0000078814",
        "fillingDate": "1986-09-30",
        "acceptedDate": "1986-09-29 20:00:00",
        "calendarYear": "1986",
        "period": "Q3",
        "revenue": 495300000,
        "costOfRevenue": 0,
        "grossProfit": 495300000,
        "grossProfitRatio": 1,
        "researchAndDevelopmentExpenses": 0,
        "generalAndAdministrativeExpenses": 0,
        "sellingAndMarketingExpenses": 0,
        "sellingGeneralAndAdministrativeExpenses": 495300000,
        "otherExpenses": 0,
        "operatingExpenses": 495300000,
        "costAndExpenses": 0,
        "interestIncome": 0,
        "interestExpense": 0,
        "depreciationAndAmortization": 0,
        "ebitda": 495300000,
        "ebitdaratio": 1,
        "operatingIncome": 495300000,
        "operatingIncomeRatio": 1,
        "totalOtherIncomeExpensesNet": -495300000,
        "incomeBeforeTax": 0,
        "incomeBeforeTaxRatio": 0,
        "incomeTaxExpense": -38900000,
        "netIncome": 38900000,
        "netIncomeRatio": 0.0785382596,
        "eps": 0.0163,
        "epsdiluted": 0.0163,
        "weightedAverageShsOut": 304696000,
        "weightedAverageShsOutDil": 304696000,
        "link": "",
        "finalLink": ""
    },
    {
        "date": "1986-06-30",
        "symbol": "PBI",
        "reportedCurrency": "USD",
        "cik": "0000078814",
        "fillingDate": "1986-06-30",
        "acceptedDate": "1986-06-29 20:00:00",
        "calendarYear": "1986",
        "period": "Q2",
        "revenue": 485700000,
        "costOfRevenue": 0,
        "grossProfit": 485700000,
        "grossProfitRatio": 1,
        "researchAndDevelopmentExpenses": 0,
        "generalAndAdministrativeExpenses": 0,
        "sellingAndMarketingExpenses": 0,
        "sellingGeneralAndAdministrativeExpenses": 485700000,
        "otherExpenses": 0,
        "operatingExpenses": 485700000,
        "costAndExpenses": 0,
        "interestIncome": 0,
        "interestExpense": 0,
        "depreciationAndAmortization": 0,
        "ebitda": 485700000,
        "ebitdaratio": 1,
        "operatingIncome": 485700000,
        "operatingIncomeRatio": 1,
        "totalOtherIncomeExpensesNet": -485700000,
        "incomeBeforeTax": 0,
        "incomeBeforeTaxRatio": 0,
        "incomeTaxExpense": -38000000,
        "netIncome": 38000000,
        "netIncomeRatio": 0.0782375952,
        "eps": 0.015,
        "epsdiluted": 0.015,
        "weightedAverageShsOut": 302184000,
        "weightedAverageShsOutDil": 302184000,
        "link": "",
        "finalLink": ""
    },
    {
        "date": "1986-03-31",
        "symbol": "PBI",
        "reportedCurrency": "USD",
        "cik": "0000078814",
        "fillingDate": "1986-03-31",
        "acceptedDate": "1986-03-30 19:00:00",
        "calendarYear": "1986",
        "period": "Q1",
        "revenue": 442400000,
        "costOfRevenue": 0,
        "grossProfit": 442400000,
        "grossProfitRatio": 1,
        "researchAndDevelopmentExpenses": 0,
        "generalAndAdministrativeExpenses": 0,
        "sellingAndMarketingExpenses": 0,
        "sellingGeneralAndAdministrativeExpenses": 442400000,
        "otherExpenses": 0,
        "operatingExpenses": 442400000,
        "costAndExpenses": 0,
        "interestIncome": 0,
        "interestExpense": 0,
        "depreciationAndAmortization": 0,
        "ebitda": 442400000,
        "ebitdaratio": 1,
        "operatingIncome": 442400000,
        "operatingIncomeRatio": 1,
        "totalOtherIncomeExpensesNet": -442400000,
        "incomeBeforeTax": 0,
        "incomeBeforeTaxRatio": 0,
        "incomeTaxExpense": -35200000,
        "netIncome": 0,
        "netIncomeRatio": 0,
        "eps": 0.0163,
        "epsdiluted": 0.0163,
        "weightedAverageShsOut": 302184000,
        "weightedAverageShsOutDil": 302184000,
        "link": "",
        "finalLink": ""
    },
    {
        "date": "1985-12-31",
        "symbol": "PBI",
        "reportedCurrency": "USD",
        "cik": "0000078814",
        "fillingDate": "1985-12-31",
        "acceptedDate": "1985-12-30 19:00:00",
        "calendarYear": "1985",
        "period": "Q4",
        "revenue": 515800000,
        "costOfRevenue": 0,
        "grossProfit": 515800000,
        "grossProfitRatio": 1,
        "researchAndDevelopmentExpenses": 0,
        "generalAndAdministrativeExpenses": 0,
        "sellingAndMarketingExpenses": 0,
        "sellingGeneralAndAdministrativeExpenses": 0,
        "otherExpenses": 515800000,
        "operatingExpenses": 515800000,
        "costAndExpenses": 515800000,
        "interestIncome": 0,
        "interestExpense": 0,
        "depreciationAndAmortization": 0,
        "ebitda": -1144300000,
        "ebitdaratio": -2.2184955409,
        "operatingIncome": -1144300000,
        "operatingIncomeRatio": -2.2184955409,
        "totalOtherIncomeExpensesNet": 1144300000,
        "incomeBeforeTax": 0,
        "incomeBeforeTaxRatio": 0,
        "incomeTaxExpense": -49500000,
        "netIncome": 49500000,
        "netIncomeRatio": 0.0959674292,
        "eps": 0.1685875429,
        "epsdiluted": 0.1685875429,
        "weightedAverageShsOut": 293616000,
        "weightedAverageShsOutDil": 293616000,
        "link": "",
        "finalLink": ""
    },
    {
        "date": "1985-09-30",
        "symbol": "PBI",
        "reportedCurrency": "USD",
        "cik": "0000078814",
        "fillingDate": "1985-09-30",
        "acceptedDate": "1985-09-29 20:00:00",
        "calendarYear": "1985",
        "period": "Q3",
        "revenue": 448600000,
        "costOfRevenue": 0,
        "grossProfit": 448600000,
        "grossProfitRatio": 1,
        "researchAndDevelopmentExpenses": 0,
        "generalAndAdministrativeExpenses": 0,
        "sellingAndMarketingExpenses": 0,
        "sellingGeneralAndAdministrativeExpenses": 448600000,
        "otherExpenses": 0,
        "operatingExpenses": 448600000,
        "costAndExpenses": 0,
        "interestIncome": 0,
        "interestExpense": 0,
        "depreciationAndAmortization": 0,
        "ebitda": 448600000,
        "ebitdaratio": 1,
        "operatingIncome": 448600000,
        "operatingIncomeRatio": 1,
        "totalOtherIncomeExpensesNet": -448600000,
        "incomeBeforeTax": 0,
        "incomeBeforeTaxRatio": 0,
        "incomeTaxExpense": -33600000,
        "netIncome": 0,
        "netIncomeRatio": 0,
        "eps": 0.0163,
        "epsdiluted": 0.0163,
        "weightedAverageShsOut": 293616000,
        "weightedAverageShsOutDil": 293616000,
        "link": "",
        "finalLink": ""
    }
]