[
    {
        "date": "2025-06-30",
        "symbol": "PCH",
        "reportedCurrency": "USD",
        "cik": "0001338749",
        "fillingDate": "2025-08-01",
        "acceptedDate": "2025-08-01 12:15:09",
        "calendarYear": "2025",
        "period": "Q2",
        "revenue": 274985000,
        "costOfRevenue": 212962000,
        "grossProfit": 62023000,
        "grossProfitRatio": 0.2255504846,
        "researchAndDevelopmentExpenses": 0,
        "generalAndAdministrativeExpenses": 0,
        "sellingAndMarketingExpenses": 0,
        "sellingGeneralAndAdministrativeExpenses": 21807000,
        "otherExpenses": 0,
        "operatingExpenses": 21807000,
        "costAndExpenses": 261139000,
        "interestIncome": 0,
        "interestExpense": 10412000,
        "depreciationAndAmortization": 26370000,
        "ebitda": 40216000,
        "ebitdaratio": 0.1462479772,
        "operatingIncome": 13846000,
        "operatingIncomeRatio": 0.0503518374,
        "totalOtherIncomeExpensesNet": -10022000,
        "incomeBeforeTax": 3824000,
        "incomeBeforeTaxRatio": 0.0139062131,
        "incomeTaxExpense": -3530000,
        "netIncome": 7354000,
        "netIncomeRatio": 0.0267432769,
        "eps": 0.0939,
        "epsdiluted": 0.09,
        "weightedAverageShsOut": 78280000,
        "weightedAverageShsOutDil": 78441000,
        "link": "https://www.sec.gov/Archives/edgar/data/1338749/000095017025101236/0000950170-25-101236-index.htm",
        "finalLink": "https://www.sec.gov/Archives/edgar/data/1338749/000095017025101236/pch-20250630.htm"
    },
    {
        "date": "2025-03-31",
        "symbol": "PCH",
        "reportedCurrency": "USD",
        "cik": "0001338749",
        "fillingDate": "2025-05-02",
        "acceptedDate": "2025-05-02 11:46:44",
        "calendarYear": "2025",
        "period": "Q1",
        "revenue": 268260000,
        "costOfRevenue": 220405000,
        "grossProfit": 47855000,
        "grossProfitRatio": 0.1783903676,
        "researchAndDevelopmentExpenses": 0,
        "generalAndAdministrativeExpenses": 0,
        "sellingAndMarketingExpenses": 0,
        "sellingGeneralAndAdministrativeExpenses": 19855000,
        "otherExpenses": 490000,
        "operatingExpenses": 20345000,
        "costAndExpenses": 240750000,
        "interestIncome": 0,
        "interestExpense": 1492000,
        "depreciationAndAmortization": 25404000,
        "ebitda": 52739000,
        "ebitdaratio": 0.1965965854,
        "operatingIncome": 27510000,
        "operatingIncomeRatio": 0.1025497652,
        "totalOtherIncomeExpensesNet": -2049000,
        "incomeBeforeTax": 25461000,
        "incomeBeforeTaxRatio": 0.0949116529,
        "incomeTaxExpense": -344000,
        "netIncome": 25805000,
        "netIncomeRatio": 0.0961939909,
        "eps": 0.33,
        "epsdiluted": 0.33,
        "weightedAverageShsOut": 79000000,
        "weightedAverageShsOutDil": 79173000,
        "link": "https://www.sec.gov/Archives/edgar/data/1338749/000095017025062410/0000950170-25-062410-index.htm",
        "finalLink": "https://www.sec.gov/Archives/edgar/data/1338749/000095017025062410/pch-20250331.htm"
    },
    {
        "date": "2024-12-31",
        "symbol": "PCH",
        "reportedCurrency": "USD",
        "cik": "0001338749",
        "fillingDate": "2025-02-13",
        "acceptedDate": "2025-02-13 14:30:27",
        "calendarYear": "2024",
        "period": "Q4",
        "revenue": 258147000,
        "costOfRevenue": 223483000,
        "grossProfit": 34664000,
        "grossProfitRatio": 0.1342800807,
        "researchAndDevelopmentExpenses": 0,
        "generalAndAdministrativeExpenses": 20551000,
        "sellingAndMarketingExpenses": 0,
        "sellingGeneralAndAdministrativeExpenses": 21129000,
        "otherExpenses": 201000,
        "operatingExpenses": 21330000,
        "costAndExpenses": 244813000,
        "interestIncome": 0,
        "interestExpense": 10874000,
        "depreciationAndAmortization": 26729000,
        "ebitda": 42031000,
        "ebitdaratio": 0.1628180843,
        "operatingIncome": 13334000,
        "operatingIncomeRatio": 0.0516527405,
        "totalOtherIncomeExpensesNet": -8906000,
        "incomeBeforeTax": 4428000,
        "incomeBeforeTaxRatio": 0.0171530175,
        "incomeTaxExpense": -766000,
        "netIncome": 5194000,
        "netIncomeRatio": 0.020120319,
        "eps": 0.0662,
        "epsdiluted": 0.0661,
        "weightedAverageShsOut": 79236000,
        "weightedAverageShsOutDil": 79339000,
        "link": "https://www.sec.gov/Archives/edgar/data/1338749/000095017025019711/0000950170-25-019711-index.htm",
        "finalLink": "https://www.sec.gov/Archives/edgar/data/1338749/000095017025019711/pch-20241231.htm"
    },
    {
        "date": "2024-09-30",
        "symbol": "PCH",
        "reportedCurrency": "USD",
        "cik": "0001338749",
        "fillingDate": "2024-11-04",
        "acceptedDate": "2024-11-04 13:51:03",
        "calendarYear": "2024",
        "period": "Q3",
        "revenue": 255131000,
        "costOfRevenue": 227556000,
        "grossProfit": 27575000,
        "grossProfitRatio": 0.1080817306,
        "researchAndDevelopmentExpenses": 0,
        "generalAndAdministrativeExpenses": 0,
        "sellingAndMarketingExpenses": 0,
        "sellingGeneralAndAdministrativeExpenses": 20403000,
        "otherExpenses": 0,
        "operatingExpenses": 20403000,
        "costAndExpenses": 247959000,
        "interestIncome": 0,
        "interestExpense": 9635000,
        "depreciationAndAmortization": 26706000,
        "ebitda": 33878000,
        "ebitdaratio": 0.1327866861,
        "operatingIncome": 7172000,
        "operatingIncomeRatio": 0.0281110488,
        "totalOtherIncomeExpensesNet": -7919000,
        "incomeBeforeTax": -747000,
        "incomeBeforeTaxRatio": -0.0029279076,
        "incomeTaxExpense": -4056000,
        "netIncome": 3309000,
        "netIncomeRatio": 0.0129698077,
        "eps": 0.0418,
        "epsdiluted": 0.0417,
        "weightedAverageShsOut": 79173000,
        "weightedAverageShsOutDil": 79277000,
        "link": "https://www.sec.gov/Archives/edgar/data/1338749/000095017024120497/0000950170-24-120497-index.htm",
        "finalLink": "https://www.sec.gov/Archives/edgar/data/1338749/000095017024120497/pch-20240930.htm"
    },
    {
        "date": "2024-06-30",
        "symbol": "PCH",
        "reportedCurrency": "USD",
        "cik": "0001338749",
        "fillingDate": "2024-08-02",
        "acceptedDate": "2024-08-02 13:04:21",
        "calendarYear": "2024",
        "period": "Q2",
        "revenue": 320671000,
        "costOfRevenue": 282473000,
        "grossProfit": 67466000,
        "grossProfitRatio": 0.2103900883,
        "researchAndDevelopmentExpenses": 0,
        "generalAndAdministrativeExpenses": 20551000,
        "sellingAndMarketingExpenses": 0,
        "sellingGeneralAndAdministrativeExpenses": 20551000,
        "otherExpenses": 201000,
        "operatingExpenses": 20752000,
        "costAndExpenses": 303225000,
        "interestIncome": 0,
        "interestExpense": 8696000,
        "depreciationAndAmortization": 29268000,
        "ebitda": 46714000,
        "ebitdaratio": 0.1456757861,
        "operatingIncome": 17446000,
        "operatingIncomeRatio": 0.0544046702,
        "totalOtherIncomeExpensesNet": -8518000,
        "incomeBeforeTax": 8928000,
        "incomeBeforeTaxRatio": 0.0278416196,
        "incomeTaxExpense": -4750000,
        "netIncome": 13678000,
        "netIncomeRatio": 0.0426543092,
        "eps": 0.17,
        "epsdiluted": 0.17,
        "weightedAverageShsOut": 79627000,
        "weightedAverageShsOutDil": 79741000,
        "link": "https://www.sec.gov/Archives/edgar/data/1338749/000095017024089741/0000950170-24-089741-index.htm",
        "finalLink": "https://www.sec.gov/Archives/edgar/data/1338749/000095017024089741/pch-20240630.htm"
    },
    {
        "date": "2024-03-31",
        "symbol": "PCH",
        "reportedCurrency": "USD",
        "cik": "0001338749",
        "fillingDate": "2024-05-03",
        "acceptedDate": "2024-05-03 13:27:50",
        "calendarYear": "2024",
        "period": "Q1",
        "revenue": 228127000,
        "costOfRevenue": 212160000,
        "grossProfit": 46362000,
        "grossProfitRatio": 0.2032289032,
        "researchAndDevelopmentExpenses": 0,
        "generalAndAdministrativeExpenses": 0,
        "sellingAndMarketingExpenses": 0,
        "sellingGeneralAndAdministrativeExpenses": 20727000,
        "otherExpenses": 0,
        "operatingExpenses": 20727000,
        "costAndExpenses": 232887000,
        "interestIncome": 282000,
        "interestExpense": -282000,
        "depreciationAndAmortization": 30395000,
        "ebitda": 25635000,
        "ebitdaratio": 0.1123716176,
        "operatingIncome": -4760000,
        "operatingIncomeRatio": -0.0208655705,
        "totalOtherIncomeExpensesNet": 338000,
        "incomeBeforeTax": -4422000,
        "incomeBeforeTaxRatio": -0.0193839396,
        "incomeTaxExpense": -4117000,
        "netIncome": -305000,
        "netIncomeRatio": -0.0013369746,
        "eps": -0.0038,
        "epsdiluted": -0.0038,
        "weightedAverageShsOut": 79677000,
        "weightedAverageShsOutDil": 79677000,
        "link": "https://www.sec.gov/Archives/edgar/data/1338749/000095017024052646/0000950170-24-052646-index.htm",
        "finalLink": "https://www.sec.gov/Archives/edgar/data/1338749/000095017024052646/pch-20240331.htm"
    },
    {
        "date": "2023-12-31",
        "symbol": "PCH",
        "reportedCurrency": "USD",
        "cik": "0001338749",
        "fillingDate": "2024-02-15",
        "acceptedDate": "2024-02-15 12:46:51",
        "calendarYear": "2023",
        "period": "Q4",
        "revenue": 254503000,
        "costOfRevenue": 233862000,
        "grossProfit": 51060000,
        "grossProfitRatio": 0.2006263187,
        "researchAndDevelopmentExpenses": 0,
        "generalAndAdministrativeExpenses": 20841000,
        "sellingAndMarketingExpenses": -229000,
        "sellingGeneralAndAdministrativeExpenses": 20612000,
        "otherExpenses": 0,
        "operatingExpenses": 20612000,
        "costAndExpenses": 254474000,
        "interestIncome": 0,
        "interestExpense": 8435000,
        "depreciationAndAmortization": 30419000,
        "ebitda": 30448000,
        "ebitdaratio": 0.1196370966,
        "operatingIncome": 29000,
        "operatingIncomeRatio": 0.0001139476,
        "totalOtherIncomeExpensesNet": -8035000,
        "incomeBeforeTax": -8006000,
        "incomeBeforeTaxRatio": -0.0314573895,
        "incomeTaxExpense": -7866000,
        "netIncome": -140000,
        "netIncomeRatio": -0.0005500917,
        "eps": -0.0018,
        "epsdiluted": -0.0018,
        "weightedAverageShsOut": 79630000,
        "weightedAverageShsOutDil": 79630000,
        "link": "https://www.sec.gov/Archives/edgar/data/1338749/000095017024015684/0000950170-24-015684-index.htm",
        "finalLink": "https://www.sec.gov/Archives/edgar/data/1338749/000095017024015684/pch-20231231.htm"
    },
    {
        "date": "2023-09-30",
        "symbol": "PCH",
        "reportedCurrency": "USD",
        "cik": "0001338749",
        "fillingDate": "2023-11-03",
        "acceptedDate": "2023-11-03 12:52:15",
        "calendarYear": "2023",
        "period": "Q3",
        "revenue": 265509000,
        "costOfRevenue": 226303000,
        "grossProfit": 39206000,
        "grossProfitRatio": 0.1476635444,
        "researchAndDevelopmentExpenses": 0,
        "generalAndAdministrativeExpenses": 19531000,
        "sellingAndMarketingExpenses": 0,
        "sellingGeneralAndAdministrativeExpenses": 19531000,
        "otherExpenses": -16554000,
        "operatingExpenses": 2977000,
        "costAndExpenses": 229280000,
        "interestIncome": 0,
        "interestExpense": 7971000,
        "depreciationAndAmortization": 31476000,
        "ebitda": 51379000,
        "ebitdaratio": 0.1935113311,
        "operatingIncome": 36229000,
        "operatingIncomeRatio": 0.1364511184,
        "totalOtherIncomeExpensesNet": -7829000,
        "incomeBeforeTax": 28400000,
        "incomeBeforeTaxRatio": 0.106964359,
        "incomeTaxExpense": 4725000,
        "netIncome": 23675000,
        "netIncomeRatio": 0.0891683521,
        "eps": 0.3,
        "epsdiluted": 0.29,
        "weightedAverageShsOut": 80132000,
        "weightedAverageShsOutDil": 80379000,
        "link": "https://www.sec.gov/Archives/edgar/data/1338749/000095017023058652/0000950170-23-058652-index.htm",
        "finalLink": "https://www.sec.gov/Archives/edgar/data/1338749/000095017023058652/pch-20230930.htm"
    },
    {
        "date": "2023-06-30",
        "symbol": "PCH",
        "reportedCurrency": "USD",
        "cik": "0001338749",
        "fillingDate": "2023-08-04",
        "acceptedDate": "2023-08-04 13:29:45",
        "calendarYear": "2023",
        "period": "Q2",
        "revenue": 246101000,
        "costOfRevenue": 215063000,
        "grossProfit": 31038000,
        "grossProfitRatio": 0.1261189512,
        "researchAndDevelopmentExpenses": 0,
        "generalAndAdministrativeExpenses": 17814000,
        "sellingAndMarketingExpenses": -229000,
        "sellingGeneralAndAdministrativeExpenses": 17585000,
        "otherExpenses": 29000,
        "operatingExpenses": 17585000,
        "costAndExpenses": 232648000,
        "interestIncome": 0,
        "interestExpense": 7613000,
        "depreciationAndAmortization": 27087000,
        "ebitda": 40540000,
        "ebitdaratio": 0.1647291153,
        "operatingIncome": 36319000,
        "operatingIncomeRatio": 0.1475776206,
        "totalOtherIncomeExpensesNet": -7584000,
        "incomeBeforeTax": 28735000,
        "incomeBeforeTaxRatio": 0.1167610046,
        "incomeTaxExpense": 6429000,
        "netIncome": 22306000,
        "netIncomeRatio": 0.0906375838,
        "eps": 0.28,
        "epsdiluted": 0.28,
        "weightedAverageShsOut": 80145000,
        "weightedAverageShsOutDil": 80416000,
        "link": "https://www.sec.gov/Archives/edgar/data/1338749/000095017023038463/0000950170-23-038463-index.htm",
        "finalLink": "https://www.sec.gov/Archives/edgar/data/1338749/000095017023038463/pch-20230630.htm"
    },
    {
        "date": "2023-03-31",
        "symbol": "PCH",
        "reportedCurrency": "USD",
        "cik": "0001338749",
        "fillingDate": "2023-04-28",
        "acceptedDate": "2023-04-28 11:59:14",
        "calendarYear": "2023",
        "period": "Q1",
        "revenue": 257962000,
        "costOfRevenue": 224350000,
        "grossProfit": 33612000,
        "grossProfitRatio": 0.130298261,
        "researchAndDevelopmentExpenses": 0,
        "generalAndAdministrativeExpenses": 18458000,
        "sellingAndMarketingExpenses": -228000,
        "sellingGeneralAndAdministrativeExpenses": 18230000,
        "otherExpenses": 0,
        "operatingExpenses": 18230000,
        "costAndExpenses": 242580000,
        "interestIncome": 0,
        "interestExpense": 199000,
        "depreciationAndAmortization": 31764000,
        "ebitda": 45128000,
        "ebitdaratio": 0.1749404951,
        "operatingIncome": 13173000,
        "operatingIncomeRatio": 0.0510656608,
        "totalOtherIncomeExpensesNet": -417000,
        "incomeBeforeTax": 12756000,
        "incomeBeforeTaxRatio": 0.0494491437,
        "incomeTaxExpense": -3504000,
        "netIncome": 16260000,
        "netIncomeRatio": 0.0630325397,
        "eps": 0.2,
        "epsdiluted": 0.2,
        "weightedAverageShsOut": 80027000,
        "weightedAverageShsOutDil": 80167000,
        "link": "https://www.sec.gov/Archives/edgar/data/1338749/000095017023015572/0000950170-23-015572-index.htm",
        "finalLink": "https://www.sec.gov/Archives/edgar/data/1338749/000095017023015572/pch-20230331.htm"
    },
    {
        "date": "2022-12-31",
        "symbol": "PCH",
        "reportedCurrency": "USD",
        "cik": "0001338749",
        "fillingDate": "2023-02-16",
        "acceptedDate": "2023-02-16 16:44:22",
        "calendarYear": "2022",
        "period": "Q4",
        "revenue": 253140000,
        "costOfRevenue": 214765000,
        "grossProfit": 38375000,
        "grossProfitRatio": 0.1515959548,
        "researchAndDevelopmentExpenses": 0,
        "generalAndAdministrativeExpenses": 23514000,
        "sellingAndMarketingExpenses": -2592000,
        "sellingGeneralAndAdministrativeExpenses": 20922000,
        "otherExpenses": 5550000,
        "operatingExpenses": 26472000,
        "costAndExpenses": 241237000,
        "interestIncome": 0,
        "interestExpense": 8807000,
        "depreciationAndAmortization": 29862000,
        "ebitda": 47315000,
        "ebitdaratio": 0.1869123805,
        "operatingIncome": 10585000,
        "operatingIncomeRatio": 0.041814806,
        "totalOtherIncomeExpensesNet": -11465000,
        "incomeBeforeTax": -880000,
        "incomeBeforeTaxRatio": -0.0034763372,
        "incomeTaxExpense": -4723000,
        "netIncome": 3843000,
        "netIncomeRatio": 0.0151813226,
        "eps": 0.0478,
        "epsdiluted": 0.0477,
        "weightedAverageShsOut": 80356000,
        "weightedAverageShsOutDil": 80578000,
        "link": "https://www.sec.gov/Archives/edgar/data/1338749/000095017023003076/0000950170-23-003076-index.htm",
        "finalLink": "https://www.sec.gov/Archives/edgar/data/1338749/000095017023003076/pch-20221231.htm"
    },
    {
        "date": "2022-09-30",
        "symbol": "PCH",
        "reportedCurrency": "USD",
        "cik": "0001338749",
        "fillingDate": "2022-10-28",
        "acceptedDate": "2022-10-28 14:43:40",
        "calendarYear": "2022",
        "period": "Q3",
        "revenue": 306693000,
        "costOfRevenue": 220876000,
        "grossProfit": 85817000,
        "grossProfitRatio": 0.279814016,
        "researchAndDevelopmentExpenses": 0,
        "generalAndAdministrativeExpenses": 20686000,
        "sellingAndMarketingExpenses": -1808000,
        "sellingGeneralAndAdministrativeExpenses": 18878000,
        "otherExpenses": 0,
        "operatingExpenses": 18878000,
        "costAndExpenses": 239754000,
        "interestIncome": 0,
        "interestExpense": 8280000,
        "depreciationAndAmortization": 27329000,
        "ebitda": 92460000,
        "ebitdaratio": 0.3014741125,
        "operatingIncome": 65845000,
        "operatingIncomeRatio": 0.2146935209,
        "totalOtherIncomeExpensesNet": -10089000,
        "incomeBeforeTax": 55756000,
        "incomeBeforeTaxRatio": 0.1817974326,
        "incomeTaxExpense": 9801000,
        "netIncome": 45955000,
        "netIncomeRatio": 0.1498403941,
        "eps": 0.64,
        "epsdiluted": 0.64,
        "weightedAverageShsOut": 71486000,
        "weightedAverageShsOutDil": 71632000,
        "link": "https://www.sec.gov/Archives/edgar/data/1338749/000095017022020439/0000950170-22-020439-index.htm",
        "finalLink": "https://www.sec.gov/Archives/edgar/data/1338749/000095017022020439/pch-20220930.htm"
    },
    {
        "date": "2022-06-30",
        "symbol": "PCH",
        "reportedCurrency": "USD",
        "cik": "0001338749",
        "fillingDate": "2022-07-29",
        "acceptedDate": "2022-07-29 13:07:34",
        "calendarYear": "2022",
        "period": "Q2",
        "revenue": 359597000,
        "costOfRevenue": 191334000,
        "grossProfit": 168263000,
        "grossProfitRatio": 0.4679210338,
        "researchAndDevelopmentExpenses": 0,
        "generalAndAdministrativeExpenses": 22221000,
        "sellingAndMarketingExpenses": -1809000,
        "sellingGeneralAndAdministrativeExpenses": 20412000,
        "otherExpenses": 0,
        "operatingExpenses": 20412000,
        "costAndExpenses": 211746000,
        "interestIncome": 0,
        "interestExpense": 7419000,
        "depreciationAndAmortization": 20007000,
        "ebitda": 167858000,
        "ebitdaratio": 0.466794773,
        "operatingIncome": 157719000,
        "operatingIncomeRatio": 0.4385993209,
        "totalOtherIncomeExpensesNet": -9228000,
        "incomeBeforeTax": 148491000,
        "incomeBeforeTaxRatio": 0.4129372603,
        "incomeTaxExpense": 28269000,
        "netIncome": 120222000,
        "netIncomeRatio": 0.3343242574,
        "eps": 1.73,
        "epsdiluted": 1.72,
        "weightedAverageShsOut": 69580000,
        "weightedAverageShsOutDil": 69791000,
        "link": "https://www.sec.gov/Archives/edgar/data/1338749/000095017022013477/0000950170-22-013477-index.htm",
        "finalLink": "https://www.sec.gov/Archives/edgar/data/1338749/000095017022013477/pch-20220630.htm"
    },
    {
        "date": "2022-03-31",
        "symbol": "PCH",
        "reportedCurrency": "USD",
        "cik": "0001338749",
        "fillingDate": "2022-04-29",
        "acceptedDate": "2022-04-29 13:39:23",
        "calendarYear": "2022",
        "period": "Q1",
        "revenue": 411350000,
        "costOfRevenue": 179847000,
        "grossProfit": 231503000,
        "grossProfitRatio": 0.5627883797,
        "researchAndDevelopmentExpenses": 0,
        "generalAndAdministrativeExpenses": 18223000,
        "sellingAndMarketingExpenses": -1929000,
        "sellingGeneralAndAdministrativeExpenses": 16294000,
        "otherExpenses": 0,
        "operatingExpenses": 16294000,
        "costAndExpenses": 196141000,
        "interestIncome": 0,
        "interestExpense": 2894000,
        "depreciationAndAmortization": 19502000,
        "ebitda": 214933000,
        "ebitdaratio": 0.5225063814,
        "operatingIncome": 214933000,
        "operatingIncomeRatio": 0.5225063814,
        "totalOtherIncomeExpensesNet": -18988000,
        "incomeBeforeTax": 195945000,
        "incomeBeforeTaxRatio": 0.4763461772,
        "incomeTaxExpense": 32065000,
        "netIncome": 163880000,
        "netIncomeRatio": 0.3983955269,
        "eps": 2.36,
        "epsdiluted": 2.35,
        "weightedAverageShsOut": 69419000,
        "weightedAverageShsOutDil": 69623000,
        "link": "https://www.sec.gov/Archives/edgar/data/1338749/000095017022006671/0000950170-22-006671-index.htm",
        "finalLink": "https://www.sec.gov/Archives/edgar/data/1338749/000095017022006671/pch-20220331.htm"
    },
    {
        "date": "2021-12-31",
        "symbol": "PCH",
        "reportedCurrency": "USD",
        "cik": "0001338749",
        "fillingDate": "2022-02-17",
        "acceptedDate": "2022-02-17 16:28:50",
        "calendarYear": "2021",
        "period": "Q4",
        "revenue": 248406000,
        "costOfRevenue": 178163000,
        "grossProfit": 70243000,
        "grossProfitRatio": 0.2827749732,
        "researchAndDevelopmentExpenses": 0,
        "generalAndAdministrativeExpenses": 54782000,
        "sellingAndMarketingExpenses": -36132000,
        "sellingGeneralAndAdministrativeExpenses": 18650000,
        "otherExpenses": 0,
        "operatingExpenses": 18650000,
        "costAndExpenses": 196813000,
        "interestIncome": 0,
        "interestExpense": 8861000,
        "depreciationAndAmortization": 19477000,
        "ebitda": 71070000,
        "ebitdaratio": 0.2861042004,
        "operatingIncome": 50560000,
        "operatingIncomeRatio": 0.2035377567,
        "totalOtherIncomeExpensesNet": -12132000,
        "incomeBeforeTax": 38428000,
        "incomeBeforeTaxRatio": 0.1546983567,
        "incomeTaxExpense": -754000,
        "netIncome": 39182000,
        "netIncomeRatio": 0.1577337101,
        "eps": 0.58,
        "epsdiluted": 0.58,
        "weightedAverageShsOut": 67572000,
        "weightedAverageShsOutDil": 67974000,
        "link": "https://www.sec.gov/Archives/edgar/data/1338749/000095017022001428/0000950170-22-001428-index.htm",
        "finalLink": "https://www.sec.gov/Archives/edgar/data/1338749/000095017022001428/pch-20211231.htm"
    },
    {
        "date": "2021-09-30",
        "symbol": "PCH",
        "reportedCurrency": "USD",
        "cik": "0001338749",
        "fillingDate": "2021-10-29",
        "acceptedDate": "2021-10-29 12:12:08",
        "calendarYear": "2021",
        "period": "Q3",
        "revenue": 287330000,
        "costOfRevenue": 190602000,
        "grossProfit": 96728000,
        "grossProfitRatio": 0.3366442766,
        "researchAndDevelopmentExpenses": 0,
        "generalAndAdministrativeExpenses": 18512000,
        "sellingAndMarketingExpenses": 0,
        "sellingGeneralAndAdministrativeExpenses": 18512000,
        "otherExpenses": 0,
        "operatingExpenses": 18512000,
        "costAndExpenses": 209114000,
        "interestIncome": 0,
        "interestExpense": 8641000,
        "depreciationAndAmortization": 21131000,
        "ebitda": 99347000,
        "ebitdaratio": 0.3457592315,
        "operatingIncome": 82610000,
        "operatingIncomeRatio": 0.2875091358,
        "totalOtherIncomeExpensesNet": -11912000,
        "incomeBeforeTax": 70698000,
        "incomeBeforeTaxRatio": 0.2460515783,
        "incomeTaxExpense": 5031000,
        "netIncome": 65667000,
        "netIncomeRatio": 0.2285420945,
        "eps": 0.98,
        "epsdiluted": 0.97,
        "weightedAverageShsOut": 67315000,
        "weightedAverageShsOutDil": 67648000,
        "link": "https://www.sec.gov/Archives/edgar/data/1338749/000095017021002502/0000950170-21-002502-index.htm",
        "finalLink": "https://www.sec.gov/Archives/edgar/data/1338749/000095017021002502/pch-20210930.htm"
    },
    {
        "date": "2021-06-30",
        "symbol": "PCH",
        "reportedCurrency": "USD",
        "cik": "0001338749",
        "fillingDate": "2021-07-30",
        "acceptedDate": "2021-07-30 12:04:42",
        "calendarYear": "2021",
        "period": "Q2",
        "revenue": 447506000,
        "costOfRevenue": 177779000,
        "grossProfit": 269727000,
        "grossProfitRatio": 0.6027338181,
        "researchAndDevelopmentExpenses": 0,
        "generalAndAdministrativeExpenses": 19512000,
        "sellingAndMarketingExpenses": 0,
        "sellingGeneralAndAdministrativeExpenses": 19512000,
        "otherExpenses": 0,
        "operatingExpenses": 19512000,
        "costAndExpenses": 197291000,
        "interestIncome": 0,
        "interestExpense": 8199000,
        "depreciationAndAmortization": 17029000,
        "ebitda": 263973000,
        "ebitdaratio": 0.5898758899,
        "operatingIncome": 250215000,
        "operatingIncomeRatio": 0.5591321681,
        "totalOtherIncomeExpensesNet": -11470000,
        "incomeBeforeTax": 238745000,
        "incomeBeforeTaxRatio": 0.5335012268,
        "incomeTaxExpense": 50840000,
        "netIncome": 187905000,
        "netIncomeRatio": 0.4198938115,
        "eps": 2.79,
        "epsdiluted": 2.77,
        "weightedAverageShsOut": 67316000,
        "weightedAverageShsOutDil": 67732000,
        "link": "https://www.sec.gov/Archives/edgar/data/1338749/000156459021039381/0001564590-21-039381-index.htm",
        "finalLink": "https://www.sec.gov/Archives/edgar/data/1338749/000156459021039381/pch-10q_20210630.htm"
    },
    {
        "date": "2021-03-31",
        "symbol": "PCH",
        "reportedCurrency": "USD",
        "cik": "0001338749",
        "fillingDate": "2021-04-30",
        "acceptedDate": "2021-04-30 13:07:12",
        "calendarYear": "2021",
        "period": "Q1",
        "revenue": 354193000,
        "costOfRevenue": 169302000,
        "grossProfit": 184891000,
        "grossProfitRatio": 0.5220063638,
        "researchAndDevelopmentExpenses": 0,
        "generalAndAdministrativeExpenses": 16758000,
        "sellingAndMarketingExpenses": 0,
        "sellingGeneralAndAdministrativeExpenses": 16758000,
        "otherExpenses": 0,
        "operatingExpenses": 16758000,
        "costAndExpenses": 186060000,
        "interestIncome": 0,
        "interestExpense": 3574000,
        "depreciationAndAmortization": 18399000,
        "ebitda": 168133000,
        "ebitdaratio": 0.4746931758,
        "operatingIncome": 168133000,
        "operatingIncomeRatio": 0.4746931758,
        "totalOtherIncomeExpensesNet": -6988000,
        "incomeBeforeTax": 161145000,
        "incomeBeforeTaxRatio": 0.4549638192,
        "incomeTaxExpense": 30039000,
        "netIncome": 131106000,
        "netIncomeRatio": 0.370154125,
        "eps": 1.95,
        "epsdiluted": 1.94,
        "weightedAverageShsOut": 67207000,
        "weightedAverageShsOutDil": 67607000,
        "link": "https://www.sec.gov/Archives/edgar/data/1338749/000156459021022384/0001564590-21-022384-index.htm",
        "finalLink": "https://www.sec.gov/Archives/edgar/data/1338749/000156459021022384/pch-10q_20210331.htm"
    },
    {
        "date": "2020-12-31",
        "symbol": "PCH",
        "reportedCurrency": "USD",
        "cik": "0001338749",
        "fillingDate": "2021-02-18",
        "acceptedDate": "2021-02-18 15:37:04",
        "calendarYear": "2020",
        "period": "Q4",
        "revenue": 337449000,
        "costOfRevenue": 183860000,
        "grossProfit": 153589000,
        "grossProfitRatio": 0.4551472963,
        "researchAndDevelopmentExpenses": 0,
        "generalAndAdministrativeExpenses": 24011000,
        "sellingAndMarketingExpenses": -3556000,
        "sellingGeneralAndAdministrativeExpenses": 20455000,
        "otherExpenses": 0,
        "operatingExpenses": 20455000,
        "costAndExpenses": 204315000,
        "interestIncome": 0,
        "interestExpense": 8869000,
        "depreciationAndAmortization": 20076000,
        "ebitda": 149249000,
        "ebitdaratio": 0.4422860936,
        "operatingIncome": 133134000,
        "operatingIncomeRatio": 0.3945307291,
        "totalOtherIncomeExpensesNet": -12425000,
        "incomeBeforeTax": 120709000,
        "incomeBeforeTaxRatio": 0.3577103503,
        "incomeTaxExpense": 20692000,
        "netIncome": 100017000,
        "netIncomeRatio": 0.2963914547,
        "eps": 1.49,
        "epsdiluted": 1.48,
        "weightedAverageShsOut": 67159000,
        "weightedAverageShsOutDil": 67607000,
        "link": "https://www.sec.gov/Archives/edgar/data/1338749/000156459021006637/0001564590-21-006637-index.htm",
        "finalLink": "https://www.sec.gov/Archives/edgar/data/1338749/000156459021006637/pch-10k_20201231.htm"
    },
    {
        "date": "2020-09-30",
        "symbol": "PCH",
        "reportedCurrency": "USD",
        "cik": "0001338749",
        "fillingDate": "2020-10-30",
        "acceptedDate": "2020-10-30 14:12:15",
        "calendarYear": "2020",
        "period": "Q3",
        "revenue": 313046000,
        "costOfRevenue": 182039000,
        "grossProfit": 131007000,
        "grossProfitRatio": 0.4184912122,
        "researchAndDevelopmentExpenses": 0,
        "generalAndAdministrativeExpenses": 24603000,
        "sellingAndMarketingExpenses": -3557000,
        "sellingGeneralAndAdministrativeExpenses": 21046000,
        "otherExpenses": 0,
        "operatingExpenses": 21046000,
        "costAndExpenses": 203085000,
        "interestIncome": 0,
        "interestExpense": 8557000,
        "depreciationAndAmortization": 20594000,
        "ebitda": 109961000,
        "ebitdaratio": 0.3512614759,
        "operatingIncome": 109961000,
        "operatingIncomeRatio": 0.3512614759,
        "totalOtherIncomeExpensesNet": -12114000,
        "incomeBeforeTax": 97847000,
        "incomeBeforeTaxRatio": 0.3125642877,
        "incomeTaxExpense": 16840000,
        "netIncome": 81007000,
        "netIncomeRatio": 0.2587702766,
        "eps": 1.21,
        "epsdiluted": 1.2,
        "weightedAverageShsOut": 67149000,
        "weightedAverageShsOutDil": 67528000,
        "link": "https://www.sec.gov/Archives/edgar/data/1338749/000156459020049260/0001564590-20-049260-index.htm",
        "finalLink": "https://www.sec.gov/Archives/edgar/data/1338749/000156459020049260/pch-10q_20200930.htm"
    },
    {
        "date": "2020-06-30",
        "symbol": "PCH",
        "reportedCurrency": "USD",
        "cik": "0001338749",
        "fillingDate": "2020-07-31",
        "acceptedDate": "2020-07-31 12:14:45",
        "calendarYear": "2020",
        "period": "Q2",
        "revenue": 181555000,
        "costOfRevenue": 149836000,
        "grossProfit": 31719000,
        "grossProfitRatio": 0.1747073889,
        "researchAndDevelopmentExpenses": 0,
        "generalAndAdministrativeExpenses": 20289000,
        "sellingAndMarketingExpenses": -3478000,
        "sellingGeneralAndAdministrativeExpenses": 16811000,
        "otherExpenses": 0,
        "operatingExpenses": 16811000,
        "costAndExpenses": 166647000,
        "interestIncome": 0,
        "interestExpense": 8339000,
        "depreciationAndAmortization": 18171000,
        "ebitda": 14908000,
        "ebitdaratio": 0.0821128584,
        "operatingIncome": 14908000,
        "operatingIncomeRatio": 0.0821128584,
        "totalOtherIncomeExpensesNet": -11817000,
        "incomeBeforeTax": 3091000,
        "incomeBeforeTaxRatio": 0.0170251439,
        "incomeTaxExpense": 453000,
        "netIncome": 2638000,
        "netIncomeRatio": 0.0145300322,
        "eps": 0.04,
        "epsdiluted": 0.04,
        "weightedAverageShsOut": 67176000,
        "weightedAverageShsOutDil": 67359000,
        "link": "https://www.sec.gov/Archives/edgar/data/1338749/000156459020035094/0001564590-20-035094-index.htm",
        "finalLink": "https://www.sec.gov/Archives/edgar/data/1338749/000156459020035094/pch-10q_20200630.htm"
    },
    {
        "date": "2020-03-31",
        "symbol": "PCH",
        "reportedCurrency": "USD",
        "cik": "0001338749",
        "fillingDate": "2020-05-01",
        "acceptedDate": "2020-05-01 13:52:15",
        "calendarYear": "2020",
        "period": "Q1",
        "revenue": 208880000,
        "costOfRevenue": 172046000,
        "grossProfit": 36834000,
        "grossProfitRatio": 0.1763404826,
        "researchAndDevelopmentExpenses": 0,
        "generalAndAdministrativeExpenses": 17842000,
        "sellingAndMarketingExpenses": -3635000,
        "sellingGeneralAndAdministrativeExpenses": 14207000,
        "otherExpenses": 0,
        "operatingExpenses": 14207000,
        "costAndExpenses": 186253000,
        "interestIncome": 0,
        "interestExpense": 3698000,
        "depreciationAndAmortization": 19044000,
        "ebitda": -4952000,
        "ebitdaratio": -0.0237073918,
        "operatingIncome": 22627000,
        "operatingIncomeRatio": 0.1083253543,
        "totalOtherIncomeExpensesNet": -50321000,
        "incomeBeforeTax": -27694000,
        "incomeBeforeTaxRatio": -0.1325833014,
        "incomeTaxExpense": -10862000,
        "netIncome": -16832000,
        "netIncomeRatio": -0.0805821524,
        "eps": -0.25,
        "epsdiluted": -0.25,
        "weightedAverageShsOut": 67328000,
        "weightedAverageShsOutDil": 67478000,
        "link": "https://www.sec.gov/Archives/edgar/data/1338749/000156459020020445/0001564590-20-020445-index.htm",
        "finalLink": "https://www.sec.gov/Archives/edgar/data/1338749/000156459020020445/pch-10q_20200331.htm"
    },
    {
        "date": "2019-12-31",
        "symbol": "PCH",
        "reportedCurrency": "USD",
        "cik": "0001338749",
        "fillingDate": "2020-02-19",
        "acceptedDate": "2020-02-19 16:14:37",
        "calendarYear": "2019",
        "period": "Q4",
        "revenue": 203499000,
        "costOfRevenue": 169544000,
        "grossProfit": 33955000,
        "grossProfitRatio": 0.1668558568,
        "researchAndDevelopmentExpenses": 0,
        "generalAndAdministrativeExpenses": 14866000,
        "sellingAndMarketingExpenses": -935000,
        "sellingGeneralAndAdministrativeExpenses": 13931000,
        "otherExpenses": 0,
        "operatingExpenses": 13931000,
        "costAndExpenses": 183475000,
        "interestIncome": 0,
        "interestExpense": 8540000,
        "depreciationAndAmortization": 19516000,
        "ebitda": 20024000,
        "ebitdaratio": 0.0983985179,
        "operatingIncome": 20024000,
        "operatingIncomeRatio": 0.0983985179,
        "totalOtherIncomeExpensesNet": -9475000,
        "incomeBeforeTax": 10549000,
        "incomeBeforeTaxRatio": 0.0518380926,
        "incomeTaxExpense": -850000,
        "netIncome": 11399000,
        "netIncomeRatio": 0.0560150173,
        "eps": 0.17,
        "epsdiluted": 0.17,
        "weightedAverageShsOut": 67476000,
        "weightedAverageShsOutDil": 67695000,
        "link": "https://www.sec.gov/Archives/edgar/data/1338749/000156459020005284/0001564590-20-005284-index.htm",
        "finalLink": "https://www.sec.gov/Archives/edgar/data/1338749/000156459020005284/pch-10k_20191231.htm"
    },
    {
        "date": "2019-09-30",
        "symbol": "PCH",
        "reportedCurrency": "USD",
        "cik": "0001338749",
        "fillingDate": "2019-10-30",
        "acceptedDate": "2019-10-30 14:03:31",
        "calendarYear": "2019",
        "period": "Q3",
        "revenue": 226302000,
        "costOfRevenue": 182634000,
        "grossProfit": 43668000,
        "grossProfitRatio": 0.1929633852,
        "researchAndDevelopmentExpenses": 0,
        "generalAndAdministrativeExpenses": 13407000,
        "sellingAndMarketingExpenses": -935000,
        "sellingGeneralAndAdministrativeExpenses": 12472000,
        "otherExpenses": 0,
        "operatingExpenses": 12472000,
        "costAndExpenses": 195106000,
        "interestIncome": 0,
        "interestExpense": 8475000,
        "depreciationAndAmortization": 19178000,
        "ebitda": 31196000,
        "ebitdaratio": 0.13785119,
        "operatingIncome": 31196000,
        "operatingIncomeRatio": 0.13785119,
        "totalOtherIncomeExpensesNet": -9410000,
        "incomeBeforeTax": 21786000,
        "incomeBeforeTaxRatio": 0.0962695867,
        "incomeTaxExpense": 1221000,
        "netIncome": 20565000,
        "netIncomeRatio": 0.0908741416,
        "eps": 0.3,
        "epsdiluted": 0.3,
        "weightedAverageShsOut": 67446000,
        "weightedAverageShsOutDil": 67545000,
        "link": "https://www.sec.gov/Archives/edgar/data/1338749/000156459019038654/0001564590-19-038654-index.htm",
        "finalLink": "https://www.sec.gov/Archives/edgar/data/1338749/000156459019038654/pch-10q_20190930.htm"
    },
    {
        "date": "2019-06-30",
        "symbol": "PCH",
        "reportedCurrency": "USD",
        "cik": "0001338749",
        "fillingDate": "2019-07-31",
        "acceptedDate": "2019-07-31 14:05:59",
        "calendarYear": "2019",
        "period": "Q2",
        "revenue": 215581000,
        "costOfRevenue": 175673000,
        "grossProfit": 39908000,
        "grossProfitRatio": 0.1851183546,
        "researchAndDevelopmentExpenses": 0,
        "generalAndAdministrativeExpenses": 15841000,
        "sellingAndMarketingExpenses": -889000,
        "sellingGeneralAndAdministrativeExpenses": 14952000,
        "otherExpenses": 0,
        "operatingExpenses": 14952000,
        "costAndExpenses": 190625000,
        "interestIncome": 0,
        "interestExpense": 7882000,
        "depreciationAndAmortization": 17137000,
        "ebitda": 24956000,
        "ebitdaratio": 0.1157615931,
        "operatingIncome": 24956000,
        "operatingIncomeRatio": 0.1157615931,
        "totalOtherIncomeExpensesNet": -8771000,
        "incomeBeforeTax": 16185000,
        "incomeBeforeTaxRatio": 0.0750761895,
        "incomeTaxExpense": -952000,
        "netIncome": 17137000,
        "netIncomeRatio": 0.079492163,
        "eps": 0.25,
        "epsdiluted": 0.25,
        "weightedAverageShsOut": 67664000,
        "weightedAverageShsOutDil": 67713000,
        "link": "https://www.sec.gov/Archives/edgar/data/1338749/000156459019027378/0001564590-19-027378-index.htm",
        "finalLink": "https://www.sec.gov/Archives/edgar/data/1338749/000156459019027378/pch-10q_20190630.htm"
    },
    {
        "date": "2019-03-31",
        "symbol": "PCH",
        "reportedCurrency": "USD",
        "cik": "0001338749",
        "fillingDate": "2019-05-01",
        "acceptedDate": "2019-05-01 14:20:20",
        "calendarYear": "2019",
        "period": "Q1",
        "revenue": 181716000,
        "costOfRevenue": 154215000,
        "grossProfit": 27501000,
        "grossProfitRatio": 0.1513405534,
        "researchAndDevelopmentExpenses": 0,
        "generalAndAdministrativeExpenses": 17550000,
        "sellingAndMarketingExpenses": -980000,
        "sellingGeneralAndAdministrativeExpenses": 16570000,
        "otherExpenses": 0,
        "operatingExpenses": 16570000,
        "costAndExpenses": 170785000,
        "interestIncome": 0,
        "interestExpense": 5464000,
        "depreciationAndAmortization": 16274000,
        "ebitda": 29889000,
        "ebitdaratio": 0.1644819388,
        "operatingIncome": 20107000,
        "operatingIncomeRatio": 0.1106506857,
        "totalOtherIncomeExpensesNet": -11956000,
        "incomeBeforeTax": 8151000,
        "incomeBeforeTaxRatio": 0.0448557089,
        "incomeTaxExpense": 1591000,
        "netIncome": 6560000,
        "netIncomeRatio": 0.0361002884,
        "eps": 0.1,
        "epsdiluted": 0.1,
        "weightedAverageShsOut": 67860000,
        "weightedAverageShsOutDil": 67916000,
        "link": "https://www.sec.gov/Archives/edgar/data/1338749/000156459019014711/0001564590-19-014711-index.htm",
        "finalLink": "https://www.sec.gov/Archives/edgar/data/1338749/000156459019014711/pch-10q_20190331.htm"
    },
    {
        "date": "2018-12-31",
        "symbol": "PCH",
        "reportedCurrency": "USD",
        "cik": "0001338749",
        "fillingDate": "2019-02-27",
        "acceptedDate": "2019-02-27 15:35:38",
        "calendarYear": "2018",
        "period": "Q4",
        "revenue": 217250000,
        "costOfRevenue": 192000000,
        "grossProfit": 25250000,
        "grossProfitRatio": 0.1162255466,
        "researchAndDevelopmentExpenses": 0,
        "generalAndAdministrativeExpenses": 45449000,
        "sellingAndMarketingExpenses": -31037000,
        "sellingGeneralAndAdministrativeExpenses": 14412000,
        "otherExpenses": 0,
        "operatingExpenses": 14412000,
        "costAndExpenses": 206412000,
        "interestIncome": 0,
        "interestExpense": 10102000,
        "depreciationAndAmortization": 19476000,
        "ebitda": 27499000,
        "ebitdaratio": 0.1265776755,
        "operatingIncome": 9964000,
        "operatingIncomeRatio": 0.0458642117,
        "totalOtherIncomeExpensesNet": -12043000,
        "incomeBeforeTax": -2079000,
        "incomeBeforeTaxRatio": -0.0095696203,
        "incomeTaxExpense": -3878000,
        "netIncome": 1799000,
        "netIncomeRatio": 0.0082807825,
        "eps": 0.03,
        "epsdiluted": 0.03,
        "weightedAverageShsOut": 65486000,
        "weightedAverageShsOutDil": 68110000,
        "link": "https://www.sec.gov/Archives/edgar/data/1338749/000156459019004862/0001564590-19-004862-index.htm",
        "finalLink": "https://www.sec.gov/Archives/edgar/data/1338749/000156459019004862/pch-10k_20181231.htm"
    },
    {
        "date": "2018-09-30",
        "symbol": "PCH",
        "reportedCurrency": "USD",
        "cik": "0001338749",
        "fillingDate": "2018-10-31",
        "acceptedDate": "2018-10-31 15:14:16",
        "calendarYear": "2018",
        "period": "Q3",
        "revenue": 289199000,
        "costOfRevenue": 195584000,
        "grossProfit": 93615000,
        "grossProfitRatio": 0.3237044388,
        "researchAndDevelopmentExpenses": 0,
        "generalAndAdministrativeExpenses": 14901000,
        "sellingAndMarketingExpenses": 0,
        "sellingGeneralAndAdministrativeExpenses": 14901000,
        "otherExpenses": 0,
        "operatingExpenses": 14901000,
        "costAndExpenses": 210485000,
        "interestIncome": 0,
        "interestExpense": 10109000,
        "depreciationAndAmortization": 19445000,
        "ebitda": 98159000,
        "ebitdaratio": 0.339416803,
        "operatingIncome": 77742000,
        "operatingIncomeRatio": 0.2688183569,
        "totalOtherIncomeExpensesNet": -12051000,
        "incomeBeforeTax": 65691000,
        "incomeBeforeTaxRatio": 0.2271480883,
        "incomeTaxExpense": 5355000,
        "netIncome": 60336000,
        "netIncomeRatio": 0.2086314268,
        "eps": 0.96,
        "epsdiluted": 0.93,
        "weightedAverageShsOut": 62986000,
        "weightedAverageShsOutDil": 64722000,
        "link": "https://www.sec.gov/Archives/edgar/data/1338749/000156459018025804/0001564590-18-025804-index.htm",
        "finalLink": "https://www.sec.gov/Archives/edgar/data/1338749/000156459018025804/pch-10q_20180930.htm"
    },
    {
        "date": "2018-06-30",
        "symbol": "PCH",
        "reportedCurrency": "USD",
        "cik": "0001338749",
        "fillingDate": "2018-08-02",
        "acceptedDate": "2018-08-02 16:12:00",
        "calendarYear": "2018",
        "period": "Q2",
        "revenue": 268233000,
        "costOfRevenue": 180906000,
        "grossProfit": 87327000,
        "grossProfitRatio": 0.3255639686,
        "researchAndDevelopmentExpenses": 0,
        "generalAndAdministrativeExpenses": 16892000,
        "sellingAndMarketingExpenses": 0,
        "sellingGeneralAndAdministrativeExpenses": 16892000,
        "otherExpenses": 0,
        "operatingExpenses": 16892000,
        "costAndExpenses": 197798000,
        "interestIncome": 0,
        "interestExpense": 9356000,
        "depreciationAndAmortization": 21605000,
        "ebitda": 89114000,
        "ebitdaratio": 0.332226087,
        "operatingIncome": 69417000,
        "operatingIncomeRatio": 0.2587936607,
        "totalOtherIncomeExpensesNet": -11264000,
        "incomeBeforeTax": 58153000,
        "incomeBeforeTaxRatio": 0.2168003191,
        "incomeTaxExpense": 12005000,
        "netIncome": 46148000,
        "netIncomeRatio": 0.1720444539,
        "eps": 0.73,
        "epsdiluted": 0.73,
        "weightedAverageShsOut": 62980000,
        "weightedAverageShsOutDil": 63316000,
        "link": "https://www.sec.gov/Archives/edgar/data/1338749/000156459018018900/0001564590-18-018900-index.htm",
        "finalLink": "https://www.sec.gov/Archives/edgar/data/1338749/000156459018018900/pch-10q_20180630.htm"
    },
    {
        "date": "2018-03-31",
        "symbol": "PCH",
        "reportedCurrency": "USD",
        "cik": "0001338749",
        "fillingDate": "2018-05-09",
        "acceptedDate": "2018-05-09 17:26:07",
        "calendarYear": "2018",
        "period": "Q1",
        "revenue": 199897000,
        "costOfRevenue": 139155000,
        "grossProfit": 60742000,
        "grossProfitRatio": 0.3038664912,
        "researchAndDevelopmentExpenses": 0,
        "generalAndAdministrativeExpenses": 13656000,
        "sellingAndMarketingExpenses": 0,
        "sellingGeneralAndAdministrativeExpenses": 13656000,
        "otherExpenses": 0,
        "operatingExpenses": 13656000,
        "costAndExpenses": 152811000,
        "interestIncome": 0,
        "interestExpense": 5660000,
        "depreciationAndAmortization": 12635000,
        "ebitda": 38609000,
        "ebitdaratio": 0.1931444694,
        "operatingIncome": 27831000,
        "operatingIncomeRatio": 0.1392267018,
        "totalOtherIncomeExpensesNet": -7517000,
        "incomeBeforeTax": 20314000,
        "incomeBeforeTaxRatio": 0.1016223355,
        "incomeTaxExpense": 5717000,
        "netIncome": 14597000,
        "netIncomeRatio": 0.0730226066,
        "eps": 0.29,
        "epsdiluted": 0.29,
        "weightedAverageShsOut": 50425000,
        "weightedAverageShsOutDil": 50786000,
        "link": "https://www.sec.gov/Archives/edgar/data/1338749/000156459018012536/0001564590-18-012536-index.htm",
        "finalLink": "https://www.sec.gov/Archives/edgar/data/1338749/000156459018012536/pch-10q_20180331.htm"
    },
    {
        "date": "2017-12-31",
        "symbol": "PCH",
        "reportedCurrency": "USD",
        "cik": "0001338749",
        "fillingDate": "2018-02-16",
        "acceptedDate": "2018-02-16 16:59:07",
        "calendarYear": "2017",
        "period": "Q4",
        "revenue": 175244000,
        "costOfRevenue": 121055000,
        "grossProfit": 54189000,
        "grossProfitRatio": 0.3092202871,
        "researchAndDevelopmentExpenses": 0,
        "generalAndAdministrativeExpenses": 13635000,
        "sellingAndMarketingExpenses": 27000,
        "sellingGeneralAndAdministrativeExpenses": 13662000,
        "otherExpenses": 0,
        "operatingExpenses": 13662000,
        "costAndExpenses": 134717000,
        "interestIncome": 0,
        "interestExpense": 7395000,
        "depreciationAndAmortization": 8004000,
        "ebitda": 37048000,
        "ebitdaratio": 0.2114080939,
        "operatingIncome": 37048000,
        "operatingIncomeRatio": 0.2114080939,
        "totalOtherIncomeExpensesNet": -7395000,
        "incomeBeforeTax": 29653000,
        "incomeBeforeTaxRatio": 0.1692097875,
        "incomeTaxExpense": 18065000,
        "netIncome": 11588000,
        "netIncomeRatio": 0.0661249458,
        "eps": 0.28,
        "epsdiluted": 0.28,
        "weightedAverageShsOut": 40839000,
        "weightedAverageShsOutDil": 41301000,
        "link": "https://www.sec.gov/Archives/edgar/data/1338749/000156459018002349/0001564590-18-002349-index.htm",
        "finalLink": "https://www.sec.gov/Archives/edgar/data/1338749/000156459018002349/pch-10k_20171231.htm"
    },
    {
        "date": "2017-09-30",
        "symbol": "PCH",
        "reportedCurrency": "USD",
        "cik": "0001338749",
        "fillingDate": "2017-10-24",
        "acceptedDate": "2017-10-24 16:58:54",
        "calendarYear": "2017",
        "period": "Q3",
        "revenue": 190441000,
        "costOfRevenue": 124971000,
        "grossProfit": 65470000,
        "grossProfitRatio": 0.3437810135,
        "researchAndDevelopmentExpenses": 0,
        "generalAndAdministrativeExpenses": 14836000,
        "sellingAndMarketingExpenses": -217000,
        "sellingGeneralAndAdministrativeExpenses": 14619000,
        "otherExpenses": 4978000,
        "operatingExpenses": 19597000,
        "costAndExpenses": 144568000,
        "interestIncome": 0,
        "interestExpense": 7336000,
        "depreciationAndAmortization": 8565000,
        "ebitda": 43793000,
        "ebitdaratio": 0.2299557343,
        "operatingIncome": 43793000,
        "operatingIncomeRatio": 0.2299557343,
        "totalOtherIncomeExpensesNet": -7336000,
        "incomeBeforeTax": 36457000,
        "incomeBeforeTaxRatio": 0.1914346175,
        "incomeTaxExpense": 2757000,
        "netIncome": 33700000,
        "netIncomeRatio": 0.1769576929,
        "eps": 0.83,
        "epsdiluted": 0.82,
        "weightedAverageShsOut": 40829000,
        "weightedAverageShsOutDil": 41250000,
        "link": "https://www.sec.gov/Archives/edgar/data/1338749/000156459017019881/0001564590-17-019881-index.htm",
        "finalLink": "https://www.sec.gov/Archives/edgar/data/1338749/000156459017019881/pch-10q_20170930.htm"
    },
    {
        "date": "2017-06-30",
        "symbol": "PCH",
        "reportedCurrency": "USD",
        "cik": "0001338749",
        "fillingDate": "2017-07-25",
        "acceptedDate": "2017-07-25 17:02:36",
        "calendarYear": "2017",
        "period": "Q2",
        "revenue": 163229000,
        "costOfRevenue": 111556000,
        "grossProfit": 51673000,
        "grossProfitRatio": 0.3165675217,
        "researchAndDevelopmentExpenses": 0,
        "generalAndAdministrativeExpenses": 14365000,
        "sellingAndMarketingExpenses": -200000,
        "sellingGeneralAndAdministrativeExpenses": 14165000,
        "otherExpenses": 0,
        "operatingExpenses": 14165000,
        "costAndExpenses": 125721000,
        "interestIncome": 0,
        "interestExpense": 7348000,
        "depreciationAndAmortization": 6641000,
        "ebitda": 40773000,
        "ebitdaratio": 0.2497901721,
        "operatingIncome": 40773000,
        "operatingIncomeRatio": 0.2497901721,
        "totalOtherIncomeExpensesNet": -7348000,
        "incomeBeforeTax": 33425000,
        "incomeBeforeTaxRatio": 0.2047736615,
        "incomeTaxExpense": 9181000,
        "netIncome": 24244000,
        "netIncomeRatio": 0.1485275288,
        "eps": 0.59,
        "epsdiluted": 0.59,
        "weightedAverageShsOut": 40822726,
        "weightedAverageShsOutDil": 41218969,
        "link": "https://www.sec.gov/Archives/edgar/data/1338749/000156459017013948/0001564590-17-013948-index.htm",
        "finalLink": "https://www.sec.gov/Archives/edgar/data/1338749/000156459017013948/pch-10q_20170630.htm"
    },
    {
        "date": "2017-03-31",
        "symbol": "PCH",
        "reportedCurrency": "USD",
        "cik": "0001338749",
        "fillingDate": "2017-04-27",
        "acceptedDate": "2017-04-27 10:31:20",
        "calendarYear": "2017",
        "period": "Q1",
        "revenue": 149681000,
        "costOfRevenue": 112783000,
        "grossProfit": 36898000,
        "grossProfitRatio": 0.2465109132,
        "researchAndDevelopmentExpenses": 0,
        "generalAndAdministrativeExpenses": 13274000,
        "sellingAndMarketingExpenses": -285000,
        "sellingGeneralAndAdministrativeExpenses": 12989000,
        "otherExpenses": 0,
        "operatingExpenses": 12989000,
        "costAndExpenses": 125772000,
        "interestIncome": 0,
        "interestExpense": 4970000,
        "depreciationAndAmortization": 6702000,
        "ebitda": 23909000,
        "ebitdaratio": 0.1597330322,
        "operatingIncome": 23909000,
        "operatingIncomeRatio": 0.1597330322,
        "totalOtherIncomeExpensesNet": -4970000,
        "incomeBeforeTax": 18939000,
        "incomeBeforeTaxRatio": 0.1265290852,
        "incomeTaxExpense": 2018000,
        "netIncome": 16921000,
        "netIncomeRatio": 0.1130470801,
        "eps": 0.41,
        "epsdiluted": 0.41,
        "weightedAverageShsOut": 40777901,
        "weightedAverageShsOutDil": 41070609,
        "link": "https://www.sec.gov/Archives/edgar/data/1338749/000156459017007440/0001564590-17-007440-index.htm",
        "finalLink": "https://www.sec.gov/Archives/edgar/data/1338749/000156459017007440/pch-10q_20170331.htm"
    },
    {
        "date": "2016-12-31",
        "symbol": "PCH",
        "reportedCurrency": "USD",
        "cik": "0001338749",
        "fillingDate": "2017-02-17",
        "acceptedDate": "2017-02-17 15:35:26",
        "calendarYear": "2016",
        "period": "Q4",
        "revenue": 155681000,
        "costOfRevenue": 116980000,
        "grossProfit": 38701000,
        "grossProfitRatio": 0.2485916714,
        "researchAndDevelopmentExpenses": 0,
        "generalAndAdministrativeExpenses": 12985000,
        "sellingAndMarketingExpenses": 0,
        "sellingGeneralAndAdministrativeExpenses": 12985000,
        "otherExpenses": 0,
        "operatingExpenses": 12985000,
        "costAndExpenses": 129965000,
        "interestIncome": 0,
        "interestExpense": 6924000,
        "depreciationAndAmortization": 8467000,
        "ebitda": 25716000,
        "ebitdaratio": 0.1651839338,
        "operatingIncome": 25716000,
        "operatingIncomeRatio": 0.1651839338,
        "totalOtherIncomeExpensesNet": -6924000,
        "incomeBeforeTax": 18792000,
        "incomeBeforeTaxRatio": 0.1207083716,
        "incomeTaxExpense": 4419000,
        "netIncome": 14373000,
        "netIncomeRatio": 0.0923234049,
        "eps": 0.35,
        "epsdiluted": 0.35,
        "weightedAverageShsOut": 40752000,
        "weightedAverageShsOutDil": 41069000,
        "link": "https://www.sec.gov/Archives/edgar/data/1338749/000156459017001760/0001564590-17-001760-index.htm",
        "finalLink": "https://www.sec.gov/Archives/edgar/data/1338749/000156459017001760/pch-10k_20161231.htm"
    },
    {
        "date": "2016-09-30",
        "symbol": "PCH",
        "reportedCurrency": "USD",
        "cik": "0001338749",
        "fillingDate": "2016-10-25",
        "acceptedDate": "2016-10-25 17:25:09",
        "calendarYear": "2016",
        "period": "Q3",
        "revenue": 174027000,
        "costOfRevenue": 122132000,
        "grossProfit": 51895000,
        "grossProfitRatio": 0.2982008539,
        "researchAndDevelopmentExpenses": 0,
        "generalAndAdministrativeExpenses": 12901000,
        "sellingAndMarketingExpenses": 0,
        "sellingGeneralAndAdministrativeExpenses": 12901000,
        "otherExpenses": 0,
        "operatingExpenses": 12901000,
        "costAndExpenses": 135033000,
        "interestIncome": 0,
        "interestExpense": 7786000,
        "depreciationAndAmortization": 9249000,
        "ebitda": 38994000,
        "ebitdaratio": 0.224068679,
        "operatingIncome": 38994000,
        "operatingIncomeRatio": 0.224068679,
        "totalOtherIncomeExpensesNet": -7786000,
        "incomeBeforeTax": 31208000,
        "incomeBeforeTaxRatio": 0.179328495,
        "incomeTaxExpense": 3562000,
        "netIncome": 27646000,
        "netIncomeRatio": 0.1588604067,
        "eps": 0.68,
        "epsdiluted": 0.68,
        "weightedAverageShsOut": 40740000,
        "weightedAverageShsOutDil": 40933000,
        "link": "https://www.sec.gov/Archives/edgar/data/1338749/000156459016026106/0001564590-16-026106-index.htm",
        "finalLink": "https://www.sec.gov/Archives/edgar/data/1338749/000156459016026106/pch-10q_20160930.htm"
    },
    {
        "date": "2016-06-30",
        "symbol": "PCH",
        "reportedCurrency": "USD",
        "cik": "0001338749",
        "fillingDate": "2016-07-26",
        "acceptedDate": "2016-07-26 17:18:08",
        "calendarYear": "2016",
        "period": "Q2",
        "revenue": 141495000,
        "costOfRevenue": 113377000,
        "grossProfit": 28118000,
        "grossProfitRatio": 0.1987208029,
        "researchAndDevelopmentExpenses": 0,
        "generalAndAdministrativeExpenses": 13824000,
        "sellingAndMarketingExpenses": 0,
        "sellingGeneralAndAdministrativeExpenses": 13824000,
        "otherExpenses": 0,
        "operatingExpenses": 13824000,
        "costAndExpenses": 127201000,
        "interestIncome": 0,
        "interestExpense": 8206000,
        "depreciationAndAmortization": 7869000,
        "ebitda": -34228000,
        "ebitdaratio": -0.2419025407,
        "operatingIncome": -34228000,
        "operatingIncomeRatio": -0.2419025407,
        "totalOtherIncomeExpensesNet": -8206000,
        "incomeBeforeTax": -42434000,
        "incomeBeforeTaxRatio": -0.2998975229,
        "incomeTaxExpense": -11196000,
        "netIncome": -31238000,
        "netIncomeRatio": -0.220771052,
        "eps": -0.77,
        "epsdiluted": -0.77,
        "weightedAverageShsOut": 40568883,
        "weightedAverageShsOutDil": 40784000,
        "link": "https://www.sec.gov/Archives/edgar/data/1338749/000156459016021541/0001564590-16-021541-index.htm",
        "finalLink": "https://www.sec.gov/Archives/edgar/data/1338749/000156459016021541/pch-10q_20160630.htm"
    },
    {
        "date": "2016-03-31",
        "symbol": "PCH",
        "reportedCurrency": "USD",
        "cik": "0001338749",
        "fillingDate": "2016-04-27",
        "acceptedDate": "2016-04-26 19:40:41",
        "calendarYear": "2016",
        "period": "Q1",
        "revenue": 127896000,
        "costOfRevenue": 109815000,
        "grossProfit": 18081000,
        "grossProfitRatio": 0.1413726778,
        "researchAndDevelopmentExpenses": 0,
        "generalAndAdministrativeExpenses": 13009000,
        "sellingAndMarketingExpenses": 0,
        "sellingGeneralAndAdministrativeExpenses": 13009000,
        "otherExpenses": 0,
        "operatingExpenses": 13009000,
        "costAndExpenses": 122824000,
        "interestIncome": 0,
        "interestExpense": 6025000,
        "depreciationAndAmortization": 8605000,
        "ebitda": 5072000,
        "ebitdaratio": 0.0396572215,
        "operatingIncome": 5072000,
        "operatingIncomeRatio": 0.0396572215,
        "totalOtherIncomeExpensesNet": -6025000,
        "incomeBeforeTax": -953000,
        "incomeBeforeTaxRatio": -0.0074513667,
        "incomeTaxExpense": -1110000,
        "netIncome": 157000,
        "netIncomeRatio": 0.0012275599,
        "eps": 0.0038,
        "epsdiluted": 0.0038,
        "weightedAverageShsOut": 40875000,
        "weightedAverageShsOutDil": 40960000,
        "link": "https://www.sec.gov/Archives/edgar/data/1338749/000133874916000104/0001338749-16-000104-index.htm",
        "finalLink": "https://www.sec.gov/Archives/edgar/data/1338749/000133874916000104/pch2016033110-q.htm"
    },
    {
        "date": "2015-12-31",
        "symbol": "PCH",
        "reportedCurrency": "USD",
        "cik": "0001338749",
        "fillingDate": "2016-02-12",
        "acceptedDate": "2016-02-12 15:30:12",
        "calendarYear": "2015",
        "period": "Q4",
        "revenue": 137989000,
        "costOfRevenue": 116752000,
        "grossProfit": 21237000,
        "grossProfitRatio": 0.153903572,
        "researchAndDevelopmentExpenses": 0,
        "generalAndAdministrativeExpenses": 11382000,
        "sellingAndMarketingExpenses": 0,
        "sellingGeneralAndAdministrativeExpenses": 11382000,
        "otherExpenses": 0,
        "operatingExpenses": 11382000,
        "costAndExpenses": 128134000,
        "interestIncome": 0,
        "interestExpense": 8341000,
        "depreciationAndAmortization": 9951000,
        "ebitda": 9855000,
        "ebitdaratio": 0.0714187363,
        "operatingIncome": 9855000,
        "operatingIncomeRatio": 0.0714187363,
        "totalOtherIncomeExpensesNet": -8341000,
        "incomeBeforeTax": 1514000,
        "incomeBeforeTaxRatio": 0.0109718891,
        "incomeTaxExpense": -2035000,
        "netIncome": 3549000,
        "netIncomeRatio": 0.0257194414,
        "eps": 0.09,
        "epsdiluted": 0.09,
        "weightedAverageShsOut": 40866000,
        "weightedAverageShsOutDil": 40948000,
        "link": "https://www.sec.gov/Archives/edgar/data/1338749/000133874916000089/0001338749-16-000089-index.htm",
        "finalLink": "https://www.sec.gov/Archives/edgar/data/1338749/000133874916000089/pch10k2015.htm"
    },
    {
        "date": "2015-09-30",
        "symbol": "PCH",
        "reportedCurrency": "USD",
        "cik": "0001338749",
        "fillingDate": "2015-10-28",
        "acceptedDate": "2015-10-27 19:48:54",
        "calendarYear": "2015",
        "period": "Q3",
        "revenue": 174475000,
        "costOfRevenue": 136072000,
        "grossProfit": 38403000,
        "grossProfitRatio": 0.2201060324,
        "researchAndDevelopmentExpenses": 0,
        "generalAndAdministrativeExpenses": 10689000,
        "sellingAndMarketingExpenses": 0,
        "sellingGeneralAndAdministrativeExpenses": 10689000,
        "otherExpenses": 0,
        "operatingExpenses": 10689000,
        "costAndExpenses": 146761000,
        "interestIncome": 0,
        "interestExpense": 8335000,
        "depreciationAndAmortization": 12557000,
        "ebitda": 27714000,
        "ebitdaratio": 0.158842241,
        "operatingIncome": 27714000,
        "operatingIncomeRatio": 0.158842241,
        "totalOtherIncomeExpensesNet": -8335000,
        "incomeBeforeTax": 19379000,
        "incomeBeforeTaxRatio": 0.1110703539,
        "incomeTaxExpense": -2419000,
        "netIncome": 21798000,
        "netIncomeRatio": 0.1249348044,
        "eps": 0.53,
        "epsdiluted": 0.53,
        "weightedAverageShsOut": 40846000,
        "weightedAverageShsOutDil": 40985000,
        "link": "https://www.sec.gov/Archives/edgar/data/1338749/000133874915000069/0001338749-15-000069-index.htm",
        "finalLink": "https://www.sec.gov/Archives/edgar/data/1338749/000133874915000069/pch2015093010-q.htm"
    },
    {
        "date": "2015-06-30",
        "symbol": "PCH",
        "reportedCurrency": "USD",
        "cik": "0001338749",
        "fillingDate": "2015-07-29",
        "acceptedDate": "2015-07-28 18:33:10",
        "calendarYear": "2015",
        "period": "Q2",
        "revenue": 128747000,
        "costOfRevenue": 109441000,
        "grossProfit": 19306000,
        "grossProfitRatio": 0.1499530086,
        "researchAndDevelopmentExpenses": 0,
        "generalAndAdministrativeExpenses": 11995000,
        "sellingAndMarketingExpenses": 0,
        "sellingGeneralAndAdministrativeExpenses": 11995000,
        "otherExpenses": 0,
        "operatingExpenses": 11995000,
        "costAndExpenses": 121436000,
        "interestIncome": 0,
        "interestExpense": 8016000,
        "depreciationAndAmortization": 7093000,
        "ebitda": 7311000,
        "ebitdaratio": 0.0567857892,
        "operatingIncome": 7311000,
        "operatingIncomeRatio": 0.0567857892,
        "totalOtherIncomeExpensesNet": -8016000,
        "incomeBeforeTax": -705000,
        "incomeBeforeTaxRatio": -0.0054758557,
        "incomeTaxExpense": -1416000,
        "netIncome": 711000,
        "netIncomeRatio": 0.0055224588,
        "eps": 0.02,
        "epsdiluted": 0.02,
        "weightedAverageShsOut": 40843000,
        "weightedAverageShsOutDil": 40963000,
        "link": "https://www.sec.gov/Archives/edgar/data/1338749/000133874915000049/0001338749-15-000049-index.htm",
        "finalLink": "https://www.sec.gov/Archives/edgar/data/1338749/000133874915000049/pch2015063010-q.htm"
    },
    {
        "date": "2015-03-31",
        "symbol": "PCH",
        "reportedCurrency": "USD",
        "cik": "0001338749",
        "fillingDate": "2015-05-01",
        "acceptedDate": "2015-05-01 16:56:48",
        "calendarYear": "2015",
        "period": "Q1",
        "revenue": 134125000,
        "costOfRevenue": 107772000,
        "grossProfit": 26353000,
        "grossProfitRatio": 0.1964808947,
        "researchAndDevelopmentExpenses": 0,
        "generalAndAdministrativeExpenses": 12326000,
        "sellingAndMarketingExpenses": 0,
        "sellingGeneralAndAdministrativeExpenses": 12326000,
        "otherExpenses": 0,
        "operatingExpenses": 12326000,
        "costAndExpenses": 120098000,
        "interestIncome": 0,
        "interestExpense": 8069000,
        "depreciationAndAmortization": 8504000,
        "ebitda": 14027000,
        "ebitdaratio": 0.1045815471,
        "operatingIncome": 14027000,
        "operatingIncomeRatio": 0.1045815471,
        "totalOtherIncomeExpensesNet": -8069000,
        "incomeBeforeTax": 5958000,
        "incomeBeforeTaxRatio": 0.0444212488,
        "incomeTaxExpense": 302000,
        "netIncome": 5656000,
        "netIncomeRatio": 0.0421696179,
        "eps": 0.14,
        "epsdiluted": 0.14,
        "weightedAverageShsOut": 40802000,
        "weightedAverageShsOutDil": 40885000,
        "link": "https://www.sec.gov/Archives/edgar/data/1338749/000133874915000030/0001338749-15-000030-index.htm",
        "finalLink": "https://www.sec.gov/Archives/edgar/data/1338749/000133874915000030/pch2015033110-q.htm"
    },
    {
        "date": "2014-12-31",
        "symbol": "PCH",
        "reportedCurrency": "USD",
        "cik": "0001338749",
        "fillingDate": "2015-02-13",
        "acceptedDate": "2015-02-13 15:53:27",
        "calendarYear": "2014",
        "period": "Q4",
        "revenue": 146237000,
        "costOfRevenue": 107773000,
        "grossProfit": 38464000,
        "grossProfitRatio": 0.2630250894,
        "researchAndDevelopmentExpenses": 0,
        "generalAndAdministrativeExpenses": 11861000,
        "sellingAndMarketingExpenses": 0,
        "sellingGeneralAndAdministrativeExpenses": 11861000,
        "otherExpenses": 0,
        "operatingExpenses": 11861000,
        "costAndExpenses": 119634000,
        "interestIncome": 0,
        "interestExpense": 6434000,
        "depreciationAndAmortization": 7423000,
        "ebitda": 26603000,
        "ebitdaratio": 0.1819170251,
        "operatingIncome": 26603000,
        "operatingIncomeRatio": 0.1819170251,
        "totalOtherIncomeExpensesNet": -6434000,
        "incomeBeforeTax": 20169000,
        "incomeBeforeTaxRatio": 0.1379199519,
        "incomeTaxExpense": 33000,
        "netIncome": 20136000,
        "netIncomeRatio": 0.1376942908,
        "eps": 0.49,
        "epsdiluted": 0.49,
        "weightedAverageShsOut": 40764000,
        "weightedAverageShsOutDil": 40927000,
        "link": "https://www.sec.gov/Archives/edgar/data/1338749/000133874915000008/0001338749-15-000008-index.htm",
        "finalLink": "https://www.sec.gov/Archives/edgar/data/1338749/000133874915000008/pch10k2014.htm"
    },
    {
        "date": "2014-09-30",
        "symbol": "PCH",
        "reportedCurrency": "USD",
        "cik": "0001338749",
        "fillingDate": "2014-10-21",
        "acceptedDate": "2014-10-21 15:36:13",
        "calendarYear": "2014",
        "period": "Q3",
        "revenue": 177215000,
        "costOfRevenue": 121574000,
        "grossProfit": 55641000,
        "grossProfitRatio": 0.3139745507,
        "researchAndDevelopmentExpenses": 0,
        "generalAndAdministrativeExpenses": 10772000,
        "sellingAndMarketingExpenses": 0,
        "sellingGeneralAndAdministrativeExpenses": 10772000,
        "otherExpenses": 0,
        "operatingExpenses": 10772000,
        "costAndExpenses": 132346000,
        "interestIncome": 0,
        "interestExpense": 5506000,
        "depreciationAndAmortization": 8324000,
        "ebitda": 53193000,
        "ebitdaratio": 0.3001608216,
        "operatingIncome": 44869000,
        "operatingIncomeRatio": 0.2531896284,
        "totalOtherIncomeExpensesNet": -5506000,
        "incomeBeforeTax": 39363000,
        "incomeBeforeTaxRatio": 0.2221200237,
        "incomeTaxExpense": 6209000,
        "netIncome": 33154000,
        "netIncomeRatio": 0.1870834862,
        "eps": 0.81,
        "epsdiluted": 0.81,
        "weightedAverageShsOut": 40745000,
        "weightedAverageShsOutDil": 40889000,
        "link": "https://www.sec.gov/Archives/edgar/data/1338749/000133874914000054/0001338749-14-000054-index.htm",
        "finalLink": "https://www.sec.gov/Archives/edgar/data/1338749/000133874914000054/pch2014093010-q.htm"
    },
    {
        "date": "2014-06-30",
        "symbol": "PCH",
        "reportedCurrency": "USD",
        "cik": "0001338749",
        "fillingDate": "2014-07-24",
        "acceptedDate": "2014-07-24 14:00:12",
        "calendarYear": "2014",
        "period": "Q2",
        "revenue": 143919000,
        "costOfRevenue": 101849000,
        "grossProfit": 42070000,
        "grossProfitRatio": 0.2923172062,
        "researchAndDevelopmentExpenses": 0,
        "generalAndAdministrativeExpenses": 12345000,
        "sellingAndMarketingExpenses": 0,
        "sellingGeneralAndAdministrativeExpenses": 12345000,
        "otherExpenses": 0,
        "operatingExpenses": 12345000,
        "costAndExpenses": 114194000,
        "interestIncome": 0,
        "interestExpense": 5509000,
        "depreciationAndAmortization": 4898000,
        "ebitda": 34623000,
        "ebitdaratio": 0.2405728222,
        "operatingIncome": 29725000,
        "operatingIncomeRatio": 0.2065397897,
        "totalOtherIncomeExpensesNet": -5509000,
        "incomeBeforeTax": 24216000,
        "incomeBeforeTaxRatio": 0.1682613137,
        "incomeTaxExpense": 7946000,
        "netIncome": 16270000,
        "netIncomeRatio": 0.1130497016,
        "eps": 0.4,
        "epsdiluted": 0.4,
        "weightedAverageShsOut": 40741000,
        "weightedAverageShsOutDil": 40850000,
        "link": "https://www.sec.gov/Archives/edgar/data/1338749/000133874914000045/0001338749-14-000045-index.htm",
        "finalLink": "https://www.sec.gov/Archives/edgar/data/1338749/000133874914000045/pch2014063010-q.htm"
    },
    {
        "date": "2014-03-31",
        "symbol": "PCH",
        "reportedCurrency": "USD",
        "cik": "0001338749",
        "fillingDate": "2014-04-23",
        "acceptedDate": "2014-04-23 14:56:03",
        "calendarYear": "2014",
        "period": "Q1",
        "revenue": 139579000,
        "costOfRevenue": 98593000,
        "grossProfit": 40986000,
        "grossProfitRatio": 0.2936401608,
        "researchAndDevelopmentExpenses": 0,
        "generalAndAdministrativeExpenses": 9677000,
        "sellingAndMarketingExpenses": 0,
        "sellingGeneralAndAdministrativeExpenses": 9677000,
        "otherExpenses": 0,
        "operatingExpenses": 9677000,
        "costAndExpenses": 108270000,
        "interestIncome": 0,
        "interestExpense": 5460000,
        "depreciationAndAmortization": 6104000,
        "ebitda": 37413000,
        "ebitdaratio": 0.2680417541,
        "operatingIncome": 31309000,
        "operatingIncomeRatio": 0.2243102472,
        "totalOtherIncomeExpensesNet": -5460000,
        "incomeBeforeTax": 25849000,
        "incomeBeforeTaxRatio": 0.1851926149,
        "incomeTaxExpense": 5499000,
        "netIncome": 20350000,
        "netIncomeRatio": 0.145795571,
        "eps": 0.5,
        "epsdiluted": 0.5,
        "weightedAverageShsOut": 40561000,
        "weightedAverageShsOutDil": 40682000,
        "link": "https://www.sec.gov/Archives/edgar/data/1338749/000133874914000022/0001338749-14-000022-index.htm",
        "finalLink": "https://www.sec.gov/Archives/edgar/data/1338749/000133874914000022/pch2014033110-q.htm"
    },
    {
        "date": "2013-12-31",
        "symbol": "PCH",
        "reportedCurrency": "USD",
        "cik": "0001338749",
        "fillingDate": "2014-02-14",
        "acceptedDate": "2014-02-14 16:09:11",
        "calendarYear": "2013",
        "period": "Q4",
        "revenue": 139955000,
        "costOfRevenue": 106070000,
        "grossProfit": 33885000,
        "grossProfitRatio": 0.2421135365,
        "researchAndDevelopmentExpenses": 0,
        "generalAndAdministrativeExpenses": 13240000,
        "sellingAndMarketingExpenses": 0,
        "sellingGeneralAndAdministrativeExpenses": 13240000,
        "otherExpenses": 0,
        "operatingExpenses": 13240000,
        "costAndExpenses": 119310000,
        "interestIncome": 0,
        "interestExpense": 5573000,
        "depreciationAndAmortization": 6891000,
        "ebitda": 27536000,
        "ebitdaratio": 0.196748955,
        "operatingIncome": 20645000,
        "operatingIncomeRatio": 0.1475117002,
        "totalOtherIncomeExpensesNet": -5573000,
        "incomeBeforeTax": 15072000,
        "incomeBeforeTaxRatio": 0.1076917581,
        "incomeTaxExpense": 1351000,
        "netIncome": 13721000,
        "netIncomeRatio": 0.0980386553,
        "eps": 0.34,
        "epsdiluted": 0.34,
        "weightedAverageShsOut": 40533000,
        "weightedAverageShsOutDil": 40739000,
        "link": "https://www.sec.gov/Archives/edgar/data/1338749/000133874914000007/0001338749-14-000007-index.htm",
        "finalLink": "https://www.sec.gov/Archives/edgar/data/1338749/000133874914000007/pch10k2013.htm"
    },
    {
        "date": "2013-09-30",
        "symbol": "PCH",
        "reportedCurrency": "USD",
        "cik": "0001338749",
        "fillingDate": "2013-10-23",
        "acceptedDate": "2013-10-23 13:29:57",
        "calendarYear": "2013",
        "period": "Q3",
        "revenue": 157869000,
        "costOfRevenue": 112499000,
        "grossProfit": 45370000,
        "grossProfitRatio": 0.2873901779,
        "researchAndDevelopmentExpenses": 0,
        "generalAndAdministrativeExpenses": 13444000,
        "sellingAndMarketingExpenses": 0,
        "sellingGeneralAndAdministrativeExpenses": 13444000,
        "otherExpenses": 1022000,
        "operatingExpenses": 14466000,
        "costAndExpenses": 126965000,
        "interestIncome": 0,
        "interestExpense": 5556000,
        "depreciationAndAmortization": 8046000,
        "ebitda": 38950000,
        "ebitdaratio": 0.2467235493,
        "operatingIncome": 30904000,
        "operatingIncomeRatio": 0.1957572418,
        "totalOtherIncomeExpensesNet": -5556000,
        "incomeBeforeTax": 25348000,
        "incomeBeforeTaxRatio": 0.1605635052,
        "incomeTaxExpense": 3157000,
        "netIncome": 22191000,
        "netIncomeRatio": 0.1405659122,
        "eps": 0.55,
        "epsdiluted": 0.54,
        "weightedAverageShsOut": 40530000,
        "weightedAverageShsOutDil": 40720000,
        "link": "https://www.sec.gov/Archives/edgar/data/1338749/000133874913000054/0001338749-13-000054-index.htm",
        "finalLink": "https://www.sec.gov/Archives/edgar/data/1338749/000133874913000054/pch2013093010-q.htm"
    },
    {
        "date": "2013-06-30",
        "symbol": "PCH",
        "reportedCurrency": "USD",
        "cik": "0001338749",
        "fillingDate": "2013-07-25",
        "acceptedDate": "2013-07-25 13:39:27",
        "calendarYear": "2013",
        "period": "Q2",
        "revenue": 133212000,
        "costOfRevenue": 91904000,
        "grossProfit": 41308000,
        "grossProfitRatio": 0.3100921839,
        "researchAndDevelopmentExpenses": 0,
        "generalAndAdministrativeExpenses": 10117000,
        "sellingAndMarketingExpenses": 0,
        "sellingGeneralAndAdministrativeExpenses": 10117000,
        "otherExpenses": 1750000,
        "operatingExpenses": 11867000,
        "costAndExpenses": 103771000,
        "interestIncome": 0,
        "interestExpense": 5667000,
        "depreciationAndAmortization": 5158000,
        "ebitda": 34599000,
        "ebitdaratio": 0.2597288533,
        "operatingIncome": 29441000,
        "operatingIncomeRatio": 0.2210086178,
        "totalOtherIncomeExpensesNet": -5667000,
        "incomeBeforeTax": 23774000,
        "incomeBeforeTaxRatio": 0.1784674053,
        "incomeTaxExpense": 4592000,
        "netIncome": 19182000,
        "netIncomeRatio": 0.1439960364,
        "eps": 0.47,
        "epsdiluted": 0.47,
        "weightedAverageShsOut": 40509000,
        "weightedAverageShsOutDil": 40694000,
        "link": "https://www.sec.gov/Archives/edgar/data/1338749/000133874913000044/0001338749-13-000044-index.htm",
        "finalLink": "https://www.sec.gov/Archives/edgar/data/1338749/000133874913000044/pch2013063010-q.htm"
    },
    {
        "date": "2013-03-31",
        "symbol": "PCH",
        "reportedCurrency": "USD",
        "cik": "0001338749",
        "fillingDate": "2013-04-24",
        "acceptedDate": "2013-04-24 14:21:43",
        "calendarYear": "2013",
        "period": "Q1",
        "revenue": 139253000,
        "costOfRevenue": 98299000,
        "grossProfit": 40954000,
        "grossProfitRatio": 0.2940977932,
        "researchAndDevelopmentExpenses": 0,
        "generalAndAdministrativeExpenses": 13596000,
        "sellingAndMarketingExpenses": 0,
        "sellingGeneralAndAdministrativeExpenses": 13596000,
        "otherExpenses": 750000,
        "operatingExpenses": 14346000,
        "costAndExpenses": 112645000,
        "interestIncome": 0,
        "interestExpense": 6336000,
        "depreciationAndAmortization": 6867000,
        "ebitda": 33475000,
        "ebitdaratio": 0.2403897941,
        "operatingIncome": 26608000,
        "operatingIncomeRatio": 0.1910766734,
        "totalOtherIncomeExpensesNet": -6336000,
        "incomeBeforeTax": 20272000,
        "incomeBeforeTaxRatio": 0.145576756,
        "incomeTaxExpense": 4785000,
        "netIncome": 15487000,
        "netIncomeRatio": 0.1112148392,
        "eps": 0.38,
        "epsdiluted": 0.38,
        "weightedAverageShsOut": 40436000,
        "weightedAverageShsOutDil": 40613000,
        "link": "https://www.sec.gov/Archives/edgar/data/1338749/000133874913000030/0001338749-13-000030-index.htm",
        "finalLink": "https://www.sec.gov/Archives/edgar/data/1338749/000133874913000030/pch2013033110-q.htm"
    },
    {
        "date": "2012-12-31",
        "symbol": "PCH",
        "reportedCurrency": "USD",
        "cik": "0001338749",
        "fillingDate": "2013-02-15",
        "acceptedDate": "2013-02-15 15:43:18",
        "calendarYear": "2012",
        "period": "Q4",
        "revenue": 143299000,
        "costOfRevenue": 103197000,
        "grossProfit": 40102000,
        "grossProfitRatio": 0.2798484288,
        "researchAndDevelopmentExpenses": 0,
        "generalAndAdministrativeExpenses": 0,
        "sellingAndMarketingExpenses": 0,
        "sellingGeneralAndAdministrativeExpenses": 13425000,
        "otherExpenses": 0,
        "operatingExpenses": 13425000,
        "costAndExpenses": 116622000,
        "interestIncome": 0,
        "interestExpense": 6496000,
        "depreciationAndAmortization": 6976000,
        "ebitda": 33546000,
        "ebitdaratio": 0.2340979351,
        "operatingIncome": 26570000,
        "operatingIncomeRatio": 0.1854165067,
        "totalOtherIncomeExpensesNet": -6496000,
        "incomeBeforeTax": 20074000,
        "incomeBeforeTaxRatio": 0.140084718,
        "incomeTaxExpense": 6210000,
        "netIncome": 13864000,
        "netIncomeRatio": 0.0967487561,
        "eps": 0.34,
        "epsdiluted": 0.34,
        "weightedAverageShsOut": 40383000,
        "weightedAverageShsOutDil": 40630000,
        "link": "https://www.sec.gov/Archives/edgar/data/1338749/000133874913000007/0001338749-13-000007-index.htm",
        "finalLink": "https://www.sec.gov/Archives/edgar/data/1338749/000133874913000007/pch10k2012.htm"
    },
    {
        "date": "2012-09-30",
        "symbol": "PCH",
        "reportedCurrency": "USD",
        "cik": "0001338749",
        "fillingDate": "2012-10-23",
        "acceptedDate": "2012-10-23 16:37:05",
        "calendarYear": "2012",
        "period": "Q3",
        "revenue": 151911000,
        "costOfRevenue": 109806000,
        "grossProfit": 42105000,
        "grossProfitRatio": 0.2771688686,
        "researchAndDevelopmentExpenses": 0,
        "generalAndAdministrativeExpenses": 13342000,
        "sellingAndMarketingExpenses": 0,
        "sellingGeneralAndAdministrativeExpenses": 13342000,
        "otherExpenses": 0,
        "operatingExpenses": 13342000,
        "costAndExpenses": 123148000,
        "interestIncome": 0,
        "interestExpense": 6280000,
        "depreciationAndAmortization": 8302000,
        "ebitda": 37065000,
        "ebitdaratio": 0.2439915477,
        "operatingIncome": 28763000,
        "operatingIncomeRatio": 0.1893411274,
        "totalOtherIncomeExpensesNet": -6280000,
        "incomeBeforeTax": 22483000,
        "incomeBeforeTaxRatio": 0.1480011322,
        "incomeTaxExpense": 3884000,
        "netIncome": 18599000,
        "netIncomeRatio": 0.1224335302,
        "eps": 0.46,
        "epsdiluted": 0.46,
        "weightedAverageShsOut": 40357000,
        "weightedAverageShsOutDil": 40571000,
        "link": "https://www.sec.gov/Archives/edgar/data/1338749/000133874912000039/0001338749-12-000039-index.htm",
        "finalLink": "https://www.sec.gov/Archives/edgar/data/1338749/000133874912000039/pch2012093010-q.htm"
    },
    {
        "date": "2012-06-30",
        "symbol": "PCH",
        "reportedCurrency": "USD",
        "cik": "0001338749",
        "fillingDate": "2012-07-25",
        "acceptedDate": "2012-07-25 14:37:44",
        "calendarYear": "2012",
        "period": "Q2",
        "revenue": 117540000,
        "costOfRevenue": 88688000,
        "grossProfit": 28852000,
        "grossProfitRatio": 0.2454653735,
        "researchAndDevelopmentExpenses": 0,
        "generalAndAdministrativeExpenses": 11762000,
        "sellingAndMarketingExpenses": 0,
        "sellingGeneralAndAdministrativeExpenses": 11762000,
        "otherExpenses": 0,
        "operatingExpenses": 11762000,
        "costAndExpenses": 100450000,
        "interestIncome": 0,
        "interestExpense": 6277000,
        "depreciationAndAmortization": 5181000,
        "ebitda": 17090000,
        "ebitdaratio": 0.1453973116,
        "operatingIncome": 17090000,
        "operatingIncomeRatio": 0.1453973116,
        "totalOtherIncomeExpensesNet": -6277000,
        "incomeBeforeTax": 10813000,
        "incomeBeforeTaxRatio": 0.0919942147,
        "incomeTaxExpense": 5733000,
        "netIncome": 5080000,
        "netIncomeRatio": 0.0432193296,
        "eps": 0.13,
        "epsdiluted": 0.13,
        "weightedAverageShsOut": 40332000,
        "weightedAverageShsOutDil": 40459000,
        "link": "https://www.sec.gov/Archives/edgar/data/1338749/000133874912000036/0001338749-12-000036-index.htm",
        "finalLink": "https://www.sec.gov/Archives/edgar/data/1338749/000133874912000036/pch2012063010-q.htm"
    },
    {
        "date": "2012-03-31",
        "symbol": "PCH",
        "reportedCurrency": "USD",
        "cik": "0001338749",
        "fillingDate": "2012-04-26",
        "acceptedDate": "2012-04-26 15:23:07",
        "calendarYear": "2012",
        "period": "Q1",
        "revenue": 112384000,
        "costOfRevenue": 88975000,
        "grossProfit": 23409000,
        "grossProfitRatio": 0.2082947751,
        "researchAndDevelopmentExpenses": 0,
        "generalAndAdministrativeExpenses": 10890000,
        "sellingAndMarketingExpenses": 0,
        "sellingGeneralAndAdministrativeExpenses": 10890000,
        "otherExpenses": 0,
        "operatingExpenses": 10890000,
        "costAndExpenses": 99865000,
        "interestIncome": 0,
        "interestExpense": 6486000,
        "depreciationAndAmortization": 5788000,
        "ebitda": 12519000,
        "ebitdaratio": 0.1113948605,
        "operatingIncome": 12519000,
        "operatingIncomeRatio": 0.1113948605,
        "totalOtherIncomeExpensesNet": -6486000,
        "incomeBeforeTax": 6033000,
        "incomeBeforeTaxRatio": 0.0536820188,
        "incomeTaxExpense": 982000,
        "netIncome": 5051000,
        "netIncomeRatio": 0.0449441202,
        "eps": 0.13,
        "epsdiluted": 0.13,
        "weightedAverageShsOut": 40261000,
        "weightedAverageShsOutDil": 40365000,
        "link": "https://www.sec.gov/Archives/edgar/data/1338749/000133874912000021/0001338749-12-000021-index.htm",
        "finalLink": "https://www.sec.gov/Archives/edgar/data/1338749/000133874912000021/pch2012033110-q.htm"
    },
    {
        "date": "2011-12-31",
        "symbol": "PCH",
        "reportedCurrency": "USD",
        "cik": "0001338749",
        "fillingDate": "2012-02-17",
        "acceptedDate": "2012-02-17 14:24:59",
        "calendarYear": "2011",
        "period": "Q4",
        "revenue": 109927000,
        "costOfRevenue": 94778000,
        "grossProfit": 15149000,
        "grossProfitRatio": 0.1378096373,
        "researchAndDevelopmentExpenses": 0,
        "generalAndAdministrativeExpenses": 0,
        "sellingAndMarketingExpenses": 0,
        "sellingGeneralAndAdministrativeExpenses": 13281000,
        "otherExpenses": 0,
        "operatingExpenses": 13281000,
        "costAndExpenses": 108059000,
        "interestIncome": 0,
        "interestExpense": 6706000,
        "depreciationAndAmortization": 6176000,
        "ebitda": 8044000,
        "ebitdaratio": 0.0731758349,
        "operatingIncome": 1868000,
        "operatingIncomeRatio": 0.0169930954,
        "totalOtherIncomeExpensesNet": -6706000,
        "incomeBeforeTax": -4838000,
        "incomeBeforeTaxRatio": -0.0440110255,
        "incomeTaxExpense": -3360000,
        "netIncome": -1478000,
        "netIncomeRatio": -0.0134452864,
        "eps": -0.0368,
        "epsdiluted": -0.0366,
        "weightedAverageShsOut": 40195000,
        "weightedAverageShsOutDil": 40401000,
        "link": "https://www.sec.gov/Archives/edgar/data/1338749/000133874912000006/0001338749-12-000006-index.htm",
        "finalLink": "https://www.sec.gov/Archives/edgar/data/1338749/000133874912000006/pch10k2011.htm"
    },
    {
        "date": "2011-09-30",
        "symbol": "PCH",
        "reportedCurrency": "USD",
        "cik": "0001338749",
        "fillingDate": "2011-10-28",
        "acceptedDate": "2011-10-28 11:32:00",
        "calendarYear": "2011",
        "period": "Q3",
        "revenue": 152891000,
        "costOfRevenue": 108420000,
        "grossProfit": 44471000,
        "grossProfitRatio": 0.2908673499,
        "researchAndDevelopmentExpenses": 0,
        "generalAndAdministrativeExpenses": 0,
        "sellingAndMarketingExpenses": 0,
        "sellingGeneralAndAdministrativeExpenses": 7837000,
        "otherExpenses": 0,
        "operatingExpenses": 7837000,
        "costAndExpenses": 116257000,
        "interestIncome": 0,
        "interestExpense": 6632000,
        "depreciationAndAmortization": 9092000,
        "ebitda": 44546000,
        "ebitdaratio": 0.2913578955,
        "operatingIncome": 35454000,
        "operatingIncomeRatio": 0.2318906934,
        "totalOtherIncomeExpensesNet": -6632000,
        "incomeBeforeTax": 28822000,
        "incomeBeforeTaxRatio": 0.1885133854,
        "incomeTaxExpense": 3223000,
        "netIncome": 25599000,
        "netIncomeRatio": 0.1674330078,
        "eps": 0.64,
        "epsdiluted": 0.63,
        "weightedAverageShsOut": 40187000,
        "weightedAverageShsOutDil": 40380000,
        "link": "https://www.sec.gov/Archives/edgar/data/1338749/000133874911000005/0001338749-11-000005-index.htm",
        "finalLink": "https://www.sec.gov/Archives/edgar/data/1338749/000133874911000005/pch2011093010-q.htm"
    },
    {
        "date": "2011-06-30",
        "symbol": "PCH",
        "reportedCurrency": "USD",
        "cik": "0001338749",
        "fillingDate": "2011-08-01",
        "acceptedDate": "2011-08-01 15:02:00",
        "calendarYear": "2011",
        "period": "Q2",
        "revenue": 112370000,
        "costOfRevenue": 85906000,
        "grossProfit": 26464000,
        "grossProfitRatio": 0.2355076978,
        "researchAndDevelopmentExpenses": 0,
        "generalAndAdministrativeExpenses": 0,
        "sellingAndMarketingExpenses": 0,
        "sellingGeneralAndAdministrativeExpenses": 8704000,
        "otherExpenses": 0,
        "operatingExpenses": 8704000,
        "costAndExpenses": 94610000,
        "interestIncome": 0,
        "interestExpense": 6612000,
        "depreciationAndAmortization": 5158000,
        "ebitda": 22918000,
        "ebitdaratio": 0.2039512325,
        "operatingIncome": 17760000,
        "operatingIncomeRatio": 0.1580493014,
        "totalOtherIncomeExpensesNet": -6612000,
        "incomeBeforeTax": 11148000,
        "incomeBeforeTaxRatio": 0.0992079737,
        "incomeTaxExpense": 2699000,
        "netIncome": 8449000,
        "netIncomeRatio": 0.0751891074,
        "eps": 0.21,
        "epsdiluted": 0.21,
        "weightedAverageShsOut": 40174000,
        "weightedAverageShsOutDil": 40378000,
        "link": "https://www.sec.gov/Archives/edgar/data/1338749/000119312511204456/0001193125-11-204456-index.htm",
        "finalLink": "https://www.sec.gov/Archives/edgar/data/1338749/000119312511204456/d10q.htm"
    },
    {
        "date": "2011-03-31",
        "symbol": "PCH",
        "reportedCurrency": "USD",
        "cik": "0001338749",
        "fillingDate": "2011-04-29",
        "acceptedDate": "2011-04-29 15:17:17",
        "calendarYear": "2011",
        "period": "Q1",
        "revenue": 122233000,
        "costOfRevenue": 93148000,
        "grossProfit": 29085000,
        "grossProfitRatio": 0.2379471992,
        "researchAndDevelopmentExpenses": 0,
        "generalAndAdministrativeExpenses": 0,
        "sellingAndMarketingExpenses": 0,
        "sellingGeneralAndAdministrativeExpenses": 11927000,
        "otherExpenses": 0,
        "operatingExpenses": 11927000,
        "costAndExpenses": 105075000,
        "interestIncome": 0,
        "interestExpense": 7879000,
        "depreciationAndAmortization": 8666000,
        "ebitda": 25824000,
        "ebitdaratio": 0.2112686427,
        "operatingIncome": 17158000,
        "operatingIncomeRatio": 0.1403712582,
        "totalOtherIncomeExpensesNet": -7879000,
        "incomeBeforeTax": 9279000,
        "incomeBeforeTaxRatio": 0.0759123968,
        "incomeTaxExpense": 1583000,
        "netIncome": 7696000,
        "netIncomeRatio": 0.0629617206,
        "eps": 0.19,
        "epsdiluted": 0.19,
        "weightedAverageShsOut": 40078000,
        "weightedAverageShsOutDil": 40293000,
        "link": "https://www.sec.gov/Archives/edgar/data/1338749/000119312511118277/0001193125-11-118277-index.htm",
        "finalLink": "https://www.sec.gov/Archives/edgar/data/1338749/000119312511118277/d10q.htm"
    },
    {
        "date": "2010-12-31",
        "symbol": "PCH",
        "reportedCurrency": "USD",
        "cik": "0001338749",
        "fillingDate": "2011-02-23",
        "acceptedDate": "2011-02-23 13:10:03",
        "calendarYear": "2010",
        "period": "Q4",
        "revenue": 146174000,
        "costOfRevenue": 118359000,
        "grossProfit": 27815000,
        "grossProfitRatio": 0.1902869183,
        "researchAndDevelopmentExpenses": 0,
        "generalAndAdministrativeExpenses": 0,
        "sellingAndMarketingExpenses": 0,
        "sellingGeneralAndAdministrativeExpenses": 15535000,
        "otherExpenses": 0,
        "operatingExpenses": 15535000,
        "costAndExpenses": 133894000,
        "interestIncome": 0,
        "interestExpense": 0,
        "depreciationAndAmortization": 7566000,
        "ebitda": 19846000,
        "ebitdaratio": 0.1357696991,
        "operatingIncome": 12280000,
        "operatingIncomeRatio": 0.0840094682,
        "totalOtherIncomeExpensesNet": -6745000,
        "incomeBeforeTax": 5535000,
        "incomeBeforeTaxRatio": 0.0378658311,
        "incomeTaxExpense": -3364000,
        "netIncome": 9376000,
        "netIncomeRatio": 0.064142734,
        "eps": 0.23,
        "epsdiluted": 0.23,
        "weightedAverageShsOut": 40022292,
        "weightedAverageShsOutDil": 40078000,
        "link": "https://www.sec.gov/Archives/edgar/data/1338749/000119312511043305/0001193125-11-043305-index.htm",
        "finalLink": "https://www.sec.gov/Archives/edgar/data/1338749/000119312511043305/d10k.htm"
    },
    {
        "date": "2010-09-30",
        "symbol": "PCH",
        "reportedCurrency": "USD",
        "cik": "0001338749",
        "fillingDate": "2010-10-29",
        "acceptedDate": "2010-10-28 17:38:09",
        "calendarYear": "2010",
        "period": "Q3",
        "revenue": 158877000,
        "costOfRevenue": 122205000,
        "grossProfit": 36672000,
        "grossProfitRatio": 0.2308200684,
        "researchAndDevelopmentExpenses": 0,
        "generalAndAdministrativeExpenses": 0,
        "sellingAndMarketingExpenses": 0,
        "sellingGeneralAndAdministrativeExpenses": 10062000,
        "otherExpenses": 0,
        "operatingExpenses": 10062000,
        "costAndExpenses": 132267000,
        "interestIncome": 0,
        "interestExpense": 6858000,
        "depreciationAndAmortization": 9426000,
        "ebitda": 36036000,
        "ebitdaratio": 0.2268169716,
        "operatingIncome": 26610000,
        "operatingIncomeRatio": 0.1674880568,
        "totalOtherIncomeExpensesNet": -6858000,
        "incomeBeforeTax": 19752000,
        "incomeBeforeTaxRatio": 0.1243225892,
        "incomeTaxExpense": 1588000,
        "netIncome": 18080000,
        "netIncomeRatio": 0.1137987248,
        "eps": 0.45,
        "epsdiluted": 0.45,
        "weightedAverageShsOut": 40000000,
        "weightedAverageShsOutDil": 40234000,
        "link": "https://www.sec.gov/Archives/edgar/data/1338749/000119312510240011/0001193125-10-240011-index.htm",
        "finalLink": "https://www.sec.gov/Archives/edgar/data/1338749/000119312510240011/d10q.htm"
    },
    {
        "date": "2010-06-30",
        "symbol": "PCH",
        "reportedCurrency": "USD",
        "cik": "0001338749",
        "fillingDate": "2010-07-30",
        "acceptedDate": "2010-07-29 17:32:45",
        "calendarYear": "2010",
        "period": "Q2",
        "revenue": 128978000,
        "costOfRevenue": 97295000,
        "grossProfit": 31683000,
        "grossProfitRatio": 0.2456465444,
        "researchAndDevelopmentExpenses": 0,
        "generalAndAdministrativeExpenses": 0,
        "sellingAndMarketingExpenses": 0,
        "sellingGeneralAndAdministrativeExpenses": 9401000,
        "otherExpenses": 0,
        "operatingExpenses": 9401000,
        "costAndExpenses": 106696000,
        "interestIncome": 0,
        "interestExpense": 7089000,
        "depreciationAndAmortization": 7074000,
        "ebitda": 29356000,
        "ebitdaratio": 0.2276047078,
        "operatingIncome": 22282000,
        "operatingIncomeRatio": 0.1727581448,
        "totalOtherIncomeExpensesNet": -7089000,
        "incomeBeforeTax": 15193000,
        "incomeBeforeTaxRatio": 0.1177952829,
        "incomeTaxExpense": 3365000,
        "netIncome": 11743000,
        "netIncomeRatio": 0.0910465351,
        "eps": 0.29,
        "epsdiluted": 0.29,
        "weightedAverageShsOut": 39972000,
        "weightedAverageShsOutDil": 40211000,
        "link": "https://www.sec.gov/Archives/edgar/data/1338749/000119312510170883/0001193125-10-170883-index.htm",
        "finalLink": "https://www.sec.gov/Archives/edgar/data/1338749/000119312510170883/d10q.htm"
    },
    {
        "date": "2010-03-31",
        "symbol": "PCH",
        "reportedCurrency": "USD",
        "cik": "0001338749",
        "fillingDate": "2010-04-29",
        "acceptedDate": "2010-04-28 18:27:02",
        "calendarYear": "2010",
        "period": "Q1",
        "revenue": 105418000,
        "costOfRevenue": 85494000,
        "grossProfit": 19924000,
        "grossProfitRatio": 0.188999981,
        "researchAndDevelopmentExpenses": 0,
        "generalAndAdministrativeExpenses": 0,
        "sellingAndMarketingExpenses": 0,
        "sellingGeneralAndAdministrativeExpenses": 8445000,
        "otherExpenses": 0,
        "operatingExpenses": 8445000,
        "costAndExpenses": 93939000,
        "interestIncome": 0,
        "interestExpense": 7088000,
        "depreciationAndAmortization": 7138000,
        "ebitda": 18617000,
        "ebitdaratio": 0.1766017189,
        "operatingIncome": 11479000,
        "operatingIncomeRatio": 0.1088903223,
        "totalOtherIncomeExpensesNet": -7088000,
        "incomeBeforeTax": 4391000,
        "incomeBeforeTaxRatio": 0.0416532281,
        "incomeTaxExpense": 3007000,
        "netIncome": 1195000,
        "netIncomeRatio": 0.011335825,
        "eps": 0.03,
        "epsdiluted": 0.03,
        "weightedAverageShsOut": 39887000,
        "weightedAverageShsOutDil": 40100000,
        "link": "https://www.sec.gov/Archives/edgar/data/1338749/000119312510097046/0001193125-10-097046-index.htm",
        "finalLink": "https://www.sec.gov/Archives/edgar/data/1338749/000119312510097046/d10q.htm"
    },
    {
        "date": "2009-12-31",
        "symbol": "PCH",
        "reportedCurrency": "USD",
        "cik": "0001338749",
        "fillingDate": "2010-02-18",
        "acceptedDate": "2010-02-18 12:02:04",
        "calendarYear": "2009",
        "period": "Q4",
        "revenue": 104078000,
        "costOfRevenue": 107769000,
        "grossProfit": -3691000,
        "grossProfitRatio": -0.0354637868,
        "researchAndDevelopmentExpenses": 0,
        "generalAndAdministrativeExpenses": 0,
        "sellingAndMarketingExpenses": 0,
        "sellingGeneralAndAdministrativeExpenses": 14836000,
        "otherExpenses": -26906000,
        "operatingExpenses": -12070000,
        "costAndExpenses": 95699000,
        "interestIncome": -45000,
        "interestExpense": 7105000,
        "depreciationAndAmortization": 7809000,
        "ebitda": 13149000,
        "ebitdaratio": 0.1263379389,
        "operatingIncome": 5385000,
        "operatingIncomeRatio": 0.0517400411,
        "totalOtherIncomeExpensesNet": -7150000,
        "incomeBeforeTax": -1765000,
        "incomeBeforeTaxRatio": -0.016958435,
        "incomeTaxExpense": -4711000,
        "netIncome": 2903000,
        "netIncomeRatio": 0.0278925421,
        "eps": 0.0728,
        "epsdiluted": 0.0728,
        "weightedAverageShsOut": 39799360,
        "weightedAverageShsOutDil": 39887000,
        "link": "https://www.sec.gov/Archives/edgar/data/1338749/000119312510033994/0001193125-10-033994-index.htm",
        "finalLink": "https://www.sec.gov/Archives/edgar/data/1338749/000119312510033994/d10k.htm"
    },
    {
        "date": "2009-09-30",
        "symbol": "PCH",
        "reportedCurrency": "USD",
        "cik": "0001338749",
        "fillingDate": "2009-10-26",
        "acceptedDate": "2009-10-26 16:31:46",
        "calendarYear": "2009",
        "period": "Q3",
        "revenue": 163716000,
        "costOfRevenue": 89614000,
        "grossProfit": 74102000,
        "grossProfitRatio": 0.4526252779,
        "researchAndDevelopmentExpenses": 0,
        "generalAndAdministrativeExpenses": 0,
        "sellingAndMarketingExpenses": 0,
        "sellingGeneralAndAdministrativeExpenses": 13930000,
        "otherExpenses": 15388000,
        "operatingExpenses": 29318000,
        "costAndExpenses": 118932000,
        "interestIncome": 7000,
        "interestExpense": 5102000,
        "depreciationAndAmortization": 15388000,
        "ebitda": 60172000,
        "ebitdaratio": 0.3675389088,
        "operatingIncome": 44784000,
        "operatingIncomeRatio": 0.2735468739,
        "totalOtherIncomeExpensesNet": -5095000,
        "incomeBeforeTax": 39689000,
        "incomeBeforeTaxRatio": 0.2424259083,
        "incomeTaxExpense": -6333000,
        "netIncome": 45839000,
        "netIncomeRatio": 0.27999096,
        "eps": 1.15,
        "epsdiluted": 1.15,
        "weightedAverageShsOut": 39765000,
        "weightedAverageShsOutDil": 39920000,
        "link": "https://www.sec.gov/Archives/edgar/data/1338749/000119312509213818/0001193125-09-213818-index.htm",
        "finalLink": "https://www.sec.gov/Archives/edgar/data/1338749/000119312509213818/d10q.htm"
    },
    {
        "date": "2009-06-30",
        "symbol": "PCH",
        "reportedCurrency": "USD",
        "cik": "0001338749",
        "fillingDate": "2009-07-30",
        "acceptedDate": "2009-07-30 14:25:07",
        "calendarYear": "2009",
        "period": "Q2",
        "revenue": 78782000,
        "costOfRevenue": 63113000,
        "grossProfit": 15669000,
        "grossProfitRatio": 0.1988906095,
        "researchAndDevelopmentExpenses": 0,
        "generalAndAdministrativeExpenses": 0,
        "sellingAndMarketingExpenses": 0,
        "sellingGeneralAndAdministrativeExpenses": 10139000,
        "otherExpenses": 4906000,
        "operatingExpenses": 15045000,
        "costAndExpenses": 78158000,
        "interestIncome": 8000,
        "interestExpense": 4880000,
        "depreciationAndAmortization": 4906000,
        "ebitda": 5530000,
        "ebitdaratio": 0.0701936991,
        "operatingIncome": 624000,
        "operatingIncomeRatio": 0.007920591,
        "totalOtherIncomeExpensesNet": -4872000,
        "incomeBeforeTax": -4248000,
        "incomeBeforeTaxRatio": -0.0539209464,
        "incomeTaxExpense": -7940000,
        "netIncome": 3766000,
        "netIncomeRatio": 0.0478027976,
        "eps": 0.09,
        "epsdiluted": 0.09,
        "weightedAverageShsOut": 39745000,
        "weightedAverageShsOutDil": 39869000,
        "link": "https://www.sec.gov/Archives/edgar/data/1338749/000119312509159357/0001193125-09-159357-index.htm",
        "finalLink": "https://www.sec.gov/Archives/edgar/data/1338749/000119312509159357/d10q.htm"
    },
    {
        "date": "2009-03-31",
        "symbol": "PCH",
        "reportedCurrency": "USD",
        "cik": "0001338749",
        "fillingDate": "2009-04-28",
        "acceptedDate": "2009-04-28 16:13:16",
        "calendarYear": "2009",
        "period": "Q1",
        "revenue": 129593000,
        "costOfRevenue": 77893000,
        "grossProfit": 51700000,
        "grossProfitRatio": 0.3989413008,
        "researchAndDevelopmentExpenses": 0,
        "generalAndAdministrativeExpenses": 0,
        "sellingAndMarketingExpenses": 0,
        "sellingGeneralAndAdministrativeExpenses": 9177000,
        "otherExpenses": 6612000,
        "operatingExpenses": 15789000,
        "costAndExpenses": 93682000,
        "interestIncome": 30000,
        "interestExpense": 4834000,
        "depreciationAndAmortization": 6612000,
        "ebitda": 42523000,
        "ebitdaratio": 0.3281272908,
        "operatingIncome": 35911000,
        "operatingIncomeRatio": 0.2771060165,
        "totalOtherIncomeExpensesNet": -4804000,
        "incomeBeforeTax": 31107000,
        "incomeBeforeTaxRatio": 0.2400361131,
        "incomeTaxExpense": 2336000,
        "netIncome": 24820000,
        "netIncomeRatio": 0.1915226903,
        "eps": 0.62,
        "epsdiluted": 0.62,
        "weightedAverageShsOut": 39742000,
        "weightedAverageShsOutDil": 39848000,
        "link": "https://www.sec.gov/Archives/edgar/data/1338749/000119312509090067/0001193125-09-090067-index.htm",
        "finalLink": "https://www.sec.gov/Archives/edgar/data/1338749/000119312509090067/d10q.htm"
    },
    {
        "date": "2008-12-31",
        "symbol": "PCH",
        "reportedCurrency": "USD",
        "cik": "0001338749",
        "fillingDate": "2009-03-02",
        "acceptedDate": "2009-03-02 15:36:13",
        "calendarYear": "2008",
        "period": "Q4",
        "revenue": -849919000,
        "costOfRevenue": -781395000,
        "grossProfit": -68524000,
        "grossProfitRatio": 0.0806241536,
        "researchAndDevelopmentExpenses": 0,
        "generalAndAdministrativeExpenses": 0,
        "sellingAndMarketingExpenses": 0,
        "sellingGeneralAndAdministrativeExpenses": -18843000,
        "otherExpenses": -27051000,
        "operatingExpenses": -45894000,
        "costAndExpenses": -827289000,
        "interestIncome": 0,
        "interestExpense": 0,
        "depreciationAndAmortization": -27051000,
        "ebitda": -49010000,
        "ebitdaratio": 0.0576643186,
        "operatingIncome": -22630000,
        "operatingIncomeRatio": 0.0266260667,
        "totalOtherIncomeExpensesNet": 4574000,
        "incomeBeforeTax": -18056000,
        "incomeBeforeTaxRatio": 0.0212443774,
        "incomeTaxExpense": -14972000,
        "netIncome": -4350000,
        "netIncomeRatio": 0.0051181348,
        "eps": -0.11,
        "epsdiluted": -0.11,
        "weightedAverageShsOut": 39599516,
        "weightedAverageShsOutDil": 39742000,
        "link": "https://www.sec.gov/Archives/edgar/data/1338749/000119312509042452/0001193125-09-042452-index.htm",
        "finalLink": "https://www.sec.gov/Archives/edgar/data/1338749/000119312509042452/d10k.htm"
    },
    {
        "date": "2008-09-30",
        "symbol": "PCH",
        "reportedCurrency": "USD",
        "cik": "0001338749",
        "fillingDate": "2008-10-27",
        "acceptedDate": "2008-10-27 14:33:50",
        "calendarYear": "2008",
        "period": "Q3",
        "revenue": 457075000,
        "costOfRevenue": 387436000,
        "grossProfit": 69639000,
        "grossProfitRatio": 0.1523579281,
        "researchAndDevelopmentExpenses": 0,
        "generalAndAdministrativeExpenses": 0,
        "sellingAndMarketingExpenses": 0,
        "sellingGeneralAndAdministrativeExpenses": 19908000,
        "otherExpenses": 21069000,
        "operatingExpenses": 40977000,
        "costAndExpenses": 428413000,
        "interestIncome": 98000,
        "interestExpense": 4857000,
        "depreciationAndAmortization": 21069000,
        "ebitda": 49731000,
        "ebitdaratio": 0.1088027129,
        "operatingIncome": 28662000,
        "operatingIncomeRatio": 0.0627074331,
        "totalOtherIncomeExpensesNet": -9392000,
        "incomeBeforeTax": 20654000,
        "incomeBeforeTaxRatio": 0.0451873325,
        "incomeTaxExpense": -5061000,
        "netIncome": 25250000,
        "netIncomeRatio": 0.0552425751,
        "eps": 0.64,
        "epsdiluted": 0.63,
        "weightedAverageShsOut": 39515000,
        "weightedAverageShsOutDil": 39793000,
        "link": "https://www.sec.gov/Archives/edgar/data/1338749/000119312508216792/0001193125-08-216792-index.htm",
        "finalLink": "https://www.sec.gov/Archives/edgar/data/1338749/000119312508216792/d10q.htm"
    },
    {
        "date": "2008-06-30",
        "symbol": "PCH",
        "reportedCurrency": "USD",
        "cik": "0001338749",
        "fillingDate": "2008-07-28",
        "acceptedDate": "2008-07-28 16:41:00",
        "calendarYear": "2008",
        "period": "Q2",
        "revenue": 415404000,
        "costOfRevenue": 346367000,
        "grossProfit": 69037000,
        "grossProfitRatio": 0.1661924295,
        "researchAndDevelopmentExpenses": 0,
        "generalAndAdministrativeExpenses": 0,
        "sellingAndMarketingExpenses": 0,
        "sellingGeneralAndAdministrativeExpenses": 21646000,
        "otherExpenses": 16906000,
        "operatingExpenses": 38552000,
        "costAndExpenses": 384919000,
        "interestIncome": 126000,
        "interestExpense": 5392000,
        "depreciationAndAmortization": 16906000,
        "ebitda": 27222000,
        "ebitdaratio": 0.0655313863,
        "operatingIncome": 30485000,
        "operatingIncomeRatio": 0.0733863901,
        "totalOtherIncomeExpensesNet": -5266000,
        "incomeBeforeTax": 21968000,
        "incomeBeforeTaxRatio": 0.052883458,
        "incomeTaxExpense": -291000,
        "netIncome": 21479000,
        "netIncomeRatio": 0.0517062907,
        "eps": 0.54,
        "epsdiluted": 0.54,
        "weightedAverageShsOut": 39459000,
        "weightedAverageShsOutDil": 39696000,
        "link": "https://www.sec.gov/Archives/edgar/data/1338749/000119312508159066/0001193125-08-159066-index.htm",
        "finalLink": "https://www.sec.gov/Archives/edgar/data/1338749/000119312508159066/d10q.htm"
    },
    {
        "date": "2008-03-31",
        "symbol": "PCH",
        "reportedCurrency": "USD",
        "cik": "0001338749",
        "fillingDate": "2008-04-28",
        "acceptedDate": "2008-04-28 15:12:42",
        "calendarYear": "2008",
        "period": "Q1",
        "revenue": 417397000,
        "costOfRevenue": 347771000,
        "grossProfit": 69626000,
        "grossProfitRatio": 0.1668100154,
        "researchAndDevelopmentExpenses": 0,
        "generalAndAdministrativeExpenses": 0,
        "sellingAndMarketingExpenses": 0,
        "sellingGeneralAndAdministrativeExpenses": 25731000,
        "otherExpenses": 19229000,
        "operatingExpenses": 44960000,
        "costAndExpenses": 392731000,
        "interestIncome": 328000,
        "interestExpense": 5281000,
        "depreciationAndAmortization": 19229000,
        "ebitda": 43895000,
        "ebitdaratio": 0.1051636691,
        "operatingIncome": 24666000,
        "operatingIncomeRatio": 0.0590948186,
        "totalOtherIncomeExpensesNet": -8591000,
        "incomeBeforeTax": 16463000,
        "incomeBeforeTaxRatio": 0.0394420659,
        "incomeTaxExpense": -7489000,
        "netIncome": 10259000,
        "netIncomeRatio": 0.0245785188,
        "eps": 0.26,
        "epsdiluted": 0.26,
        "weightedAverageShsOut": 39316000,
        "weightedAverageShsOutDil": 39536000,
        "link": "https://www.sec.gov/Archives/edgar/data/1338749/000119312508092752/0001193125-08-092752-index.htm",
        "finalLink": "https://www.sec.gov/Archives/edgar/data/1338749/000119312508092752/d10q.htm"
    },
    {
        "date": "2007-12-31",
        "symbol": "PCH",
        "reportedCurrency": "USD",
        "cik": "0001338749",
        "fillingDate": "2008-02-20",
        "acceptedDate": "2008-02-20 16:12:14",
        "calendarYear": "2007",
        "period": "Q4",
        "revenue": 417035000,
        "costOfRevenue": 356282000,
        "grossProfit": 60753000,
        "grossProfitRatio": 0.1456784203,
        "researchAndDevelopmentExpenses": 0,
        "generalAndAdministrativeExpenses": 0,
        "sellingAndMarketingExpenses": 0,
        "sellingGeneralAndAdministrativeExpenses": 25366000,
        "otherExpenses": 20548000,
        "operatingExpenses": 45914000,
        "costAndExpenses": 402196000,
        "interestIncome": 0,
        "interestExpense": 0,
        "depreciationAndAmortization": 20548000,
        "ebitda": 35387000,
        "ebitdaratio": 0.0848537893,
        "operatingIncome": 14877000,
        "operatingIncomeRatio": 0.0356732648,
        "totalOtherIncomeExpensesNet": -8100000,
        "incomeBeforeTax": 6777000,
        "incomeBeforeTaxRatio": 0.0162504346,
        "incomeTaxExpense": -4379000,
        "netIncome": 11245000,
        "netIncomeRatio": 0.0269641637,
        "eps": 0.29,
        "epsdiluted": 0.29,
        "weightedAverageShsOut": 39224292,
        "weightedAverageShsOutDil": 39316000,
        "link": "https://www.sec.gov/Archives/edgar/data/1338749/000119312508034507/0001193125-08-034507-index.htm",
        "finalLink": "https://www.sec.gov/Archives/edgar/data/1338749/000119312508034507/d10k.htm"
    },
    {
        "date": "2007-09-30",
        "symbol": "PCH",
        "reportedCurrency": "USD",
        "cik": "0001338749",
        "fillingDate": "2007-10-29",
        "acceptedDate": "2007-10-29 14:51:20",
        "calendarYear": "2007",
        "period": "Q3",
        "revenue": 436066000,
        "costOfRevenue": 347179000,
        "grossProfit": 88887000,
        "grossProfitRatio": 0.2038384098,
        "researchAndDevelopmentExpenses": 0,
        "generalAndAdministrativeExpenses": 0,
        "sellingAndMarketingExpenses": 0,
        "sellingGeneralAndAdministrativeExpenses": 23244000,
        "otherExpenses": 20864000,
        "operatingExpenses": 44108000,
        "costAndExpenses": 391287000,
        "interestIncome": 0,
        "interestExpense": 0,
        "depreciationAndAmortization": 20864000,
        "ebitda": 65643000,
        "ebitdaratio": 0.1505345521,
        "operatingIncome": 44920000,
        "operatingIncomeRatio": 0.1030119294,
        "totalOtherIncomeExpensesNet": -6334000,
        "incomeBeforeTax": 38586000,
        "incomeBeforeTaxRatio": 0.0884866052,
        "incomeTaxExpense": -2581000,
        "netIncome": 41013000,
        "netIncomeRatio": 0.0940522765,
        "eps": 1.05,
        "epsdiluted": 1.04,
        "weightedAverageShsOut": 39172000,
        "weightedAverageShsOutDil": 39415000,
        "link": "https://www.sec.gov/Archives/edgar/data/1338749/000119312507228097/0001193125-07-228097-index.htm",
        "finalLink": "https://www.sec.gov/Archives/edgar/data/1338749/000119312507228097/d10q.htm"
    },
    {
        "date": "2007-06-30",
        "symbol": "PCH",
        "reportedCurrency": "USD",
        "cik": "0001338749",
        "fillingDate": "2007-07-30",
        "acceptedDate": "2007-07-30 17:13:18",
        "calendarYear": "2007",
        "period": "Q2",
        "revenue": 414714000,
        "costOfRevenue": 325985000,
        "grossProfit": 88729000,
        "grossProfitRatio": 0.2139522659,
        "researchAndDevelopmentExpenses": 0,
        "generalAndAdministrativeExpenses": 0,
        "sellingAndMarketingExpenses": 0,
        "sellingGeneralAndAdministrativeExpenses": 20987000,
        "otherExpenses": 19320000,
        "operatingExpenses": 40307000,
        "costAndExpenses": 366292000,
        "interestIncome": 0,
        "interestExpense": 0,
        "depreciationAndAmortization": 19320000,
        "ebitda": 68582000,
        "ebitdaratio": 0.1653717984,
        "operatingIncome": 48387000,
        "operatingIncomeRatio": 0.1166755885,
        "totalOtherIncomeExpensesNet": -6744000,
        "incomeBeforeTax": 41643000,
        "incomeBeforeTaxRatio": 0.1004137791,
        "incomeTaxExpense": 6250000,
        "netIncome": 33950000,
        "netIncomeRatio": 0.0818636458,
        "eps": 0.87,
        "epsdiluted": 0.87,
        "weightedAverageShsOut": 39027000,
        "weightedAverageShsOutDil": 39242000,
        "link": "https://www.sec.gov/Archives/edgar/data/1338749/000119312507165509/0001193125-07-165509-index.htm",
        "finalLink": "https://www.sec.gov/Archives/edgar/data/1338749/000119312507165509/d10q.htm"
    },
    {
        "date": "2007-03-31",
        "symbol": "PCH",
        "reportedCurrency": "USD",
        "cik": "0001338749",
        "fillingDate": "2007-04-30",
        "acceptedDate": "2007-04-30 15:45:47",
        "calendarYear": "2007",
        "period": "Q1",
        "revenue": 386206000,
        "costOfRevenue": 335745000,
        "grossProfit": 50461000,
        "grossProfitRatio": 0.1306582497,
        "researchAndDevelopmentExpenses": 0,
        "generalAndAdministrativeExpenses": 0,
        "sellingAndMarketingExpenses": 0,
        "sellingGeneralAndAdministrativeExpenses": 20891000,
        "otherExpenses": 22149000,
        "operatingExpenses": 43040000,
        "costAndExpenses": 378785000,
        "interestIncome": 0,
        "interestExpense": 0,
        "depreciationAndAmortization": 19352000,
        "ebitda": 24790000,
        "ebitdaratio": 0.0641885419,
        "operatingIncome": 7421000,
        "operatingIncomeRatio": 0.0192151339,
        "totalOtherIncomeExpensesNet": -6623000,
        "incomeBeforeTax": 171000,
        "incomeBeforeTaxRatio": 0.0004427689,
        "incomeTaxExpense": -5267000,
        "netIncome": -29776000,
        "netIncomeRatio": -0.0770987504,
        "eps": -0.76,
        "epsdiluted": -0.76,
        "weightedAverageShsOut": 38948000,
        "weightedAverageShsOutDil": 39166000,
        "link": "https://www.sec.gov/Archives/edgar/data/1338749/000119312507095832/0001193125-07-095832-index.htm",
        "finalLink": "https://www.sec.gov/Archives/edgar/data/1338749/000119312507095832/d10q.htm"
    },
    {
        "date": "2006-12-31",
        "symbol": "PCH",
        "reportedCurrency": "USD",
        "cik": "0001338749",
        "fillingDate": "2007-02-23",
        "acceptedDate": "2007-02-23 15:30:39",
        "calendarYear": "2006",
        "period": "Q4",
        "revenue": 392615000,
        "costOfRevenue": 319002000,
        "grossProfit": 73613000,
        "grossProfitRatio": 0.18749411,
        "researchAndDevelopmentExpenses": 0,
        "generalAndAdministrativeExpenses": 0,
        "sellingAndMarketingExpenses": 0,
        "sellingGeneralAndAdministrativeExpenses": 22706000,
        "otherExpenses": -16294000,
        "operatingExpenses": 6412000,
        "costAndExpenses": 325414000,
        "interestIncome": 0,
        "interestExpense": 0,
        "depreciationAndAmortization": 23026000,
        "ebitda": 90227000,
        "ebitdaratio": 0.229810374,
        "operatingIncome": 67201000,
        "operatingIncomeRatio": 0.1711625893,
        "totalOtherIncomeExpensesNet": -6785000,
        "incomeBeforeTax": 60416000,
        "incomeBeforeTaxRatio": 0.1538810285,
        "incomeTaxExpense": 16309000,
        "netIncome": 44107000,
        "netIncomeRatio": 0.1123416069,
        "eps": 1.13,
        "epsdiluted": 1.13,
        "weightedAverageShsOut": 38948000,
        "weightedAverageShsOutDil": 38948000,
        "link": "https://www.sec.gov/Archives/edgar/data/1338749/000119312507038308/0001193125-07-038308-index.htm",
        "finalLink": "https://www.sec.gov/Archives/edgar/data/1338749/000119312507038308/d10k.htm"
    },
    {
        "date": "2006-09-30",
        "symbol": "PCH",
        "reportedCurrency": "USD",
        "cik": "0001338749",
        "fillingDate": "2006-11-07",
        "acceptedDate": "2006-11-07 15:41:27",
        "calendarYear": "2006",
        "period": "Q3",
        "revenue": 398108000,
        "costOfRevenue": 334625000,
        "grossProfit": 63483000,
        "grossProfitRatio": 0.1594617541,
        "researchAndDevelopmentExpenses": 0,
        "generalAndAdministrativeExpenses": 0,
        "sellingAndMarketingExpenses": 0,
        "sellingGeneralAndAdministrativeExpenses": 23206000,
        "otherExpenses": 22989000,
        "operatingExpenses": 46195000,
        "costAndExpenses": 380820000,
        "interestIncome": 0,
        "interestExpense": 0,
        "depreciationAndAmortization": 22989000,
        "ebitda": 40224000,
        "ebitdaratio": 0.1010379093,
        "operatingIncome": 17288000,
        "operatingIncomeRatio": 0.0434254022,
        "totalOtherIncomeExpensesNet": 1122000,
        "incomeBeforeTax": 10467000,
        "incomeBeforeTaxRatio": 0.0262918605,
        "incomeTaxExpense": -13765000,
        "netIncome": 25697000,
        "netIncomeRatio": 0.0645478111,
        "eps": 0.66,
        "epsdiluted": 0.66,
        "weightedAverageShsOut": 38724000,
        "weightedAverageShsOutDil": 38858000,
        "link": "https://www.sec.gov/Archives/edgar/data/1338749/000119312506226595/0001193125-06-226595-index.htm",
        "finalLink": "https://www.sec.gov/Archives/edgar/data/1338749/000119312506226595/d10q.htm"
    },
    {
        "date": "2006-06-30",
        "symbol": "PCH",
        "reportedCurrency": "USD",
        "cik": "0001338749",
        "fillingDate": "2006-08-04",
        "acceptedDate": "2006-08-04 14:44:47",
        "calendarYear": "2006",
        "period": "Q2",
        "revenue": 414623000,
        "costOfRevenue": 353917000,
        "grossProfit": 60706000,
        "grossProfitRatio": 0.1464125241,
        "researchAndDevelopmentExpenses": 0,
        "generalAndAdministrativeExpenses": 0,
        "sellingAndMarketingExpenses": 0,
        "sellingGeneralAndAdministrativeExpenses": 22093000,
        "otherExpenses": 22314000,
        "operatingExpenses": 44407000,
        "costAndExpenses": 398324000,
        "interestIncome": 0,
        "interestExpense": 0,
        "depreciationAndAmortization": 22314000,
        "ebitda": 38613000,
        "ebitdaratio": 0.0931279741,
        "operatingIncome": 16299000,
        "operatingIncomeRatio": 0.0393104097,
        "totalOtherIncomeExpensesNet": -7028000,
        "incomeBeforeTax": 9271000,
        "incomeBeforeTaxRatio": 0.0223600717,
        "incomeTaxExpense": 1273000,
        "netIncome": 7998000,
        "netIncomeRatio": 0.0192898127,
        "eps": 0.21,
        "epsdiluted": 0.21,
        "weightedAverageShsOut": 38681000,
        "weightedAverageShsOutDil": 38819000,
        "link": "https://www.sec.gov/Archives/edgar/data/1338749/000119312506162239/0001193125-06-162239-index.htm",
        "finalLink": "https://www.sec.gov/Archives/edgar/data/1338749/000119312506162239/d10q.htm"
    },
    {
        "date": "2006-03-31",
        "symbol": "PCH",
        "reportedCurrency": "USD",
        "cik": "0001338749",
        "fillingDate": "2006-05-09",
        "acceptedDate": "2006-05-09 12:41:24",
        "calendarYear": "2006",
        "period": "Q1",
        "revenue": 402481000,
        "costOfRevenue": 339706000,
        "grossProfit": 62775000,
        "grossProfitRatio": 0.1559700955,
        "researchAndDevelopmentExpenses": 0,
        "generalAndAdministrativeExpenses": 0,
        "sellingAndMarketingExpenses": 0,
        "sellingGeneralAndAdministrativeExpenses": 23647000,
        "otherExpenses": 22692000,
        "operatingExpenses": 46339000,
        "costAndExpenses": 386045000,
        "interestIncome": 0,
        "interestExpense": 0,
        "depreciationAndAmortization": 22692000,
        "ebitda": 39128000,
        "ebitdaratio": 0.0972170115,
        "operatingIncome": 16436000,
        "operatingIncomeRatio": 0.0408367103,
        "totalOtherIncomeExpensesNet": 2341000,
        "incomeBeforeTax": 9879000,
        "incomeBeforeTaxRatio": 0.024545258,
        "incomeTaxExpense": -52894000,
        "netIncome": 69314000,
        "netIncomeRatio": 0.1722168251,
        "eps": 2.22,
        "epsdiluted": 2.21,
        "weightedAverageShsOut": 29563000,
        "weightedAverageShsOutDil": 29740000,
        "link": "https://www.sec.gov/Archives/edgar/data/1338749/000119312506104933/0001193125-06-104933-index.htm",
        "finalLink": "https://www.sec.gov/Archives/edgar/data/1338749/000119312506104933/d10q.htm"
    },
    {
        "date": "2005-12-31",
        "symbol": "PCH",
        "reportedCurrency": "USD",
        "cik": "0001338749",
        "fillingDate": "2006-02-24",
        "acceptedDate": "2006-02-24 13:18:18",
        "calendarYear": "2005",
        "period": "Q4",
        "revenue": 387639000,
        "costOfRevenue": 321689000,
        "grossProfit": 65950000,
        "grossProfitRatio": 0.1701325202,
        "researchAndDevelopmentExpenses": 0,
        "generalAndAdministrativeExpenses": 0,
        "sellingAndMarketingExpenses": 0,
        "sellingGeneralAndAdministrativeExpenses": 23602000,
        "otherExpenses": 25235000,
        "operatingExpenses": 48837000,
        "costAndExpenses": 370526000,
        "interestIncome": 0,
        "interestExpense": 0,
        "depreciationAndAmortization": 25235000,
        "ebitda": 42348000,
        "ebitdaratio": 0.1092459737,
        "operatingIncome": 17113000,
        "operatingIncomeRatio": 0.0441467448,
        "totalOtherIncomeExpensesNet": -6644000,
        "incomeBeforeTax": 10469000,
        "incomeBeforeTaxRatio": 0.0270070865,
        "incomeTaxExpense": 551000,
        "netIncome": 9918000,
        "netIncomeRatio": 0.0255856609,
        "eps": 0.34,
        "epsdiluted": 0.34,
        "weightedAverageShsOut": 29179000,
        "weightedAverageShsOutDil": 29179000,
        "link": "https://www.sec.gov/Archives/edgar/data/1338749/000119312506038583/0001193125-06-038583-index.htm",
        "finalLink": "https://www.sec.gov/Archives/edgar/data/1338749/000119312506038583/d10k.htm"
    },
    {
        "date": "2005-09-30",
        "symbol": "PCH",
        "reportedCurrency": "USD",
        "cik": "0001338749",
        "fillingDate": "2005-09-30",
        "acceptedDate": "2005-09-29 20:00:00",
        "calendarYear": "2005",
        "period": "Q3",
        "revenue": 404662000,
        "costOfRevenue": 337563000,
        "grossProfit": 67099000,
        "grossProfitRatio": 0.165814927,
        "researchAndDevelopmentExpenses": 0,
        "generalAndAdministrativeExpenses": 0,
        "sellingAndMarketingExpenses": 0,
        "sellingGeneralAndAdministrativeExpenses": 19197000,
        "otherExpenses": 23449000,
        "operatingExpenses": 42646000,
        "costAndExpenses": 380209000,
        "interestIncome": 0,
        "interestExpense": 0,
        "depreciationAndAmortization": 23449000,
        "ebitda": 47902000,
        "ebitdaratio": 0.1183753355,
        "operatingIncome": 24453000,
        "operatingIncomeRatio": 0.0604282092,
        "totalOtherIncomeExpensesNet": -6722000,
        "incomeBeforeTax": 17731000,
        "incomeBeforeTaxRatio": 0.043816815,
        "incomeTaxExpense": 6641000,
        "netIncome": 11090000,
        "netIncomeRatio": 0.0274055879,
        "eps": 0.38,
        "epsdiluted": 0.38,
        "weightedAverageShsOut": 29179000,
        "weightedAverageShsOutDil": 29401000,
        "link": "",
        "finalLink": ""
    },
    {
        "date": "2005-06-30",
        "symbol": "PCH",
        "reportedCurrency": "USD",
        "cik": "0001338749",
        "fillingDate": "2005-06-30",
        "acceptedDate": "2005-06-29 20:00:00",
        "calendarYear": "2005",
        "period": "Q2",
        "revenue": 367649000,
        "costOfRevenue": 305325000,
        "grossProfit": 62324000,
        "grossProfitRatio": 0.1695203849,
        "researchAndDevelopmentExpenses": 0,
        "generalAndAdministrativeExpenses": 0,
        "sellingAndMarketingExpenses": 0,
        "sellingGeneralAndAdministrativeExpenses": 21707000,
        "otherExpenses": 20689000,
        "operatingExpenses": 42396000,
        "costAndExpenses": 347721000,
        "interestIncome": 0,
        "interestExpense": 0,
        "depreciationAndAmortization": 20689000,
        "ebitda": 40617000,
        "ebitdaratio": 0.1104776567,
        "operatingIncome": 19928000,
        "operatingIncomeRatio": 0.0542038738,
        "totalOtherIncomeExpensesNet": -6637000,
        "incomeBeforeTax": 13291000,
        "incomeBeforeTaxRatio": 0.0361513291,
        "incomeTaxExpense": 5117000,
        "netIncome": 8174000,
        "netIncomeRatio": 0.0222331626,
        "eps": 0.28,
        "epsdiluted": 0.28,
        "weightedAverageShsOut": 29020000,
        "weightedAverageShsOutDil": 29209000,
        "link": "",
        "finalLink": ""
    },
    {
        "date": "2005-03-31",
        "symbol": "PCH",
        "reportedCurrency": "USD",
        "cik": "0001338749",
        "fillingDate": "2005-03-31",
        "acceptedDate": "2005-03-30 19:00:00",
        "calendarYear": "2005",
        "period": "Q1",
        "revenue": 336194000,
        "costOfRevenue": 282043000,
        "grossProfit": 54151000,
        "grossProfitRatio": 0.1610706913,
        "researchAndDevelopmentExpenses": 0,
        "generalAndAdministrativeExpenses": 0,
        "sellingAndMarketingExpenses": 0,
        "sellingGeneralAndAdministrativeExpenses": 21453000,
        "otherExpenses": 20013000,
        "operatingExpenses": 41466000,
        "costAndExpenses": 323509000,
        "interestIncome": 0,
        "interestExpense": 0,
        "depreciationAndAmortization": 20013000,
        "ebitda": 32698000,
        "ebitdaratio": 0.0972593205,
        "operatingIncome": 12685000,
        "operatingIncomeRatio": 0.0377311909,
        "totalOtherIncomeExpensesNet": -6536000,
        "incomeBeforeTax": 6149000,
        "incomeBeforeTaxRatio": 0.0182900349,
        "incomeTaxExpense": 2367000,
        "netIncome": 3782000,
        "netIncomeRatio": 0.0112494572,
        "eps": 0.13,
        "epsdiluted": 0.13,
        "weightedAverageShsOut": 28966000,
        "weightedAverageShsOutDil": 29134000,
        "link": "",
        "finalLink": ""
    },
    {
        "date": "2004-12-31",
        "symbol": "PCH",
        "reportedCurrency": "USD",
        "cik": "0001338749",
        "fillingDate": "2004-12-31",
        "acceptedDate": "2004-12-30 19:00:00",
        "calendarYear": "2004",
        "period": "Q4",
        "revenue": 321598000,
        "costOfRevenue": 261922000,
        "grossProfit": 59676000,
        "grossProfitRatio": 0.1855608555,
        "researchAndDevelopmentExpenses": 0,
        "generalAndAdministrativeExpenses": 0,
        "sellingAndMarketingExpenses": 0,
        "sellingGeneralAndAdministrativeExpenses": 21917000,
        "otherExpenses": 21523000,
        "operatingExpenses": 43440000,
        "costAndExpenses": 305362000,
        "interestIncome": 0,
        "interestExpense": 0,
        "depreciationAndAmortization": 21523000,
        "ebitda": 37759000,
        "ebitdaratio": 0.117410556,
        "operatingIncome": 16236000,
        "operatingIncomeRatio": 0.0504853886,
        "totalOtherIncomeExpensesNet": -32307000,
        "incomeBeforeTax": -16071000,
        "incomeBeforeTaxRatio": -0.0499723257,
        "incomeTaxExpense": -6373000,
        "netIncome": -9984000,
        "netIncomeRatio": -0.0310449692,
        "eps": -0.34,
        "epsdiluted": -0.34,
        "weightedAverageShsOut": 29171029,
        "weightedAverageShsOutDil": 29638000,
        "link": "",
        "finalLink": ""
    },
    {
        "date": "2004-09-30",
        "symbol": "PCH",
        "reportedCurrency": "USD",
        "cik": "0001338749",
        "fillingDate": "2004-09-30",
        "acceptedDate": "2004-09-29 20:00:00",
        "calendarYear": "2004",
        "period": "Q3",
        "revenue": 370100000,
        "costOfRevenue": 275564000,
        "grossProfit": 94536000,
        "grossProfitRatio": 0.2554336666,
        "researchAndDevelopmentExpenses": 0,
        "generalAndAdministrativeExpenses": 0,
        "sellingAndMarketingExpenses": 0,
        "sellingGeneralAndAdministrativeExpenses": 20668000,
        "otherExpenses": 22465000,
        "operatingExpenses": 43133000,
        "costAndExpenses": 318697000,
        "interestIncome": 0,
        "interestExpense": 0,
        "depreciationAndAmortization": 14672000,
        "ebitda": 73868000,
        "ebitdaratio": 0.1995893002,
        "operatingIncome": 51403000,
        "operatingIncomeRatio": 0.1388894893,
        "totalOtherIncomeExpensesNet": -11406000,
        "incomeBeforeTax": 39997000,
        "incomeBeforeTaxRatio": 0.1080707917,
        "incomeTaxExpense": 15798000,
        "netIncome": 209847000,
        "netIncomeRatio": 0.5670008106,
        "eps": 7.08,
        "epsdiluted": 7.05,
        "weightedAverageShsOut": 29638000,
        "weightedAverageShsOutDil": 29769000,
        "link": "",
        "finalLink": ""
    },
    {
        "date": "2004-06-30",
        "symbol": "PCH",
        "reportedCurrency": "USD",
        "cik": "0001338749",
        "fillingDate": "2004-06-30",
        "acceptedDate": "2004-06-29 20:00:00",
        "calendarYear": "2004",
        "period": "Q2",
        "revenue": 472639000,
        "costOfRevenue": 330449000,
        "grossProfit": 142190000,
        "grossProfitRatio": 0.3008427151,
        "researchAndDevelopmentExpenses": 0,
        "generalAndAdministrativeExpenses": 0,
        "sellingAndMarketingExpenses": 0,
        "sellingGeneralAndAdministrativeExpenses": 23022000,
        "otherExpenses": 25041000,
        "operatingExpenses": 48063000,
        "costAndExpenses": 378512000,
        "interestIncome": 0,
        "interestExpense": 0,
        "depreciationAndAmortization": 25041000,
        "ebitda": 123078000,
        "ebitdaratio": 0.2604059335,
        "operatingIncome": 94214000,
        "operatingIncomeRatio": 0.1993360683,
        "totalOtherIncomeExpensesNet": -11987000,
        "incomeBeforeTax": 82227000,
        "incomeBeforeTaxRatio": 0.1739742171,
        "incomeTaxExpense": 32659000,
        "netIncome": 49568000,
        "netIncomeRatio": 0.104874968,
        "eps": 1.68,
        "epsdiluted": 1.68,
        "weightedAverageShsOut": 29498000,
        "weightedAverageShsOutDil": 29611000,
        "link": "",
        "finalLink": ""
    },
    {
        "date": "2004-03-31",
        "symbol": "PCH",
        "reportedCurrency": "USD",
        "cik": "0001338749",
        "fillingDate": "2004-03-31",
        "acceptedDate": "2004-03-30 19:00:00",
        "calendarYear": "2004",
        "period": "Q1",
        "revenue": 420422000,
        "costOfRevenue": 322105000,
        "grossProfit": 98317000,
        "grossProfitRatio": 0.2338531285,
        "researchAndDevelopmentExpenses": 0,
        "generalAndAdministrativeExpenses": 0,
        "sellingAndMarketingExpenses": 0,
        "sellingGeneralAndAdministrativeExpenses": 22455000,
        "otherExpenses": 27083000,
        "operatingExpenses": 49538000,
        "costAndExpenses": 371643000,
        "interestIncome": 0,
        "interestExpense": 0,
        "depreciationAndAmortization": 27083000,
        "ebitda": 25862000,
        "ebitdaratio": 0.0615143832,
        "operatingIncome": 47499000,
        "operatingIncomeRatio": 0.1129793398,
        "totalOtherIncomeExpensesNet": -57822000,
        "incomeBeforeTax": 35767000,
        "incomeBeforeTaxRatio": 0.0850740447,
        "incomeTaxExpense": 13949000,
        "netIncome": 21818000,
        "netIncomeRatio": 0.0518954764,
        "eps": 0.75,
        "epsdiluted": 0.74,
        "weightedAverageShsOut": 29245000,
        "weightedAverageShsOutDil": 29365000,
        "link": "",
        "finalLink": ""
    },
    {
        "date": "2003-12-31",
        "symbol": "PCH",
        "reportedCurrency": "USD",
        "cik": "0001338749",
        "fillingDate": "2003-12-31",
        "acceptedDate": "2003-12-30 19:00:00",
        "calendarYear": "2003",
        "period": "Q4",
        "revenue": 403479000,
        "costOfRevenue": 296677000,
        "grossProfit": 106802000,
        "grossProfitRatio": 0.2647027479,
        "researchAndDevelopmentExpenses": 0,
        "generalAndAdministrativeExpenses": 0,
        "sellingAndMarketingExpenses": 0,
        "sellingGeneralAndAdministrativeExpenses": 20111000,
        "otherExpenses": 27019000,
        "operatingExpenses": 47130000,
        "costAndExpenses": 343807000,
        "interestIncome": 0,
        "interestExpense": 0,
        "depreciationAndAmortization": 27019000,
        "ebitda": 86691000,
        "ebitdaratio": 0.2148587659,
        "operatingIncome": 60375000,
        "operatingIncomeRatio": 0.1496360405,
        "totalOtherIncomeExpensesNet": -10361000,
        "incomeBeforeTax": 50014000,
        "incomeBeforeTaxRatio": 0.123956885,
        "incomeTaxExpense": 16880000,
        "netIncome": 28297000,
        "netIncomeRatio": 0.0701325224,
        "eps": 0.98,
        "epsdiluted": 0.98,
        "weightedAverageShsOut": 28606288,
        "weightedAverageShsOutDil": 28734000,
        "link": "",
        "finalLink": ""
    },
    {
        "date": "2003-09-30",
        "symbol": "PCH",
        "reportedCurrency": "USD",
        "cik": "0001338749",
        "fillingDate": "2003-09-30",
        "acceptedDate": "2003-09-29 20:00:00",
        "calendarYear": "2003",
        "period": "Q3",
        "revenue": 400259000,
        "costOfRevenue": 307607000,
        "grossProfit": 92652000,
        "grossProfitRatio": 0.2314801166,
        "researchAndDevelopmentExpenses": 0,
        "generalAndAdministrativeExpenses": 0,
        "sellingAndMarketingExpenses": 0,
        "sellingGeneralAndAdministrativeExpenses": 21221000,
        "otherExpenses": 25779000,
        "operatingExpenses": 47000000,
        "costAndExpenses": 354607000,
        "interestIncome": 0,
        "interestExpense": 0,
        "depreciationAndAmortization": 25779000,
        "ebitda": 29162000,
        "ebitdaratio": 0.0728578246,
        "operatingIncome": 45652000,
        "operatingIncomeRatio": 0.1140561486,
        "totalOtherIncomeExpensesNet": -11719000,
        "incomeBeforeTax": 33933000,
        "incomeBeforeTaxRatio": 0.0847776065,
        "incomeTaxExpense": 11777000,
        "netIncome": 22156000,
        "netIncomeRatio": 0.0553541582,
        "eps": 0.77,
        "epsdiluted": 0.77,
        "weightedAverageShsOut": 28734000,
        "weightedAverageShsOutDil": 28760000,
        "link": "",
        "finalLink": ""
    },
    {
        "date": "2003-06-30",
        "symbol": "PCH",
        "reportedCurrency": "USD",
        "cik": "0001338749",
        "fillingDate": "2003-06-30",
        "acceptedDate": "2003-06-29 20:00:00",
        "calendarYear": "2003",
        "period": "Q2",
        "revenue": 368094000,
        "costOfRevenue": 311124000,
        "grossProfit": 56970000,
        "grossProfitRatio": 0.1547702489,
        "researchAndDevelopmentExpenses": 0,
        "generalAndAdministrativeExpenses": 0,
        "sellingAndMarketingExpenses": 0,
        "sellingGeneralAndAdministrativeExpenses": 21030000,
        "otherExpenses": 25202000,
        "operatingExpenses": 46232000,
        "costAndExpenses": 357356000,
        "interestIncome": 0,
        "interestExpense": 0,
        "depreciationAndAmortization": 25202000,
        "ebitda": 35940000,
        "ebitdaratio": 0.0976381033,
        "operatingIncome": 10738000,
        "operatingIncomeRatio": 0.0291718963,
        "totalOtherIncomeExpensesNet": 445000,
        "incomeBeforeTax": 11183000,
        "incomeBeforeTaxRatio": 0.0303808266,
        "incomeTaxExpense": 4361000,
        "netIncome": 6649000,
        "netIncomeRatio": 0.0180633208,
        "eps": 0.23,
        "epsdiluted": 0.23,
        "weightedAverageShsOut": 28679000,
        "weightedAverageShsOutDil": 28679000,
        "link": "",
        "finalLink": ""
    },
    {
        "date": "2003-03-31",
        "symbol": "PCH",
        "reportedCurrency": "USD",
        "cik": "0001338749",
        "fillingDate": "2003-03-31",
        "acceptedDate": "2003-03-30 19:00:00",
        "calendarYear": "2003",
        "period": "Q1",
        "revenue": 333628000,
        "costOfRevenue": 290504000,
        "grossProfit": 43124000,
        "grossProfitRatio": 0.1292577362,
        "researchAndDevelopmentExpenses": 0,
        "generalAndAdministrativeExpenses": 0,
        "sellingAndMarketingExpenses": 0,
        "sellingGeneralAndAdministrativeExpenses": 17918000,
        "otherExpenses": 26859000,
        "operatingExpenses": 44777000,
        "costAndExpenses": 335281000,
        "interestIncome": 0,
        "interestExpense": 0,
        "depreciationAndAmortization": 26859000,
        "ebitda": 25206000,
        "ebitdaratio": 0.0755512127,
        "operatingIncome": -1880000,
        "operatingIncomeRatio": -0.0056350186,
        "totalOtherIncomeExpensesNet": -12695000,
        "incomeBeforeTax": -14575000,
        "incomeBeforeTaxRatio": -0.0436863812,
        "incomeTaxExpense": -5684000,
        "netIncome": -9565000,
        "netIncomeRatio": -0.028669656,
        "eps": -0.33,
        "epsdiluted": -0.33,
        "weightedAverageShsOut": 28617000,
        "weightedAverageShsOutDil": 28617000,
        "link": "",
        "finalLink": ""
    },
    {
        "date": "2002-12-31",
        "symbol": "PCH",
        "reportedCurrency": "USD",
        "cik": "0001338749",
        "fillingDate": "2002-12-31",
        "acceptedDate": "2002-12-30 19:00:00",
        "calendarYear": "2002",
        "period": "Q4",
        "revenue": 310790000,
        "costOfRevenue": 278896000,
        "grossProfit": 31894000,
        "grossProfitRatio": 0.1026223495,
        "researchAndDevelopmentExpenses": 0,
        "generalAndAdministrativeExpenses": 0,
        "sellingAndMarketingExpenses": 0,
        "sellingGeneralAndAdministrativeExpenses": 19416000,
        "otherExpenses": 28674000,
        "operatingExpenses": 48090000,
        "costAndExpenses": 326986000,
        "interestIncome": 0,
        "interestExpense": 0,
        "depreciationAndAmortization": 28674000,
        "ebitda": 12478000,
        "ebitdaratio": 0.040149297,
        "operatingIncome": -25159000,
        "operatingIncomeRatio": -0.0809517681,
        "totalOtherIncomeExpensesNet": -6080000,
        "incomeBeforeTax": -31239000,
        "incomeBeforeTaxRatio": -0.1005148171,
        "incomeTaxExpense": -12183000,
        "netIncome": -34478000,
        "netIncomeRatio": -0.1109366453,
        "eps": -1.21,
        "epsdiluted": -1.21,
        "weightedAverageShsOut": 28498000,
        "weightedAverageShsOutDil": 28498000,
        "link": "",
        "finalLink": ""
    },
    {
        "date": "2002-09-30",
        "symbol": "PCH",
        "reportedCurrency": "USD",
        "cik": "0001338749",
        "fillingDate": "2002-09-30",
        "acceptedDate": "2002-09-29 20:00:00",
        "calendarYear": "2002",
        "period": "Q3",
        "revenue": 324060000,
        "costOfRevenue": 271910000,
        "grossProfit": 52150000,
        "grossProfitRatio": 0.1609269888,
        "researchAndDevelopmentExpenses": 0,
        "generalAndAdministrativeExpenses": 0,
        "sellingAndMarketingExpenses": 0,
        "sellingGeneralAndAdministrativeExpenses": 20814000,
        "otherExpenses": 29067000,
        "operatingExpenses": 49881000,
        "costAndExpenses": 321791000,
        "interestIncome": 0,
        "interestExpense": 0,
        "depreciationAndAmortization": 25154000,
        "ebitda": 34514000,
        "ebitdaratio": 0.1065049682,
        "operatingIncome": 2269000,
        "operatingIncomeRatio": 0.0070017898,
        "totalOtherIncomeExpensesNet": -22468000,
        "incomeBeforeTax": -17021000,
        "incomeBeforeTaxRatio": -0.0525242239,
        "incomeTaxExpense": -6639000,
        "netIncome": -12433000,
        "netIncomeRatio": -0.0383663519,
        "eps": -0.44,
        "epsdiluted": -0.44,
        "weightedAverageShsOut": 28498000,
        "weightedAverageShsOutDil": 28498000,
        "link": "",
        "finalLink": ""
    },
    {
        "date": "2002-06-30",
        "symbol": "PCH",
        "reportedCurrency": "USD",
        "cik": "0001338749",
        "fillingDate": "2002-06-30",
        "acceptedDate": "2002-06-29 20:00:00",
        "calendarYear": "2002",
        "period": "Q2",
        "revenue": 333178000,
        "costOfRevenue": 278119000,
        "grossProfit": 55059000,
        "grossProfitRatio": 0.1652540084,
        "researchAndDevelopmentExpenses": 0,
        "generalAndAdministrativeExpenses": 0,
        "sellingAndMarketingExpenses": 0,
        "sellingGeneralAndAdministrativeExpenses": 20928000,
        "otherExpenses": 31157000,
        "operatingExpenses": 52085000,
        "costAndExpenses": 330204000,
        "interestIncome": 0,
        "interestExpense": 0,
        "depreciationAndAmortization": 30906000,
        "ebitda": 34131000,
        "ebitdaratio": 0.1024407374,
        "operatingIncome": 2974000,
        "operatingIncomeRatio": 0.0089261596,
        "totalOtherIncomeExpensesNet": -13723000,
        "incomeBeforeTax": -10749000,
        "incomeBeforeTaxRatio": -0.0322620341,
        "incomeTaxExpense": -4192000,
        "netIncome": -20089000,
        "netIncomeRatio": -0.0602950975,
        "eps": -0.71,
        "epsdiluted": -0.71,
        "weightedAverageShsOut": 28441000,
        "weightedAverageShsOutDil": 28441000,
        "link": "",
        "finalLink": ""
    },
    {
        "date": "2002-03-31",
        "symbol": "PCH",
        "reportedCurrency": "USD",
        "cik": "0001338749",
        "fillingDate": "2002-03-31",
        "acceptedDate": "2002-03-30 19:00:00",
        "calendarYear": "2002",
        "period": "Q1",
        "revenue": 321451000,
        "costOfRevenue": 276588000,
        "grossProfit": 44863000,
        "grossProfitRatio": 0.1395640393,
        "researchAndDevelopmentExpenses": 0,
        "generalAndAdministrativeExpenses": 0,
        "sellingAndMarketingExpenses": 0,
        "sellingGeneralAndAdministrativeExpenses": 22019000,
        "otherExpenses": 30735000,
        "operatingExpenses": 52754000,
        "costAndExpenses": 329342000,
        "interestIncome": 0,
        "interestExpense": 0,
        "depreciationAndAmortization": 30735000,
        "ebitda": 22844000,
        "ebitdaratio": 0.0710652634,
        "operatingIncome": -7891000,
        "operatingIncomeRatio": -0.0245480649,
        "totalOtherIncomeExpensesNet": -17034000,
        "incomeBeforeTax": -24925000,
        "incomeBeforeTaxRatio": -0.0775390339,
        "incomeTaxExpense": -9721000,
        "netIncome": -167381000,
        "netIncomeRatio": -0.5207045553,
        "eps": -5.9,
        "epsdiluted": -5.9,
        "weightedAverageShsOut": 28353000,
        "weightedAverageShsOutDil": 28353000,
        "link": "",
        "finalLink": ""
    },
    {
        "date": "2001-12-31",
        "symbol": "PCH",
        "reportedCurrency": "USD",
        "cik": "0001338749",
        "fillingDate": "2001-12-31",
        "acceptedDate": "2001-12-30 19:00:00",
        "calendarYear": "2001",
        "period": "Q4",
        "revenue": 394861000,
        "costOfRevenue": 341435000,
        "grossProfit": 53426000,
        "grossProfitRatio": 0.1353033093,
        "researchAndDevelopmentExpenses": 0,
        "generalAndAdministrativeExpenses": 0,
        "sellingAndMarketingExpenses": 0,
        "sellingGeneralAndAdministrativeExpenses": 36069000,
        "otherExpenses": 43352000,
        "operatingExpenses": 79421000,
        "costAndExpenses": 420856000,
        "interestIncome": 0,
        "interestExpense": 0,
        "depreciationAndAmortization": 43352000,
        "ebitda": 22848000,
        "ebitdaratio": 0.0578634,
        "operatingIncome": -24175000,
        "operatingIncomeRatio": -0.0612240763,
        "totalOtherIncomeExpensesNet": -27787000,
        "incomeBeforeTax": -51962000,
        "incomeBeforeTaxRatio": -0.1315956754,
        "incomeTaxExpense": -20265000,
        "netIncome": -31697000,
        "netIncomeRatio": -0.0802738179,
        "eps": -1.12,
        "epsdiluted": -1.12,
        "weightedAverageShsOut": 28257000,
        "weightedAverageShsOutDil": 28257000,
        "link": "",
        "finalLink": ""
    },
    {
        "date": "2001-09-30",
        "symbol": "PCH",
        "reportedCurrency": "USD",
        "cik": "0001338749",
        "fillingDate": "2001-09-30",
        "acceptedDate": "2001-09-29 20:00:00",
        "calendarYear": "2001",
        "period": "Q3",
        "revenue": 456640000,
        "costOfRevenue": 372962000,
        "grossProfit": 83678000,
        "grossProfitRatio": 0.1832471969,
        "researchAndDevelopmentExpenses": 0,
        "generalAndAdministrativeExpenses": 0,
        "sellingAndMarketingExpenses": 0,
        "sellingGeneralAndAdministrativeExpenses": 30798000,
        "otherExpenses": 43847000,
        "operatingExpenses": 74645000,
        "costAndExpenses": 447607000,
        "interestIncome": 0,
        "interestExpense": 0,
        "depreciationAndAmortization": 43847000,
        "ebitda": 46267000,
        "ebitdaratio": 0.1013205151,
        "operatingIncome": 8680000,
        "operatingIncomeRatio": 0.0190084093,
        "totalOtherIncomeExpensesNet": -19397000,
        "incomeBeforeTax": -10740000,
        "incomeBeforeTaxRatio": -0.0235196216,
        "incomeTaxExpense": -4189000,
        "netIncome": -6551000,
        "netIncomeRatio": -0.0143460932,
        "eps": -0.23,
        "epsdiluted": -0.23,
        "weightedAverageShsOut": 28257000,
        "weightedAverageShsOutDil": 28257000,
        "link": "",
        "finalLink": ""
    },
    {
        "date": "2001-06-30",
        "symbol": "PCH",
        "reportedCurrency": "USD",
        "cik": "0001338749",
        "fillingDate": "2001-06-30",
        "acceptedDate": "2001-06-29 20:00:00",
        "calendarYear": "2001",
        "period": "Q2",
        "revenue": 456448000,
        "costOfRevenue": 385022000,
        "grossProfit": 71426000,
        "grossProfitRatio": 0.156482228,
        "researchAndDevelopmentExpenses": 0,
        "generalAndAdministrativeExpenses": 0,
        "sellingAndMarketingExpenses": 0,
        "sellingGeneralAndAdministrativeExpenses": 29615000,
        "otherExpenses": 41317000,
        "operatingExpenses": 70932000,
        "costAndExpenses": 455954000,
        "interestIncome": 0,
        "interestExpense": 0,
        "depreciationAndAmortization": 41317000,
        "ebitda": 39719000,
        "ebitdaratio": 0.0870175792,
        "operatingIncome": 494000,
        "operatingIncomeRatio": 0.0010822701,
        "totalOtherIncomeExpensesNet": -6896000,
        "incomeBeforeTax": -16048000,
        "incomeBeforeTaxRatio": -0.0351584408,
        "incomeTaxExpense": -6259000,
        "netIncome": -9789000,
        "netIncomeRatio": -0.0214460355,
        "eps": -0.35,
        "epsdiluted": -0.35,
        "weightedAverageShsOut": 28254000,
        "weightedAverageShsOutDil": 28254000,
        "link": "",
        "finalLink": ""
    },
    {
        "date": "2001-03-31",
        "symbol": "PCH",
        "reportedCurrency": "USD",
        "cik": "0001338749",
        "fillingDate": "2001-03-31",
        "acceptedDate": "2001-03-30 19:00:00",
        "calendarYear": "2001",
        "period": "Q1",
        "revenue": 444047000,
        "costOfRevenue": 405531000,
        "grossProfit": 38516000,
        "grossProfitRatio": 0.086738566,
        "researchAndDevelopmentExpenses": 0,
        "generalAndAdministrativeExpenses": 0,
        "sellingAndMarketingExpenses": 0,
        "sellingGeneralAndAdministrativeExpenses": 28666000,
        "otherExpenses": 40872000,
        "operatingExpenses": 69538000,
        "costAndExpenses": 475069000,
        "interestIncome": 0,
        "interestExpense": 0,
        "depreciationAndAmortization": 40872000,
        "ebitda": -1402000,
        "ebitdaratio": -0.0031573234,
        "operatingIncome": -35239000,
        "operatingIncomeRatio": -0.0793587165,
        "totalOtherIncomeExpensesNet": -16280000,
        "incomeBeforeTax": -51488000,
        "incomeBeforeTaxRatio": -0.1159516898,
        "incomeTaxExpense": -20080000,
        "netIncome": -31408000,
        "netIncomeRatio": -0.0707312514,
        "eps": -1.11,
        "epsdiluted": -1.11,
        "weightedAverageShsOut": 28330000,
        "weightedAverageShsOutDil": 28330000,
        "link": "",
        "finalLink": ""
    },
    {
        "date": "2000-12-31",
        "symbol": "PCH",
        "reportedCurrency": "USD",
        "cik": "0001338749",
        "fillingDate": "2000-12-31",
        "acceptedDate": "2000-12-30 19:00:00",
        "calendarYear": "2000",
        "period": "Q4",
        "revenue": 524502000,
        "costOfRevenue": 470616000,
        "grossProfit": 53886000,
        "grossProfitRatio": 0.1027374538,
        "researchAndDevelopmentExpenses": 0,
        "generalAndAdministrativeExpenses": 0,
        "sellingAndMarketingExpenses": 0,
        "sellingGeneralAndAdministrativeExpenses": 29705000,
        "otherExpenses": 40638000,
        "operatingExpenses": 70343000,
        "costAndExpenses": 540959000,
        "interestIncome": 0,
        "interestExpense": 0,
        "depreciationAndAmortization": 40638000,
        "ebitda": 24181000,
        "ebitdaratio": 0.0461027794,
        "operatingIncome": -16457000,
        "operatingIncomeRatio": -0.0313764295,
        "totalOtherIncomeExpensesNet": -18573000,
        "incomeBeforeTax": -35030000,
        "incomeBeforeTaxRatio": -0.0667871619,
        "incomeTaxExpense": -13661000,
        "netIncome": -21369000,
        "netIncomeRatio": -0.0407415034,
        "eps": -0.75,
        "epsdiluted": -0.75,
        "weightedAverageShsOut": 28430000,
        "weightedAverageShsOutDil": 28430000,
        "link": "",
        "finalLink": ""
    },
    {
        "date": "2000-09-30",
        "symbol": "PCH",
        "reportedCurrency": "USD",
        "cik": "0001338749",
        "fillingDate": "2000-09-30",
        "acceptedDate": "2000-09-29 20:00:00",
        "calendarYear": "2000",
        "period": "Q3",
        "revenue": 416845000,
        "costOfRevenue": 322551000,
        "grossProfit": 94294000,
        "grossProfitRatio": 0.2262087826,
        "researchAndDevelopmentExpenses": 0,
        "generalAndAdministrativeExpenses": 0,
        "sellingAndMarketingExpenses": 0,
        "sellingGeneralAndAdministrativeExpenses": 27370000,
        "otherExpenses": 41543000,
        "operatingExpenses": 68913000,
        "costAndExpenses": 391464000,
        "interestIncome": 0,
        "interestExpense": 0,
        "depreciationAndAmortization": 41543000,
        "ebitda": 61017000,
        "ebitdaratio": 0.1463781502,
        "operatingIncome": 25381000,
        "operatingIncomeRatio": 0.0608883398,
        "totalOtherIncomeExpensesNet": -18190000,
        "incomeBeforeTax": -11311000,
        "incomeBeforeTaxRatio": -0.0271347863,
        "incomeTaxExpense": -4412000,
        "netIncome": -6899000,
        "netIncomeRatio": -0.0165505164,
        "eps": -0.24,
        "epsdiluted": -0.24,
        "weightedAverageShsOut": 28430000,
        "weightedAverageShsOutDil": 28430000,
        "link": "",
        "finalLink": ""
    },
    {
        "date": "2000-06-30",
        "symbol": "PCH",
        "reportedCurrency": "USD",
        "cik": "0001338749",
        "fillingDate": "2000-06-30",
        "acceptedDate": "2000-06-29 20:00:00",
        "calendarYear": "2000",
        "period": "Q2",
        "revenue": 428840000,
        "costOfRevenue": 328763000,
        "grossProfit": 100077000,
        "grossProfitRatio": 0.2333667568,
        "researchAndDevelopmentExpenses": 0,
        "generalAndAdministrativeExpenses": 0,
        "sellingAndMarketingExpenses": 0,
        "sellingGeneralAndAdministrativeExpenses": 33132000,
        "otherExpenses": 38829000,
        "operatingExpenses": 71961000,
        "costAndExpenses": 400724000,
        "interestIncome": 0,
        "interestExpense": 0,
        "depreciationAndAmortization": 38829000,
        "ebitda": 63565000,
        "ebitdaratio": 0.1482254454,
        "operatingIncome": 28116000,
        "operatingIncomeRatio": 0.0655629139,
        "totalOtherIncomeExpensesNet": -14218000,
        "incomeBeforeTax": -12102000,
        "incomeBeforeTaxRatio": -0.0282203153,
        "incomeTaxExpense": -4720000,
        "netIncome": -7382000,
        "netIncomeRatio": -0.0172138793,
        "eps": -0.26,
        "epsdiluted": -0.26,
        "weightedAverageShsOut": 28475000,
        "weightedAverageShsOutDil": 28475000,
        "link": "",
        "finalLink": ""
    },
    {
        "date": "2000-03-31",
        "symbol": "PCH",
        "reportedCurrency": "USD",
        "cik": "0001338749",
        "fillingDate": "2000-03-31",
        "acceptedDate": "2000-03-30 19:00:00",
        "calendarYear": "2000",
        "period": "Q1",
        "revenue": 438583000,
        "costOfRevenue": 346386000,
        "grossProfit": 92197000,
        "grossProfitRatio": 0.2102156262,
        "researchAndDevelopmentExpenses": 0,
        "generalAndAdministrativeExpenses": 0,
        "sellingAndMarketingExpenses": 0,
        "sellingGeneralAndAdministrativeExpenses": 33140000,
        "otherExpenses": 40837000,
        "operatingExpenses": 73977000,
        "costAndExpenses": 420363000,
        "interestIncome": 0,
        "interestExpense": 0,
        "depreciationAndAmortization": 40837000,
        "ebitda": 59057000,
        "ebitdaratio": 0.134654102,
        "operatingIncome": 18220000,
        "operatingIncomeRatio": 0.0415428779,
        "totalOtherIncomeExpensesNet": -14226000,
        "incomeBeforeTax": 3994000,
        "incomeBeforeTaxRatio": 0.0091066001,
        "incomeTaxExpense": 1558000,
        "netIncome": 2436000,
        "netIncomeRatio": 0.0055542508,
        "eps": 0.08,
        "epsdiluted": 0.08,
        "weightedAverageShsOut": 28779000,
        "weightedAverageShsOutDil": 28814000,
        "link": "",
        "finalLink": ""
    },
    {
        "date": "1999-12-31",
        "symbol": "PCH",
        "reportedCurrency": "USD",
        "cik": "0001338749",
        "fillingDate": "1999-12-31",
        "acceptedDate": "1999-12-30 19:00:00",
        "calendarYear": "1999",
        "period": "Q4",
        "revenue": 400700000,
        "costOfRevenue": 308100000,
        "grossProfit": 92600000,
        "grossProfitRatio": 0.2310955827,
        "researchAndDevelopmentExpenses": 0,
        "generalAndAdministrativeExpenses": 0,
        "sellingAndMarketingExpenses": 0,
        "sellingGeneralAndAdministrativeExpenses": 37800000,
        "otherExpenses": 39500000,
        "operatingExpenses": 77300000,
        "costAndExpenses": 385400000,
        "interestIncome": 0,
        "interestExpense": 0,
        "depreciationAndAmortization": 39500000,
        "ebitda": 54800000,
        "ebitdaratio": 0.1367606688,
        "operatingIncome": 15300000,
        "operatingIncomeRatio": 0.0381831794,
        "totalOtherIncomeExpensesNet": -1900000,
        "incomeBeforeTax": 13400000,
        "incomeBeforeTaxRatio": 0.0334414774,
        "incomeTaxExpense": 5100000,
        "netIncome": 8300000,
        "netIncomeRatio": 0.0207137509,
        "eps": 0.29,
        "epsdiluted": 0.29,
        "weightedAverageShsOut": 28974359,
        "weightedAverageShsOutDil": 28974359,
        "link": "",
        "finalLink": ""
    },
    {
        "date": "1999-09-30",
        "symbol": "PCH",
        "reportedCurrency": "USD",
        "cik": "0001338749",
        "fillingDate": "1999-09-30",
        "acceptedDate": "1999-09-29 20:00:00",
        "calendarYear": "1999",
        "period": "Q3",
        "revenue": 446600000,
        "costOfRevenue": 330000000,
        "grossProfit": 116600000,
        "grossProfitRatio": 0.2610837438,
        "researchAndDevelopmentExpenses": 0,
        "generalAndAdministrativeExpenses": 0,
        "sellingAndMarketingExpenses": 0,
        "sellingGeneralAndAdministrativeExpenses": 31200000,
        "otherExpenses": 38300000,
        "operatingExpenses": 69500000,
        "costAndExpenses": 399500000,
        "interestIncome": 0,
        "interestExpense": 0,
        "depreciationAndAmortization": 38200000,
        "ebitda": 85400000,
        "ebitdaratio": 0.1912225705,
        "operatingIncome": 47100000,
        "operatingIncomeRatio": 0.105463502,
        "totalOtherIncomeExpensesNet": -10700000,
        "incomeBeforeTax": 36400000,
        "incomeBeforeTaxRatio": 0.0815047022,
        "incomeTaxExpense": 13800000,
        "netIncome": 22600000,
        "netIncomeRatio": 0.0506045678,
        "eps": 0.78,
        "epsdiluted": 0.77,
        "weightedAverageShsOut": 28950000,
        "weightedAverageShsOutDil": 28991000,
        "link": "",
        "finalLink": ""
    },
    {
        "date": "1999-06-30",
        "symbol": "PCH",
        "reportedCurrency": "USD",
        "cik": "0001338749",
        "fillingDate": "1999-06-30",
        "acceptedDate": "1999-06-29 20:00:00",
        "calendarYear": "1999",
        "period": "Q2",
        "revenue": 413000000,
        "costOfRevenue": 317400000,
        "grossProfit": 95600000,
        "grossProfitRatio": 0.2314769976,
        "researchAndDevelopmentExpenses": 0,
        "generalAndAdministrativeExpenses": 0,
        "sellingAndMarketingExpenses": 0,
        "sellingGeneralAndAdministrativeExpenses": 32000000,
        "otherExpenses": 35200000,
        "operatingExpenses": 67200000,
        "costAndExpenses": 384600000,
        "interestIncome": 0,
        "interestExpense": 0,
        "depreciationAndAmortization": 35200000,
        "ebitda": 63500000,
        "ebitdaratio": 0.1537530266,
        "operatingIncome": 28400000,
        "operatingIncomeRatio": 0.0687651332,
        "totalOtherIncomeExpensesNet": -13200000,
        "incomeBeforeTax": 15100000,
        "incomeBeforeTaxRatio": 0.0365617433,
        "incomeTaxExpense": 5700000,
        "netIncome": 9400000,
        "netIncomeRatio": 0.0227602906,
        "eps": 0.33,
        "epsdiluted": 0.33,
        "weightedAverageShsOut": 28484848,
        "weightedAverageShsOutDil": 28484848,
        "link": "",
        "finalLink": ""
    },
    {
        "date": "1999-03-31",
        "symbol": "PCH",
        "reportedCurrency": "USD",
        "cik": "0001338749",
        "fillingDate": "1999-03-31",
        "acceptedDate": "1999-03-30 19:00:00",
        "calendarYear": "1999",
        "period": "Q1",
        "revenue": 416400000,
        "costOfRevenue": 328800000,
        "grossProfit": 87600000,
        "grossProfitRatio": 0.2103746398,
        "researchAndDevelopmentExpenses": 0,
        "generalAndAdministrativeExpenses": 0,
        "sellingAndMarketingExpenses": 0,
        "sellingGeneralAndAdministrativeExpenses": 29100000,
        "otherExpenses": 37400000,
        "operatingExpenses": 66500000,
        "costAndExpenses": 395300000,
        "interestIncome": 0,
        "interestExpense": 0,
        "depreciationAndAmortization": 37400000,
        "ebitda": 58518000,
        "ebitdaratio": 0.1405331412,
        "operatingIncome": 21100000,
        "operatingIncomeRatio": 0.0506724304,
        "totalOtherIncomeExpensesNet": -20118000,
        "incomeBeforeTax": 1000000,
        "incomeBeforeTaxRatio": 0.002401537,
        "incomeTaxExpense": 400000,
        "netIncome": 600000,
        "netIncomeRatio": 0.0014409222,
        "eps": 0.02,
        "epsdiluted": 0.02,
        "weightedAverageShsOut": 30000000,
        "weightedAverageShsOutDil": 30000000,
        "link": "",
        "finalLink": ""
    },
    {
        "date": "1998-12-31",
        "symbol": "PCH",
        "reportedCurrency": "USD",
        "cik": "0001338749",
        "fillingDate": "1998-12-31",
        "acceptedDate": "1998-12-30 19:00:00",
        "calendarYear": "1998",
        "period": "Q4",
        "revenue": 358300000,
        "costOfRevenue": 278500000,
        "grossProfit": 79800000,
        "grossProfitRatio": 0.2227183924,
        "researchAndDevelopmentExpenses": 0,
        "generalAndAdministrativeExpenses": 0,
        "sellingAndMarketingExpenses": 0,
        "sellingGeneralAndAdministrativeExpenses": 29400000,
        "otherExpenses": 37900000,
        "operatingExpenses": 67300000,
        "costAndExpenses": 345800000,
        "interestIncome": 0,
        "interestExpense": 0,
        "depreciationAndAmortization": 37900000,
        "ebitda": 50400000,
        "ebitdaratio": 0.1406642478,
        "operatingIncome": 12500000,
        "operatingIncomeRatio": 0.0348869662,
        "totalOtherIncomeExpensesNet": -7300000,
        "incomeBeforeTax": 5200000,
        "incomeBeforeTaxRatio": 0.014512978,
        "incomeTaxExpense": 1300000,
        "netIncome": 3900000,
        "netIncomeRatio": 0.0108847335,
        "eps": 0.13,
        "epsdiluted": 0.13,
        "weightedAverageShsOut": 29069767,
        "weightedAverageShsOutDil": 29069767,
        "link": "",
        "finalLink": ""
    },
    {
        "date": "1998-09-30",
        "symbol": "PCH",
        "reportedCurrency": "USD",
        "cik": "0001338749",
        "fillingDate": "1998-09-30",
        "acceptedDate": "1998-09-29 20:00:00",
        "calendarYear": "1998",
        "period": "Q3",
        "revenue": 404600000,
        "costOfRevenue": 302000000,
        "grossProfit": 102600000,
        "grossProfitRatio": 0.2535837865,
        "researchAndDevelopmentExpenses": 0,
        "generalAndAdministrativeExpenses": 0,
        "sellingAndMarketingExpenses": 0,
        "sellingGeneralAndAdministrativeExpenses": 31500000,
        "otherExpenses": 39200000,
        "operatingExpenses": 70700000,
        "costAndExpenses": 372700000,
        "interestIncome": 0,
        "interestExpense": 0,
        "depreciationAndAmortization": 39200000,
        "ebitda": 71100000,
        "ebitdaratio": 0.1757291152,
        "operatingIncome": 31900000,
        "operatingIncomeRatio": 0.078843302,
        "totalOtherIncomeExpensesNet": -12000000,
        "incomeBeforeTax": 19900000,
        "incomeBeforeTaxRatio": 0.0491843796,
        "incomeTaxExpense": 7400000,
        "netIncome": 12500000,
        "netIncomeRatio": 0.0308947108,
        "eps": 0.43,
        "epsdiluted": 0.43,
        "weightedAverageShsOut": 29069767,
        "weightedAverageShsOutDil": 29069767,
        "link": "",
        "finalLink": ""
    },
    {
        "date": "1998-06-30",
        "symbol": "PCH",
        "reportedCurrency": "USD",
        "cik": "0001338749",
        "fillingDate": "1998-06-30",
        "acceptedDate": "1998-06-29 20:00:00",
        "calendarYear": "1998",
        "period": "Q2",
        "revenue": 400400000,
        "costOfRevenue": 307000000,
        "grossProfit": 93400000,
        "grossProfitRatio": 0.2332667333,
        "researchAndDevelopmentExpenses": 0,
        "generalAndAdministrativeExpenses": 0,
        "sellingAndMarketingExpenses": 0,
        "sellingGeneralAndAdministrativeExpenses": 29700000,
        "otherExpenses": 36500000,
        "operatingExpenses": 66200000,
        "costAndExpenses": 373200000,
        "interestIncome": 0,
        "interestExpense": 0,
        "depreciationAndAmortization": 36500000,
        "ebitda": 63800000,
        "ebitdaratio": 0.1593406593,
        "operatingIncome": 27200000,
        "operatingIncomeRatio": 0.0679320679,
        "totalOtherIncomeExpensesNet": -11400000,
        "incomeBeforeTax": 15900000,
        "incomeBeforeTaxRatio": 0.0397102897,
        "incomeTaxExpense": 5900000,
        "netIncome": 10000000,
        "netIncomeRatio": 0.024975025,
        "eps": 0.35,
        "epsdiluted": 0.35,
        "weightedAverageShsOut": 28571429,
        "weightedAverageShsOutDil": 28571429,
        "link": "",
        "finalLink": ""
    },
    {
        "date": "1998-03-31",
        "symbol": "PCH",
        "reportedCurrency": "USD",
        "cik": "0001338749",
        "fillingDate": "1998-03-31",
        "acceptedDate": "1998-03-30 19:00:00",
        "calendarYear": "1998",
        "period": "Q1",
        "revenue": 402500000,
        "costOfRevenue": 307900000,
        "grossProfit": 94600000,
        "grossProfitRatio": 0.2350310559,
        "researchAndDevelopmentExpenses": 0,
        "generalAndAdministrativeExpenses": 0,
        "sellingAndMarketingExpenses": 0,
        "sellingGeneralAndAdministrativeExpenses": 30300000,
        "otherExpenses": 36700000,
        "operatingExpenses": 67000000,
        "costAndExpenses": 374900000,
        "interestIncome": 0,
        "interestExpense": 0,
        "depreciationAndAmortization": 36700000,
        "ebitda": 64300000,
        "ebitdaratio": 0.1597515528,
        "operatingIncome": 27600000,
        "operatingIncomeRatio": 0.0685714286,
        "totalOtherIncomeExpensesNet": -10600000,
        "incomeBeforeTax": 17000000,
        "incomeBeforeTaxRatio": 0.0422360248,
        "incomeTaxExpense": 6300000,
        "netIncome": 10700000,
        "netIncomeRatio": 0.0265838509,
        "eps": 0.37,
        "epsdiluted": 0.37,
        "weightedAverageShsOut": 28918919,
        "weightedAverageShsOutDil": 28918919,
        "link": "",
        "finalLink": ""
    },
    {
        "date": "1997-12-31",
        "symbol": "PCH",
        "reportedCurrency": "USD",
        "cik": "0001338749",
        "fillingDate": "1997-12-31",
        "acceptedDate": "1997-12-30 19:00:00",
        "calendarYear": "1997",
        "period": "Q4",
        "revenue": 379800000,
        "costOfRevenue": 296300000,
        "grossProfit": 83500000,
        "grossProfitRatio": 0.219852554,
        "researchAndDevelopmentExpenses": 0,
        "generalAndAdministrativeExpenses": 0,
        "sellingAndMarketingExpenses": 0,
        "sellingGeneralAndAdministrativeExpenses": 27900000,
        "otherExpenses": 35900000,
        "operatingExpenses": 63800000,
        "costAndExpenses": 360100000,
        "interestIncome": 0,
        "interestExpense": 0,
        "depreciationAndAmortization": 35900000,
        "ebitda": 55600000,
        "ebitdaratio": 0.1463928383,
        "operatingIncome": 19700000,
        "operatingIncomeRatio": 0.0518694049,
        "totalOtherIncomeExpensesNet": -11700000,
        "incomeBeforeTax": 8000000,
        "incomeBeforeTaxRatio": 0.0210637177,
        "incomeTaxExpense": 2300000,
        "netIncome": 5700000,
        "netIncomeRatio": 0.0150078989,
        "eps": 0.2,
        "epsdiluted": 0.2,
        "weightedAverageShsOut": 28662857,
        "weightedAverageShsOutDil": 28775510,
        "link": "",
        "finalLink": ""
    },
    {
        "date": "1997-09-30",
        "symbol": "PCH",
        "reportedCurrency": "USD",
        "cik": "0001338749",
        "fillingDate": "1997-09-30",
        "acceptedDate": "1997-09-29 20:00:00",
        "calendarYear": "1997",
        "period": "Q3",
        "revenue": 395400000,
        "costOfRevenue": 299200000,
        "grossProfit": 96200000,
        "grossProfitRatio": 0.2432979262,
        "researchAndDevelopmentExpenses": 0,
        "generalAndAdministrativeExpenses": 0,
        "sellingAndMarketingExpenses": 0,
        "sellingGeneralAndAdministrativeExpenses": 27200000,
        "otherExpenses": 39000000,
        "operatingExpenses": 66200000,
        "costAndExpenses": 365400000,
        "interestIncome": 0,
        "interestExpense": 0,
        "depreciationAndAmortization": 39000000,
        "ebitda": 69000000,
        "ebitdaratio": 0.1745068285,
        "operatingIncome": 30000000,
        "operatingIncomeRatio": 0.0758725341,
        "totalOtherIncomeExpensesNet": -8300000,
        "incomeBeforeTax": 21700000,
        "incomeBeforeTaxRatio": 0.054881133,
        "incomeTaxExpense": 7600000,
        "netIncome": 14100000,
        "netIncomeRatio": 0.035660091,
        "eps": 0.49,
        "epsdiluted": 0.49,
        "weightedAverageShsOut": 28775510,
        "weightedAverageShsOutDil": 28775510,
        "link": "",
        "finalLink": ""
    },
    {
        "date": "1997-06-30",
        "symbol": "PCH",
        "reportedCurrency": "USD",
        "cik": "0001338749",
        "fillingDate": "1997-06-30",
        "acceptedDate": "1997-06-29 20:00:00",
        "calendarYear": "1997",
        "period": "Q2",
        "revenue": 394200000,
        "costOfRevenue": 306200000,
        "grossProfit": 88000000,
        "grossProfitRatio": 0.2232369356,
        "researchAndDevelopmentExpenses": 0,
        "generalAndAdministrativeExpenses": 0,
        "sellingAndMarketingExpenses": 0,
        "sellingGeneralAndAdministrativeExpenses": 26100000,
        "otherExpenses": 36700000,
        "operatingExpenses": 62800000,
        "costAndExpenses": 369000000,
        "interestIncome": 0,
        "interestExpense": 0,
        "depreciationAndAmortization": 36800000,
        "ebitda": 62000000,
        "ebitdaratio": 0.1572805682,
        "operatingIncome": 25200000,
        "operatingIncomeRatio": 0.0639269406,
        "totalOtherIncomeExpensesNet": -10000000,
        "incomeBeforeTax": 15200000,
        "incomeBeforeTaxRatio": 0.0385591071,
        "incomeTaxExpense": 5300000,
        "netIncome": 9900000,
        "netIncomeRatio": 0.0251141553,
        "eps": 0.34,
        "epsdiluted": 0.34,
        "weightedAverageShsOut": 29117647,
        "weightedAverageShsOutDil": 29117647,
        "link": "",
        "finalLink": ""
    },
    {
        "date": "1997-03-31",
        "symbol": "PCH",
        "reportedCurrency": "USD",
        "cik": "0001338749",
        "fillingDate": "1997-03-31",
        "acceptedDate": "1997-03-30 19:00:00",
        "calendarYear": "1997",
        "period": "Q1",
        "revenue": 399400000,
        "costOfRevenue": 318000000,
        "grossProfit": 81400000,
        "grossProfitRatio": 0.2038057086,
        "researchAndDevelopmentExpenses": 0,
        "generalAndAdministrativeExpenses": 0,
        "sellingAndMarketingExpenses": 0,
        "sellingGeneralAndAdministrativeExpenses": 25300000,
        "otherExpenses": 38100000,
        "operatingExpenses": 63400000,
        "costAndExpenses": 381400000,
        "interestIncome": 0,
        "interestExpense": 0,
        "depreciationAndAmortization": 38100000,
        "ebitda": 56100000,
        "ebitdaratio": 0.140460691,
        "operatingIncome": 18000000,
        "operatingIncomeRatio": 0.0450676014,
        "totalOtherIncomeExpensesNet": -8200000,
        "incomeBeforeTax": 9800000,
        "incomeBeforeTaxRatio": 0.0245368052,
        "incomeTaxExpense": 3400000,
        "netIncome": 6400000,
        "netIncomeRatio": 0.0160240361,
        "eps": 0.22,
        "epsdiluted": 0.22,
        "weightedAverageShsOut": 29090909,
        "weightedAverageShsOutDil": 29090909,
        "link": "",
        "finalLink": ""
    },
    {
        "date": "1996-12-31",
        "symbol": "PCH",
        "reportedCurrency": "USD",
        "cik": "0001338749",
        "fillingDate": "1996-12-31",
        "acceptedDate": "1996-12-30 19:00:00",
        "calendarYear": "1996",
        "period": "Q4",
        "revenue": 381500000,
        "costOfRevenue": 287900000,
        "grossProfit": 93600000,
        "grossProfitRatio": 0.2453473132,
        "researchAndDevelopmentExpenses": 0,
        "generalAndAdministrativeExpenses": 0,
        "sellingAndMarketingExpenses": 0,
        "sellingGeneralAndAdministrativeExpenses": 30000000,
        "otherExpenses": 35800000,
        "operatingExpenses": 65800000,
        "costAndExpenses": 353700000,
        "interestIncome": 0,
        "interestExpense": 0,
        "depreciationAndAmortization": 35800000,
        "ebitda": 63600000,
        "ebitdaratio": 0.1667103539,
        "operatingIncome": 27800000,
        "operatingIncomeRatio": 0.072870249,
        "totalOtherIncomeExpensesNet": -6200000,
        "incomeBeforeTax": 21600000,
        "incomeBeforeTaxRatio": 0.0566186107,
        "incomeTaxExpense": 2800000,
        "netIncome": 18300000,
        "netIncomeRatio": 0.0479685452,
        "eps": 0.64,
        "epsdiluted": 0.64,
        "weightedAverageShsOut": 28676471,
        "weightedAverageShsOutDil": 28676471,
        "link": "",
        "finalLink": ""
    },
    {
        "date": "1996-09-30",
        "symbol": "PCH",
        "reportedCurrency": "USD",
        "cik": "0001338749",
        "fillingDate": "1996-09-30",
        "acceptedDate": "1996-09-29 20:00:00",
        "calendarYear": "1996",
        "period": "Q3",
        "revenue": 398200000,
        "costOfRevenue": 299200000,
        "grossProfit": 99000000,
        "grossProfitRatio": 0.2486187845,
        "researchAndDevelopmentExpenses": 0,
        "generalAndAdministrativeExpenses": 0,
        "sellingAndMarketingExpenses": 0,
        "sellingGeneralAndAdministrativeExpenses": 25900000,
        "otherExpenses": 37400000,
        "operatingExpenses": 63300000,
        "costAndExpenses": 362500000,
        "interestIncome": 0,
        "interestExpense": 0,
        "depreciationAndAmortization": 37400000,
        "ebitda": 73100000,
        "ebitdaratio": 0.1835760924,
        "operatingIncome": 35700000,
        "operatingIncomeRatio": 0.0896534405,
        "totalOtherIncomeExpensesNet": -8400000,
        "incomeBeforeTax": 27300000,
        "incomeBeforeTaxRatio": 0.0685585133,
        "incomeTaxExpense": 7800000,
        "netIncome": 19500000,
        "netIncomeRatio": 0.0489703666,
        "eps": 0.68,
        "epsdiluted": 0.68,
        "weightedAverageShsOut": 28676471,
        "weightedAverageShsOutDil": 28676471,
        "link": "",
        "finalLink": ""
    },
    {
        "date": "1996-06-30",
        "symbol": "PCH",
        "reportedCurrency": "USD",
        "cik": "0001338749",
        "fillingDate": "1996-06-30",
        "acceptedDate": "1996-06-29 20:00:00",
        "calendarYear": "1996",
        "period": "Q2",
        "revenue": 386100000,
        "costOfRevenue": 290500000,
        "grossProfit": 95600000,
        "grossProfitRatio": 0.2476042476,
        "researchAndDevelopmentExpenses": 0,
        "generalAndAdministrativeExpenses": 0,
        "sellingAndMarketingExpenses": 0,
        "sellingGeneralAndAdministrativeExpenses": 23600000,
        "otherExpenses": 33200000,
        "operatingExpenses": 56800000,
        "costAndExpenses": 347300000,
        "interestIncome": 0,
        "interestExpense": 0,
        "depreciationAndAmortization": 33200000,
        "ebitda": 72000000,
        "ebitdaratio": 0.1864801865,
        "operatingIncome": 38800000,
        "operatingIncomeRatio": 0.1004921005,
        "totalOtherIncomeExpensesNet": -9600000,
        "incomeBeforeTax": 29200000,
        "incomeBeforeTaxRatio": 0.0756280756,
        "incomeTaxExpense": 11100000,
        "netIncome": 15200000,
        "netIncomeRatio": 0.0393680394,
        "eps": 0.53,
        "epsdiluted": 0.53,
        "weightedAverageShsOut": 28679245,
        "weightedAverageShsOutDil": 28679245,
        "link": "",
        "finalLink": ""
    },
    {
        "date": "1996-03-31",
        "symbol": "PCH",
        "reportedCurrency": "USD",
        "cik": "0001338749",
        "fillingDate": "1996-03-31",
        "acceptedDate": "1996-03-30 19:00:00",
        "calendarYear": "1996",
        "period": "Q1",
        "revenue": 388600000,
        "costOfRevenue": 308500000,
        "grossProfit": 80100000,
        "grossProfitRatio": 0.2061245497,
        "researchAndDevelopmentExpenses": 0,
        "generalAndAdministrativeExpenses": 0,
        "sellingAndMarketingExpenses": 0,
        "sellingGeneralAndAdministrativeExpenses": 24600000,
        "otherExpenses": 35100000,
        "operatingExpenses": 59700000,
        "costAndExpenses": 368200000,
        "interestIncome": 0,
        "interestExpense": 0,
        "depreciationAndAmortization": 35100000,
        "ebitda": 55500000,
        "ebitdaratio": 0.1428203809,
        "operatingIncome": 20400000,
        "operatingIncomeRatio": 0.05249614,
        "totalOtherIncomeExpensesNet": -12400000,
        "incomeBeforeTax": 8000000,
        "incomeBeforeTaxRatio": 0.0205867216,
        "incomeTaxExpense": 3000000,
        "netIncome": 5000000,
        "netIncomeRatio": 0.012866701,
        "eps": 0.17,
        "epsdiluted": 0.17,
        "weightedAverageShsOut": 29411765,
        "weightedAverageShsOutDil": 29411765,
        "link": "",
        "finalLink": ""
    },
    {
        "date": "1995-12-31",
        "symbol": "PCH",
        "reportedCurrency": "USD",
        "cik": "0001338749",
        "fillingDate": "1995-12-31",
        "acceptedDate": "1995-12-30 19:00:00",
        "calendarYear": "1995",
        "period": "Q4",
        "revenue": 402200000,
        "costOfRevenue": 282800000,
        "grossProfit": 119400000,
        "grossProfitRatio": 0.2968672302,
        "researchAndDevelopmentExpenses": 0,
        "generalAndAdministrativeExpenses": 0,
        "sellingAndMarketingExpenses": 0,
        "sellingGeneralAndAdministrativeExpenses": 23400000,
        "otherExpenses": 36200000,
        "operatingExpenses": 59600000,
        "costAndExpenses": 342400000,
        "interestIncome": 0,
        "interestExpense": 0,
        "depreciationAndAmortization": 36200000,
        "ebitda": 96000000,
        "ebitdaratio": 0.2386872203,
        "operatingIncome": 59800000,
        "operatingIncomeRatio": 0.1486822476,
        "totalOtherIncomeExpensesNet": -15600000,
        "incomeBeforeTax": 44200000,
        "incomeBeforeTaxRatio": 0.1098955743,
        "incomeTaxExpense": 14900000,
        "netIncome": 29300000,
        "netIncomeRatio": 0.0728493287,
        "eps": 1.01,
        "epsdiluted": 1.01,
        "weightedAverageShsOut": 28991390,
        "weightedAverageShsOutDil": 29082569,
        "link": "",
        "finalLink": ""
    },
    {
        "date": "1995-09-30",
        "symbol": "PCH",
        "reportedCurrency": "USD",
        "cik": "0001338749",
        "fillingDate": "1995-09-30",
        "acceptedDate": "1995-09-29 20:00:00",
        "calendarYear": "1995",
        "period": "Q3",
        "revenue": 411200000,
        "costOfRevenue": 293400000,
        "grossProfit": 117800000,
        "grossProfitRatio": 0.2864785992,
        "researchAndDevelopmentExpenses": 0,
        "generalAndAdministrativeExpenses": 0,
        "sellingAndMarketingExpenses": 0,
        "sellingGeneralAndAdministrativeExpenses": 21800000,
        "otherExpenses": 35600000,
        "operatingExpenses": 57400000,
        "costAndExpenses": 350800000,
        "interestIncome": 0,
        "interestExpense": 0,
        "depreciationAndAmortization": 35600000,
        "ebitda": 96000000,
        "ebitdaratio": 0.233463035,
        "operatingIncome": 60400000,
        "operatingIncomeRatio": 0.1468871595,
        "totalOtherIncomeExpensesNet": -10300000,
        "incomeBeforeTax": 50100000,
        "incomeBeforeTaxRatio": 0.1218385214,
        "incomeTaxExpense": 18400000,
        "netIncome": 31700000,
        "netIncomeRatio": 0.0770914397,
        "eps": 1.09,
        "epsdiluted": 1.09,
        "weightedAverageShsOut": 29082569,
        "weightedAverageShsOutDil": 29082569,
        "link": "",
        "finalLink": ""
    },
    {
        "date": "1995-06-30",
        "symbol": "PCH",
        "reportedCurrency": "USD",
        "cik": "0001338749",
        "fillingDate": "1995-06-30",
        "acceptedDate": "1995-06-29 20:00:00",
        "calendarYear": "1995",
        "period": "Q2",
        "revenue": 397200000,
        "costOfRevenue": 292800000,
        "grossProfit": 104400000,
        "grossProfitRatio": 0.2628398792,
        "researchAndDevelopmentExpenses": 0,
        "generalAndAdministrativeExpenses": 0,
        "sellingAndMarketingExpenses": 0,
        "sellingGeneralAndAdministrativeExpenses": 22200000,
        "otherExpenses": 32500000,
        "operatingExpenses": 54700000,
        "costAndExpenses": 347500000,
        "interestIncome": 0,
        "interestExpense": 0,
        "depreciationAndAmortization": 32500000,
        "ebitda": 82200000,
        "ebitdaratio": 0.2069486405,
        "operatingIncome": 49700000,
        "operatingIncomeRatio": 0.1251258812,
        "totalOtherIncomeExpensesNet": -11100000,
        "incomeBeforeTax": 38600000,
        "incomeBeforeTaxRatio": 0.0971802618,
        "incomeTaxExpense": 14700000,
        "netIncome": 23900000,
        "netIncomeRatio": 0.0601711984,
        "eps": 0.81,
        "epsdiluted": 0.81,
        "weightedAverageShsOut": 29506173,
        "weightedAverageShsOutDil": 29506173,
        "link": "",
        "finalLink": ""
    },
    {
        "date": "1995-03-31",
        "symbol": "PCH",
        "reportedCurrency": "USD",
        "cik": "0001338749",
        "fillingDate": "1995-03-31",
        "acceptedDate": "1995-03-30 19:00:00",
        "calendarYear": "1995",
        "period": "Q1",
        "revenue": 394600000,
        "costOfRevenue": 288900000,
        "grossProfit": 105700000,
        "grossProfitRatio": 0.2678661936,
        "researchAndDevelopmentExpenses": 0,
        "generalAndAdministrativeExpenses": 0,
        "sellingAndMarketingExpenses": 0,
        "sellingGeneralAndAdministrativeExpenses": 23100000,
        "otherExpenses": 32700000,
        "operatingExpenses": 55800000,
        "costAndExpenses": 344700000,
        "interestIncome": 0,
        "interestExpense": 0,
        "depreciationAndAmortization": 32700000,
        "ebitda": 82600000,
        "ebitdaratio": 0.2093258996,
        "operatingIncome": 49900000,
        "operatingIncomeRatio": 0.1264571718,
        "totalOtherIncomeExpensesNet": -12000000,
        "incomeBeforeTax": 37900000,
        "incomeBeforeTaxRatio": 0.0960466295,
        "incomeTaxExpense": 14400000,
        "netIncome": 23500000,
        "netIncomeRatio": 0.0595539787,
        "eps": 0.81,
        "epsdiluted": 0.81,
        "weightedAverageShsOut": 29012346,
        "weightedAverageShsOutDil": 29012346,
        "link": "",
        "finalLink": ""
    },
    {
        "date": "1994-12-31",
        "symbol": "PCH",
        "reportedCurrency": "USD",
        "cik": "0001338749",
        "fillingDate": "1994-12-31",
        "acceptedDate": "1994-12-30 19:00:00",
        "calendarYear": "1994",
        "period": "Q4",
        "revenue": 387600000,
        "costOfRevenue": 283200000,
        "grossProfit": 104400000,
        "grossProfitRatio": 0.2693498452,
        "researchAndDevelopmentExpenses": 0,
        "generalAndAdministrativeExpenses": 0,
        "sellingAndMarketingExpenses": 0,
        "sellingGeneralAndAdministrativeExpenses": 19900000,
        "otherExpenses": 33900000,
        "operatingExpenses": 53800000,
        "costAndExpenses": 337000000,
        "interestIncome": 0,
        "interestExpense": 0,
        "depreciationAndAmortization": 33900000,
        "ebitda": 84500000,
        "ebitdaratio": 0.2180082559,
        "operatingIncome": 50600000,
        "operatingIncomeRatio": 0.1305469556,
        "totalOtherIncomeExpensesNet": -10000000,
        "incomeBeforeTax": 40600000,
        "incomeBeforeTaxRatio": 0.104747162,
        "incomeTaxExpense": 13700000,
        "netIncome": 26900000,
        "netIncomeRatio": 0.0694014448,
        "eps": 0.93,
        "epsdiluted": 0.93,
        "weightedAverageShsOut": 28918919,
        "weightedAverageShsOutDil": 28918919,
        "link": "",
        "finalLink": ""
    },
    {
        "date": "1994-09-30",
        "symbol": "PCH",
        "reportedCurrency": "USD",
        "cik": "0001338749",
        "fillingDate": "1994-09-30",
        "acceptedDate": "1994-09-29 20:00:00",
        "calendarYear": "1994",
        "period": "Q3",
        "revenue": 373300000,
        "costOfRevenue": 287000000,
        "grossProfit": 86300000,
        "grossProfitRatio": 0.2311813555,
        "researchAndDevelopmentExpenses": 0,
        "generalAndAdministrativeExpenses": 0,
        "sellingAndMarketingExpenses": 0,
        "sellingGeneralAndAdministrativeExpenses": 22500000,
        "otherExpenses": 35000000,
        "operatingExpenses": 57500000,
        "costAndExpenses": 344500000,
        "interestIncome": 0,
        "interestExpense": 0,
        "depreciationAndAmortization": 35000000,
        "ebitda": 63800000,
        "ebitdaratio": 0.1709081168,
        "operatingIncome": 28800000,
        "operatingIncomeRatio": 0.0771497455,
        "totalOtherIncomeExpensesNet": -11800000,
        "incomeBeforeTax": 17000000,
        "incomeBeforeTaxRatio": 0.0455397803,
        "incomeTaxExpense": 6300000,
        "netIncome": 10700000,
        "netIncomeRatio": 0.0286632735,
        "eps": 0.37,
        "epsdiluted": 0.37,
        "weightedAverageShsOut": 28918919,
        "weightedAverageShsOutDil": 28918919,
        "link": "",
        "finalLink": ""
    },
    {
        "date": "1994-06-30",
        "symbol": "PCH",
        "reportedCurrency": "USD",
        "cik": "0001338749",
        "fillingDate": "1994-06-30",
        "acceptedDate": "1994-06-29 20:00:00",
        "calendarYear": "1994",
        "period": "Q2",
        "revenue": 345100000,
        "costOfRevenue": 271000000,
        "grossProfit": 74100000,
        "grossProfitRatio": 0.2147203709,
        "researchAndDevelopmentExpenses": 0,
        "generalAndAdministrativeExpenses": 0,
        "sellingAndMarketingExpenses": 0,
        "sellingGeneralAndAdministrativeExpenses": 20900000,
        "otherExpenses": 34400000,
        "operatingExpenses": 55300000,
        "costAndExpenses": 326300000,
        "interestIncome": 0,
        "interestExpense": 0,
        "depreciationAndAmortization": 34400000,
        "ebitda": 53200000,
        "ebitdaratio": 0.154158215,
        "operatingIncome": 18800000,
        "operatingIncomeRatio": 0.0544769632,
        "totalOtherIncomeExpensesNet": -9000000,
        "incomeBeforeTax": 9800000,
        "incomeBeforeTaxRatio": 0.0283975659,
        "incomeTaxExpense": 3700000,
        "netIncome": 6100000,
        "netIncomeRatio": 0.0176760359,
        "eps": 0.21,
        "epsdiluted": 0.21,
        "weightedAverageShsOut": 29047619,
        "weightedAverageShsOutDil": 29047619,
        "link": "",
        "finalLink": ""
    },
    {
        "date": "1994-03-31",
        "symbol": "PCH",
        "reportedCurrency": "USD",
        "cik": "0001338749",
        "fillingDate": "1994-03-31",
        "acceptedDate": "1994-03-30 19:00:00",
        "calendarYear": "1994",
        "period": "Q1",
        "revenue": 365300000,
        "costOfRevenue": 280400000,
        "grossProfit": 84900000,
        "grossProfitRatio": 0.2324117164,
        "researchAndDevelopmentExpenses": 0,
        "generalAndAdministrativeExpenses": 0,
        "sellingAndMarketingExpenses": 0,
        "sellingGeneralAndAdministrativeExpenses": 19500000,
        "otherExpenses": 35000000,
        "operatingExpenses": 54500000,
        "costAndExpenses": 334900000,
        "interestIncome": 0,
        "interestExpense": 0,
        "depreciationAndAmortization": 35000000,
        "ebitda": 65400000,
        "ebitdaratio": 0.1790309335,
        "operatingIncome": 30400000,
        "operatingIncomeRatio": 0.0832192718,
        "totalOtherIncomeExpensesNet": -21800000,
        "incomeBeforeTax": 8600000,
        "incomeBeforeTaxRatio": 0.023542294,
        "incomeTaxExpense": 3300000,
        "netIncome": 5300000,
        "netIncomeRatio": 0.014508623,
        "eps": 0.18,
        "epsdiluted": 0.18,
        "weightedAverageShsOut": 29444444,
        "weightedAverageShsOutDil": 29444444,
        "link": "",
        "finalLink": ""
    },
    {
        "date": "1993-12-31",
        "symbol": "PCH",
        "reportedCurrency": "USD",
        "cik": "0001338749",
        "fillingDate": "1993-12-31",
        "acceptedDate": "1993-12-30 19:00:00",
        "calendarYear": "1993",
        "period": "Q4",
        "revenue": 342500000,
        "costOfRevenue": 262300000,
        "grossProfit": 80200000,
        "grossProfitRatio": 0.2341605839,
        "researchAndDevelopmentExpenses": 0,
        "generalAndAdministrativeExpenses": 0,
        "sellingAndMarketingExpenses": 0,
        "sellingGeneralAndAdministrativeExpenses": 23300000,
        "otherExpenses": 31800000,
        "operatingExpenses": 55100000,
        "costAndExpenses": 317400000,
        "interestIncome": 0,
        "interestExpense": 0,
        "depreciationAndAmortization": 31800000,
        "ebitda": 56900000,
        "ebitdaratio": 0.1661313869,
        "operatingIncome": 25100000,
        "operatingIncomeRatio": 0.0732846715,
        "totalOtherIncomeExpensesNet": -2000000,
        "incomeBeforeTax": 23100000,
        "incomeBeforeTaxRatio": 0.0674452555,
        "incomeTaxExpense": 7500000,
        "netIncome": 15600000,
        "netIncomeRatio": 0.0455474453,
        "eps": 0.5,
        "epsdiluted": 0.5,
        "weightedAverageShsOut": 31428571,
        "weightedAverageShsOutDil": 31428571,
        "link": "",
        "finalLink": ""
    },
    {
        "date": "1993-09-30",
        "symbol": "PCH",
        "reportedCurrency": "USD",
        "cik": "0001338749",
        "fillingDate": "1993-09-30",
        "acceptedDate": "1993-09-29 20:00:00",
        "calendarYear": "1993",
        "period": "Q3",
        "revenue": 338200000,
        "costOfRevenue": 273300000,
        "grossProfit": 64900000,
        "grossProfitRatio": 0.191898285,
        "researchAndDevelopmentExpenses": 0,
        "generalAndAdministrativeExpenses": 0,
        "sellingAndMarketingExpenses": 0,
        "sellingGeneralAndAdministrativeExpenses": 19600000,
        "otherExpenses": 33100000,
        "operatingExpenses": 52700000,
        "costAndExpenses": 326000000,
        "interestIncome": 0,
        "interestExpense": 0,
        "depreciationAndAmortization": 33100000,
        "ebitda": 45300000,
        "ebitdaratio": 0.1339444116,
        "operatingIncome": 12200000,
        "operatingIncomeRatio": 0.0360733294,
        "totalOtherIncomeExpensesNet": -9900000,
        "incomeBeforeTax": 2300000,
        "incomeBeforeTaxRatio": 0.0068007096,
        "incomeTaxExpense": 4500000,
        "netIncome": -2200000,
        "netIncomeRatio": -0.0065050266,
        "eps": -0.07,
        "epsdiluted": -0.07,
        "weightedAverageShsOut": 31428571,
        "weightedAverageShsOutDil": 31428571,
        "link": "",
        "finalLink": ""
    },
    {
        "date": "1993-06-30",
        "symbol": "PCH",
        "reportedCurrency": "USD",
        "cik": "0001338749",
        "fillingDate": "1993-06-30",
        "acceptedDate": "1993-06-29 20:00:00",
        "calendarYear": "1993",
        "period": "Q2",
        "revenue": 326600000,
        "costOfRevenue": 262200000,
        "grossProfit": 64400000,
        "grossProfitRatio": 0.1971830986,
        "researchAndDevelopmentExpenses": 0,
        "generalAndAdministrativeExpenses": 0,
        "sellingAndMarketingExpenses": 0,
        "sellingGeneralAndAdministrativeExpenses": 19600000,
        "otherExpenses": 30200000,
        "operatingExpenses": 49800000,
        "costAndExpenses": 312000000,
        "interestIncome": 0,
        "interestExpense": 0,
        "depreciationAndAmortization": 30200000,
        "ebitda": 44800000,
        "ebitdaratio": 0.1371708512,
        "operatingIncome": 14600000,
        "operatingIncomeRatio": 0.0447030006,
        "totalOtherIncomeExpensesNet": -10200000,
        "incomeBeforeTax": 4400000,
        "incomeBeforeTaxRatio": 0.0134721372,
        "incomeTaxExpense": 1600000,
        "netIncome": 2800000,
        "netIncomeRatio": 0.0085731782,
        "eps": 0.09,
        "epsdiluted": 0.09,
        "weightedAverageShsOut": 31111111,
        "weightedAverageShsOutDil": 31111111,
        "link": "",
        "finalLink": ""
    },
    {
        "date": "1993-03-31",
        "symbol": "PCH",
        "reportedCurrency": "USD",
        "cik": "0001338749",
        "fillingDate": "1993-03-31",
        "acceptedDate": "1993-03-30 19:00:00",
        "calendarYear": "1993",
        "period": "Q1",
        "revenue": 361500000,
        "costOfRevenue": 266500000,
        "grossProfit": 95000000,
        "grossProfitRatio": 0.2627939142,
        "researchAndDevelopmentExpenses": 0,
        "generalAndAdministrativeExpenses": 0,
        "sellingAndMarketingExpenses": 0,
        "sellingGeneralAndAdministrativeExpenses": 21500000,
        "otherExpenses": 28400000,
        "operatingExpenses": 49900000,
        "costAndExpenses": 316400000,
        "interestIncome": 0,
        "interestExpense": 0,
        "depreciationAndAmortization": 28400000,
        "ebitda": 73500000,
        "ebitdaratio": 0.2033195021,
        "operatingIncome": 45100000,
        "operatingIncomeRatio": 0.124757953,
        "totalOtherIncomeExpensesNet": -9900000,
        "incomeBeforeTax": 35200000,
        "incomeBeforeTaxRatio": 0.0973720609,
        "incomeTaxExpense": 13000000,
        "netIncome": -9500000,
        "netIncomeRatio": -0.0262793914,
        "eps": -0.33,
        "epsdiluted": -0.33,
        "weightedAverageShsOut": 28787879,
        "weightedAverageShsOutDil": 28787879,
        "link": "",
        "finalLink": ""
    },
    {
        "date": "1992-12-31",
        "symbol": "PCH",
        "reportedCurrency": "USD",
        "cik": "0001338749",
        "fillingDate": "1992-12-31",
        "acceptedDate": "1992-12-30 19:00:00",
        "calendarYear": "1992",
        "period": "Q4",
        "revenue": 323600000,
        "costOfRevenue": 248500000,
        "grossProfit": 75100000,
        "grossProfitRatio": 0.2320766378,
        "researchAndDevelopmentExpenses": 0,
        "generalAndAdministrativeExpenses": 0,
        "sellingAndMarketingExpenses": 0,
        "sellingGeneralAndAdministrativeExpenses": 22700000,
        "otherExpenses": 27100000,
        "operatingExpenses": 49800000,
        "costAndExpenses": 298300000,
        "interestIncome": 0,
        "interestExpense": 0,
        "depreciationAndAmortization": 27100000,
        "ebitda": 52400000,
        "ebitdaratio": 0.1619283066,
        "operatingIncome": 25300000,
        "operatingIncomeRatio": 0.0781829419,
        "totalOtherIncomeExpensesNet": -7600000,
        "incomeBeforeTax": 17700000,
        "incomeBeforeTaxRatio": 0.054697157,
        "incomeTaxExpense": 7200000,
        "netIncome": 10500000,
        "netIncomeRatio": 0.032447466,
        "eps": 0.36,
        "epsdiluted": 0.36,
        "weightedAverageShsOut": 29138416,
        "weightedAverageShsOutDil": 29180328,
        "link": "",
        "finalLink": ""
    },
    {
        "date": "1992-09-30",
        "symbol": "PCH",
        "reportedCurrency": "USD",
        "cik": "0001338749",
        "fillingDate": "1992-09-30",
        "acceptedDate": "1992-09-29 20:00:00",
        "calendarYear": "1992",
        "period": "Q3",
        "revenue": 340100000,
        "costOfRevenue": 255700000,
        "grossProfit": 84400000,
        "grossProfitRatio": 0.2481623052,
        "researchAndDevelopmentExpenses": 0,
        "generalAndAdministrativeExpenses": 0,
        "sellingAndMarketingExpenses": 0,
        "sellingGeneralAndAdministrativeExpenses": 19900000,
        "otherExpenses": 29100000,
        "operatingExpenses": 49000000,
        "costAndExpenses": 304700000,
        "interestIncome": 0,
        "interestExpense": 0,
        "depreciationAndAmortization": 29100000,
        "ebitda": 64500000,
        "ebitdaratio": 0.1896501029,
        "operatingIncome": 35400000,
        "operatingIncomeRatio": 0.1040870332,
        "totalOtherIncomeExpensesNet": -7600000,
        "incomeBeforeTax": 27800000,
        "incomeBeforeTaxRatio": 0.0817406645,
        "incomeTaxExpense": 10000000,
        "netIncome": 17800000,
        "netIncomeRatio": 0.0523375478,
        "eps": 0.61,
        "epsdiluted": 0.61,
        "weightedAverageShsOut": 29180328,
        "weightedAverageShsOutDil": 29180328,
        "link": "",
        "finalLink": ""
    },
    {
        "date": "1992-06-30",
        "symbol": "PCH",
        "reportedCurrency": "USD",
        "cik": "0001338749",
        "fillingDate": "1992-06-30",
        "acceptedDate": "1992-06-29 20:00:00",
        "calendarYear": "1992",
        "period": "Q2",
        "revenue": 328400000,
        "costOfRevenue": 245300000,
        "grossProfit": 83100000,
        "grossProfitRatio": 0.253045067,
        "researchAndDevelopmentExpenses": 0,
        "generalAndAdministrativeExpenses": 0,
        "sellingAndMarketingExpenses": 0,
        "sellingGeneralAndAdministrativeExpenses": 19100000,
        "otherExpenses": 25600000,
        "operatingExpenses": 44700000,
        "costAndExpenses": 290000000,
        "interestIncome": 0,
        "interestExpense": 0,
        "depreciationAndAmortization": 25600000,
        "ebitda": 64000000,
        "ebitdaratio": 0.1948842875,
        "operatingIncome": 38400000,
        "operatingIncomeRatio": 0.1169305725,
        "totalOtherIncomeExpensesNet": 15800000,
        "incomeBeforeTax": 54200000,
        "incomeBeforeTaxRatio": 0.1650426309,
        "incomeTaxExpense": 19500000,
        "netIncome": 34700000,
        "netIncomeRatio": 0.1056638246,
        "eps": 1.19,
        "epsdiluted": 1.19,
        "weightedAverageShsOut": 29159664,
        "weightedAverageShsOutDil": 29159664,
        "link": "",
        "finalLink": ""
    },
    {
        "date": "1992-03-31",
        "symbol": "PCH",
        "reportedCurrency": "USD",
        "cik": "0001338749",
        "fillingDate": "1992-03-31",
        "acceptedDate": "1992-03-30 19:00:00",
        "calendarYear": "1992",
        "period": "Q1",
        "revenue": 334500000,
        "costOfRevenue": 257300000,
        "grossProfit": 77200000,
        "grossProfitRatio": 0.2307922272,
        "researchAndDevelopmentExpenses": 0,
        "generalAndAdministrativeExpenses": 0,
        "sellingAndMarketingExpenses": 0,
        "sellingGeneralAndAdministrativeExpenses": 21700000,
        "otherExpenses": 25400000,
        "operatingExpenses": 47100000,
        "costAndExpenses": 304400000,
        "interestIncome": 0,
        "interestExpense": 0,
        "depreciationAndAmortization": 25400000,
        "ebitda": 55500000,
        "ebitdaratio": 0.1659192825,
        "operatingIncome": 30100000,
        "operatingIncomeRatio": 0.0899850523,
        "totalOtherIncomeExpensesNet": -5300000,
        "incomeBeforeTax": 24800000,
        "incomeBeforeTaxRatio": 0.0741405082,
        "incomeTaxExpense": 8900000,
        "netIncome": 15900000,
        "netIncomeRatio": 0.0475336323,
        "eps": 0.55,
        "epsdiluted": 0.55,
        "weightedAverageShsOut": 28909091,
        "weightedAverageShsOutDil": 28909091,
        "link": "",
        "finalLink": ""
    },
    {
        "date": "1991-12-31",
        "symbol": "PCH",
        "reportedCurrency": "USD",
        "cik": "0001338749",
        "fillingDate": "1991-12-31",
        "acceptedDate": "1991-12-30 19:00:00",
        "calendarYear": "1991",
        "period": "Q4",
        "revenue": 303900000,
        "costOfRevenue": 228500000,
        "grossProfit": 75400000,
        "grossProfitRatio": 0.2481079302,
        "researchAndDevelopmentExpenses": 0,
        "generalAndAdministrativeExpenses": 0,
        "sellingAndMarketingExpenses": 0,
        "sellingGeneralAndAdministrativeExpenses": 19600000,
        "otherExpenses": 25200000,
        "operatingExpenses": 44800000,
        "costAndExpenses": 273300000,
        "interestIncome": 0,
        "interestExpense": 0,
        "depreciationAndAmortization": 25200000,
        "ebitda": 55800000,
        "ebitdaratio": 0.1836130306,
        "operatingIncome": 30600000,
        "operatingIncomeRatio": 0.1006910168,
        "totalOtherIncomeExpensesNet": -6300000,
        "incomeBeforeTax": 24300000,
        "incomeBeforeTaxRatio": 0.0799605133,
        "incomeTaxExpense": 8100000,
        "netIncome": 16200000,
        "netIncomeRatio": 0.0533070089,
        "eps": 0.56,
        "epsdiluted": 0.56,
        "weightedAverageShsOut": 28888889,
        "weightedAverageShsOutDil": 28888889,
        "link": "",
        "finalLink": ""
    },
    {
        "date": "1991-09-30",
        "symbol": "PCH",
        "reportedCurrency": "USD",
        "cik": "0001338749",
        "fillingDate": "1991-09-30",
        "acceptedDate": "1991-09-29 20:00:00",
        "calendarYear": "1991",
        "period": "Q3",
        "revenue": 322900000,
        "costOfRevenue": 243500000,
        "grossProfit": 79400000,
        "grossProfitRatio": 0.2458965624,
        "researchAndDevelopmentExpenses": 0,
        "generalAndAdministrativeExpenses": 0,
        "sellingAndMarketingExpenses": 0,
        "sellingGeneralAndAdministrativeExpenses": 17800000,
        "otherExpenses": 26200000,
        "operatingExpenses": 44000000,
        "costAndExpenses": 287500000,
        "interestIncome": 0,
        "interestExpense": 0,
        "depreciationAndAmortization": 26300000,
        "ebitda": 61700000,
        "ebitdaratio": 0.19108083,
        "operatingIncome": 35400000,
        "operatingIncomeRatio": 0.1096314648,
        "totalOtherIncomeExpensesNet": -7400000,
        "incomeBeforeTax": 28000000,
        "incomeBeforeTaxRatio": 0.086714153,
        "incomeTaxExpense": 9800000,
        "netIncome": 18200000,
        "netIncomeRatio": 0.0563641994,
        "eps": 0.63,
        "epsdiluted": 0.63,
        "weightedAverageShsOut": 28888889,
        "weightedAverageShsOutDil": 28888889,
        "link": "",
        "finalLink": ""
    },
    {
        "date": "1991-06-30",
        "symbol": "PCH",
        "reportedCurrency": "USD",
        "cik": "0001338749",
        "fillingDate": "1991-06-30",
        "acceptedDate": "1991-06-29 20:00:00",
        "calendarYear": "1991",
        "period": "Q2",
        "revenue": 316600000,
        "costOfRevenue": 243700000,
        "grossProfit": 72900000,
        "grossProfitRatio": 0.2302590019,
        "researchAndDevelopmentExpenses": 0,
        "generalAndAdministrativeExpenses": 0,
        "sellingAndMarketingExpenses": 0,
        "sellingGeneralAndAdministrativeExpenses": 17200000,
        "otherExpenses": 22800000,
        "operatingExpenses": 40000000,
        "costAndExpenses": 283700000,
        "interestIncome": 0,
        "interestExpense": 0,
        "depreciationAndAmortization": 22800000,
        "ebitda": 55700000,
        "ebitdaratio": 0.1759317751,
        "operatingIncome": 32900000,
        "operatingIncomeRatio": 0.103916614,
        "totalOtherIncomeExpensesNet": -14800000,
        "incomeBeforeTax": 18100000,
        "incomeBeforeTaxRatio": 0.0571699305,
        "incomeTaxExpense": 6300000,
        "netIncome": 11800000,
        "netIncomeRatio": 0.0372710044,
        "eps": 0.41,
        "epsdiluted": 0.41,
        "weightedAverageShsOut": 28780488,
        "weightedAverageShsOutDil": 28780488,
        "link": "",
        "finalLink": ""
    },
    {
        "date": "1991-03-31",
        "symbol": "PCH",
        "reportedCurrency": "USD",
        "cik": "0001338749",
        "fillingDate": "1991-03-31",
        "acceptedDate": "1991-03-30 19:00:00",
        "calendarYear": "1991",
        "period": "Q1",
        "revenue": 293600000,
        "costOfRevenue": 230200000,
        "grossProfit": 63400000,
        "grossProfitRatio": 0.2159400545,
        "researchAndDevelopmentExpenses": 0,
        "generalAndAdministrativeExpenses": 0,
        "sellingAndMarketingExpenses": 0,
        "sellingGeneralAndAdministrativeExpenses": 20500000,
        "otherExpenses": 22600000,
        "operatingExpenses": 43100000,
        "costAndExpenses": 273300000,
        "interestIncome": 0,
        "interestExpense": 0,
        "depreciationAndAmortization": 22600000,
        "ebitda": 42900000,
        "ebitdaratio": 0.1461171662,
        "operatingIncome": 20300000,
        "operatingIncomeRatio": 0.0691416894,
        "totalOtherIncomeExpensesNet": -5500000,
        "incomeBeforeTax": 14800000,
        "incomeBeforeTaxRatio": 0.0504087193,
        "incomeTaxExpense": 5200000,
        "netIncome": 9600000,
        "netIncomeRatio": 0.0326975477,
        "eps": 0.33,
        "epsdiluted": 0.33,
        "weightedAverageShsOut": 29090909,
        "weightedAverageShsOutDil": 29090909,
        "link": "",
        "finalLink": ""
    },
    {
        "date": "1990-12-31",
        "symbol": "PCH",
        "reportedCurrency": "USD",
        "cik": "0001338749",
        "fillingDate": "1990-12-31",
        "acceptedDate": "1990-12-30 19:00:00",
        "calendarYear": "1990",
        "period": "Q4",
        "revenue": 290700000,
        "costOfRevenue": 239000000,
        "grossProfit": 51700000,
        "grossProfitRatio": 0.1778465772,
        "researchAndDevelopmentExpenses": 0,
        "generalAndAdministrativeExpenses": 0,
        "sellingAndMarketingExpenses": 0,
        "sellingGeneralAndAdministrativeExpenses": 17100000,
        "otherExpenses": 23200000,
        "operatingExpenses": 40300000,
        "costAndExpenses": 279300000,
        "interestIncome": 0,
        "interestExpense": 0,
        "depreciationAndAmortization": 23200000,
        "ebitda": 34600000,
        "ebitdaratio": 0.1190230478,
        "operatingIncome": 11400000,
        "operatingIncomeRatio": 0.0392156863,
        "totalOtherIncomeExpensesNet": -6100000,
        "incomeBeforeTax": 5300000,
        "incomeBeforeTaxRatio": 0.0182318541,
        "incomeTaxExpense": 800000,
        "netIncome": 4500000,
        "netIncomeRatio": 0.0154798762,
        "eps": 0.15,
        "epsdiluted": 0.15,
        "weightedAverageShsOut": 28798286,
        "weightedAverageShsOutDil": 29058824,
        "link": "",
        "finalLink": ""
    },
    {
        "date": "1990-09-30",
        "symbol": "PCH",
        "reportedCurrency": "USD",
        "cik": "0001338749",
        "fillingDate": "1990-09-30",
        "acceptedDate": "1990-09-29 20:00:00",
        "calendarYear": "1990",
        "period": "Q3",
        "revenue": 314300000,
        "costOfRevenue": 232700000,
        "grossProfit": 81600000,
        "grossProfitRatio": 0.2596245625,
        "researchAndDevelopmentExpenses": 0,
        "generalAndAdministrativeExpenses": 0,
        "sellingAndMarketingExpenses": 0,
        "sellingGeneralAndAdministrativeExpenses": 15800000,
        "otherExpenses": 22700000,
        "operatingExpenses": 38500000,
        "costAndExpenses": 271200000,
        "interestIncome": 0,
        "interestExpense": 0,
        "depreciationAndAmortization": 22600000,
        "ebitda": 65800000,
        "ebitdaratio": 0.2093541203,
        "operatingIncome": 43100000,
        "operatingIncomeRatio": 0.1371301304,
        "totalOtherIncomeExpensesNet": -4500000,
        "incomeBeforeTax": 38600000,
        "incomeBeforeTaxRatio": 0.1228125994,
        "incomeTaxExpense": 13900000,
        "netIncome": 24700000,
        "netIncomeRatio": 0.0785873369,
        "eps": 0.85,
        "epsdiluted": 0.85,
        "weightedAverageShsOut": 29058824,
        "weightedAverageShsOutDil": 29058824,
        "link": "",
        "finalLink": ""
    },
    {
        "date": "1990-06-30",
        "symbol": "PCH",
        "reportedCurrency": "USD",
        "cik": "0001338749",
        "fillingDate": "1990-06-30",
        "acceptedDate": "1990-06-29 20:00:00",
        "calendarYear": "1990",
        "period": "Q2",
        "revenue": 321200000,
        "costOfRevenue": 227100000,
        "grossProfit": 94100000,
        "grossProfitRatio": 0.2929638854,
        "researchAndDevelopmentExpenses": 0,
        "generalAndAdministrativeExpenses": 0,
        "sellingAndMarketingExpenses": 0,
        "sellingGeneralAndAdministrativeExpenses": 15400000,
        "otherExpenses": 20800000,
        "operatingExpenses": 36200000,
        "costAndExpenses": 263300000,
        "interestIncome": 0,
        "interestExpense": 0,
        "depreciationAndAmortization": 20800000,
        "ebitda": 78700000,
        "ebitdaratio": 0.24501868,
        "operatingIncome": 57900000,
        "operatingIncomeRatio": 0.1802615193,
        "totalOtherIncomeExpensesNet": -7400000,
        "incomeBeforeTax": 50500000,
        "incomeBeforeTaxRatio": 0.1572229141,
        "incomeTaxExpense": 18200000,
        "netIncome": 32300000,
        "netIncomeRatio": 0.1005603985,
        "eps": 1.12,
        "epsdiluted": 1.12,
        "weightedAverageShsOut": 28839286,
        "weightedAverageShsOutDil": 28839286,
        "link": "",
        "finalLink": ""
    },
    {
        "date": "1990-03-31",
        "symbol": "PCH",
        "reportedCurrency": "USD",
        "cik": "0001338749",
        "fillingDate": "1990-03-31",
        "acceptedDate": "1990-03-30 19:00:00",
        "calendarYear": "1990",
        "period": "Q1",
        "revenue": 326700000,
        "costOfRevenue": 225500000,
        "grossProfit": 101200000,
        "grossProfitRatio": 0.3097643098,
        "researchAndDevelopmentExpenses": 0,
        "generalAndAdministrativeExpenses": 0,
        "sellingAndMarketingExpenses": 0,
        "sellingGeneralAndAdministrativeExpenses": 18700000,
        "otherExpenses": 19600000,
        "operatingExpenses": 38300000,
        "costAndExpenses": 263800000,
        "interestIncome": 0,
        "interestExpense": 0,
        "depreciationAndAmortization": 19600000,
        "ebitda": 82500000,
        "ebitdaratio": 0.2525252525,
        "operatingIncome": 62900000,
        "operatingIncomeRatio": 0.1925313743,
        "totalOtherIncomeExpensesNet": -5100000,
        "incomeBeforeTax": 57800000,
        "incomeBeforeTaxRatio": 0.1769207224,
        "incomeTaxExpense": 20800000,
        "netIncome": 37000000,
        "netIncomeRatio": 0.1132537496,
        "eps": 1.28,
        "epsdiluted": 1.23,
        "weightedAverageShsOut": 28906250,
        "weightedAverageShsOutDil": 30081301,
        "link": "",
        "finalLink": ""
    },
    {
        "date": "1989-12-31",
        "symbol": "PCH",
        "reportedCurrency": "USD",
        "cik": "0001338749",
        "fillingDate": "1989-12-31",
        "acceptedDate": "1989-12-30 19:00:00",
        "calendarYear": "1989",
        "period": "Q4",
        "revenue": 315700000,
        "costOfRevenue": 214100000,
        "grossProfit": 101600000,
        "grossProfitRatio": 0.3218245169,
        "researchAndDevelopmentExpenses": 0,
        "generalAndAdministrativeExpenses": 0,
        "sellingAndMarketingExpenses": 0,
        "sellingGeneralAndAdministrativeExpenses": 19700000,
        "otherExpenses": 20100000,
        "operatingExpenses": 39800000,
        "costAndExpenses": 253900000,
        "interestIncome": 0,
        "interestExpense": 0,
        "depreciationAndAmortization": 20100000,
        "ebitda": 81900000,
        "ebitdaratio": 0.2594235033,
        "operatingIncome": 61800000,
        "operatingIncomeRatio": 0.195755464,
        "totalOtherIncomeExpensesNet": -4500000,
        "incomeBeforeTax": 57300000,
        "incomeBeforeTaxRatio": 0.1815014254,
        "incomeTaxExpense": 17400000,
        "netIncome": 39900000,
        "netIncomeRatio": 0.1263858093,
        "eps": 1.39,
        "epsdiluted": 1.39,
        "weightedAverageShsOut": 28770492,
        "weightedAverageShsOutDil": 28770492,
        "link": "",
        "finalLink": ""
    },
    {
        "date": "1989-09-30",
        "symbol": "PCH",
        "reportedCurrency": "USD",
        "cik": "0001338749",
        "fillingDate": "1989-09-30",
        "acceptedDate": "1989-09-29 20:00:00",
        "calendarYear": "1989",
        "period": "Q3",
        "revenue": 318400000,
        "costOfRevenue": 222600000,
        "grossProfit": 95800000,
        "grossProfitRatio": 0.300879397,
        "researchAndDevelopmentExpenses": 0,
        "generalAndAdministrativeExpenses": 0,
        "sellingAndMarketingExpenses": 0,
        "sellingGeneralAndAdministrativeExpenses": 15900000,
        "otherExpenses": 20400000,
        "operatingExpenses": 36300000,
        "costAndExpenses": 258900000,
        "interestIncome": 0,
        "interestExpense": 0,
        "depreciationAndAmortization": 20400000,
        "ebitda": 79900000,
        "ebitdaratio": 0.2509422111,
        "operatingIncome": 59500000,
        "operatingIncomeRatio": 0.1868718593,
        "totalOtherIncomeExpensesNet": -4600000,
        "incomeBeforeTax": 54900000,
        "incomeBeforeTaxRatio": 0.1724246231,
        "incomeTaxExpense": 19800000,
        "netIncome": 35100000,
        "netIncomeRatio": 0.1102386935,
        "eps": 1.22,
        "epsdiluted": 1.17,
        "weightedAverageShsOut": 28770492,
        "weightedAverageShsOutDil": 30000000,
        "link": "",
        "finalLink": ""
    },
    {
        "date": "1989-06-30",
        "symbol": "PCH",
        "reportedCurrency": "USD",
        "cik": "0001338749",
        "fillingDate": "1989-06-30",
        "acceptedDate": "1989-06-29 20:00:00",
        "calendarYear": "1989",
        "period": "Q2",
        "revenue": 296100000,
        "costOfRevenue": 215400000,
        "grossProfit": 80700000,
        "grossProfitRatio": 0.2725430598,
        "researchAndDevelopmentExpenses": 0,
        "generalAndAdministrativeExpenses": 0,
        "sellingAndMarketingExpenses": 0,
        "sellingGeneralAndAdministrativeExpenses": 16900000,
        "otherExpenses": 18500000,
        "operatingExpenses": 35400000,
        "costAndExpenses": 250800000,
        "interestIncome": 0,
        "interestExpense": 0,
        "depreciationAndAmortization": 18500000,
        "ebitda": 63800000,
        "ebitdaratio": 0.2154677474,
        "operatingIncome": 45300000,
        "operatingIncomeRatio": 0.1529888551,
        "totalOtherIncomeExpensesNet": -5100000,
        "incomeBeforeTax": 40200000,
        "incomeBeforeTaxRatio": 0.1357649443,
        "incomeTaxExpense": 14500000,
        "netIncome": 25700000,
        "netIncomeRatio": 0.0867950017,
        "eps": 0.89,
        "epsdiluted": 0.86,
        "weightedAverageShsOut": 28876404,
        "weightedAverageShsOutDil": 29883721,
        "link": "",
        "finalLink": ""
    },
    {
        "date": "1989-03-31",
        "symbol": "PCH",
        "reportedCurrency": "USD",
        "cik": "0001338749",
        "fillingDate": "1989-03-31",
        "acceptedDate": "1989-03-30 19:00:00",
        "calendarYear": "1989",
        "period": "Q1",
        "revenue": 297400000,
        "costOfRevenue": 204000000,
        "grossProfit": 93400000,
        "grossProfitRatio": 0.3140551446,
        "researchAndDevelopmentExpenses": 0,
        "generalAndAdministrativeExpenses": 0,
        "sellingAndMarketingExpenses": 0,
        "sellingGeneralAndAdministrativeExpenses": 14600000,
        "otherExpenses": 18300000,
        "operatingExpenses": 32900000,
        "costAndExpenses": 236900000,
        "interestIncome": 0,
        "interestExpense": 0,
        "depreciationAndAmortization": 18300000,
        "ebitda": 78800000,
        "ebitdaratio": 0.2649630128,
        "operatingIncome": 60500000,
        "operatingIncomeRatio": 0.2034297243,
        "totalOtherIncomeExpensesNet": -4400000,
        "incomeBeforeTax": 56100000,
        "incomeBeforeTaxRatio": 0.1886348352,
        "incomeTaxExpense": 20200000,
        "netIncome": 35900000,
        "netIncomeRatio": 0.1207128447,
        "eps": 1.3,
        "epsdiluted": 1.2,
        "weightedAverageShsOut": 27615385,
        "weightedAverageShsOutDil": 29916667,
        "link": "",
        "finalLink": ""
    },
    {
        "date": "1988-12-31",
        "symbol": "PCH",
        "reportedCurrency": "USD",
        "cik": "0001338749",
        "fillingDate": "1988-12-31",
        "acceptedDate": "1988-12-30 19:00:00",
        "calendarYear": "1988",
        "period": "Q4",
        "revenue": 285400000,
        "costOfRevenue": 0,
        "grossProfit": 285400000,
        "grossProfitRatio": 1,
        "researchAndDevelopmentExpenses": 0,
        "generalAndAdministrativeExpenses": 0,
        "sellingAndMarketingExpenses": 0,
        "sellingGeneralAndAdministrativeExpenses": 0,
        "otherExpenses": -890300000,
        "operatingExpenses": -890300000,
        "costAndExpenses": -890300000,
        "interestIncome": 0,
        "interestExpense": 0,
        "depreciationAndAmortization": 0,
        "ebitda": -604900000,
        "ebitdaratio": -2.1194814296,
        "operatingIncome": -604900000,
        "operatingIncomeRatio": -2.1194814296,
        "totalOtherIncomeExpensesNet": 604900000,
        "incomeBeforeTax": 0,
        "incomeBeforeTaxRatio": 0,
        "incomeTaxExpense": 0,
        "netIncome": 33100000,
        "netIncomeRatio": 0.1159775753,
        "eps": 1.19,
        "epsdiluted": 1.11,
        "weightedAverageShsOut": 26887000,
        "weightedAverageShsOutDil": 26887000,
        "link": "",
        "finalLink": ""
    },
    {
        "date": "1988-09-30",
        "symbol": "PCH",
        "reportedCurrency": "USD",
        "cik": "0001338749",
        "fillingDate": "1988-09-30",
        "acceptedDate": "1988-09-29 20:00:00",
        "calendarYear": "1988",
        "period": "Q3",
        "revenue": 273700000,
        "costOfRevenue": 0,
        "grossProfit": 273700000,
        "grossProfitRatio": 1,
        "researchAndDevelopmentExpenses": 0,
        "generalAndAdministrativeExpenses": 0,
        "sellingAndMarketingExpenses": 0,
        "sellingGeneralAndAdministrativeExpenses": 0,
        "otherExpenses": 0,
        "operatingExpenses": 0,
        "costAndExpenses": 0,
        "interestIncome": 0,
        "interestExpense": 0,
        "depreciationAndAmortization": 0,
        "ebitda": 273700000,
        "ebitdaratio": 1,
        "operatingIncome": 273700000,
        "operatingIncomeRatio": 1,
        "totalOtherIncomeExpensesNet": -273700000,
        "incomeBeforeTax": 0,
        "incomeBeforeTaxRatio": 0,
        "incomeTaxExpense": 0,
        "netIncome": 28300000,
        "netIncomeRatio": 0.1033978809,
        "eps": 1.02,
        "epsdiluted": 0.95,
        "weightedAverageShsOut": 26887000,
        "weightedAverageShsOutDil": 26887000,
        "link": "",
        "finalLink": ""
    },
    {
        "date": "1988-06-30",
        "symbol": "PCH",
        "reportedCurrency": "USD",
        "cik": "0001338749",
        "fillingDate": "1988-06-30",
        "acceptedDate": "1988-06-29 20:00:00",
        "calendarYear": "1988",
        "period": "Q2",
        "revenue": 266800000,
        "costOfRevenue": 0,
        "grossProfit": 266800000,
        "grossProfitRatio": 1,
        "researchAndDevelopmentExpenses": 0,
        "generalAndAdministrativeExpenses": 0,
        "sellingAndMarketingExpenses": 0,
        "sellingGeneralAndAdministrativeExpenses": 0,
        "otherExpenses": 0,
        "operatingExpenses": 0,
        "costAndExpenses": 0,
        "interestIncome": 0,
        "interestExpense": 0,
        "depreciationAndAmortization": 0,
        "ebitda": 266800000,
        "ebitdaratio": 1,
        "operatingIncome": 266800000,
        "operatingIncomeRatio": 1,
        "totalOtherIncomeExpensesNet": -266800000,
        "incomeBeforeTax": 0,
        "incomeBeforeTaxRatio": 0,
        "incomeTaxExpense": 0,
        "netIncome": 24500000,
        "netIncomeRatio": 0.0918290855,
        "eps": 0.88,
        "epsdiluted": 0.83,
        "weightedAverageShsOut": 26854000,
        "weightedAverageShsOutDil": 26854000,
        "link": "",
        "finalLink": ""
    },
    {
        "date": "1988-03-31",
        "symbol": "PCH",
        "reportedCurrency": "USD",
        "cik": "0001338749",
        "fillingDate": "1988-03-31",
        "acceptedDate": "1988-03-30 19:00:00",
        "calendarYear": "1988",
        "period": "Q1",
        "revenue": 258200000,
        "costOfRevenue": 0,
        "grossProfit": 258200000,
        "grossProfitRatio": 1,
        "researchAndDevelopmentExpenses": 0,
        "generalAndAdministrativeExpenses": 0,
        "sellingAndMarketingExpenses": 0,
        "sellingGeneralAndAdministrativeExpenses": 0,
        "otherExpenses": 0,
        "operatingExpenses": 0,
        "costAndExpenses": 0,
        "interestIncome": 0,
        "interestExpense": 0,
        "depreciationAndAmortization": 0,
        "ebitda": 258200000,
        "ebitdaratio": 1,
        "operatingIncome": 258200000,
        "operatingIncomeRatio": 1,
        "totalOtherIncomeExpensesNet": -258200000,
        "incomeBeforeTax": 0,
        "incomeBeforeTaxRatio": 0,
        "incomeTaxExpense": 0,
        "netIncome": 26500000,
        "netIncomeRatio": 0.1026336174,
        "eps": 0.95,
        "epsdiluted": 0.89,
        "weightedAverageShsOut": 26710000,
        "weightedAverageShsOutDil": 26710000,
        "link": "",
        "finalLink": ""
    },
    {
        "date": "1987-12-31",
        "symbol": "PCH",
        "reportedCurrency": "USD",
        "cik": "0001338749",
        "fillingDate": "1987-12-31",
        "acceptedDate": "1987-12-30 19:00:00",
        "calendarYear": "1987",
        "period": "Q4",
        "revenue": 252800000,
        "costOfRevenue": 0,
        "grossProfit": 252800000,
        "grossProfitRatio": 1,
        "researchAndDevelopmentExpenses": 0,
        "generalAndAdministrativeExpenses": 0,
        "sellingAndMarketingExpenses": 0,
        "sellingGeneralAndAdministrativeExpenses": 0,
        "otherExpenses": -832600000,
        "operatingExpenses": -832600000,
        "costAndExpenses": -832600000,
        "interestIncome": 0,
        "interestExpense": 0,
        "depreciationAndAmortization": 0,
        "ebitda": -579800000,
        "ebitdaratio": -2.2935126582,
        "operatingIncome": -579800000,
        "operatingIncomeRatio": -2.2935126582,
        "totalOtherIncomeExpensesNet": 579800000,
        "incomeBeforeTax": 0,
        "incomeBeforeTaxRatio": 0,
        "incomeTaxExpense": 0,
        "netIncome": 24900000,
        "netIncomeRatio": 0.0984968354,
        "eps": 0.89,
        "epsdiluted": 0.86,
        "weightedAverageShsOut": 26710000,
        "weightedAverageShsOutDil": 26710000,
        "link": "",
        "finalLink": ""
    },
    {
        "date": "1987-09-30",
        "symbol": "PCH",
        "reportedCurrency": "USD",
        "cik": "0001338749",
        "fillingDate": "1987-09-30",
        "acceptedDate": "1987-09-29 20:00:00",
        "calendarYear": "1987",
        "period": "Q3",
        "revenue": 246800000,
        "costOfRevenue": 0,
        "grossProfit": 246800000,
        "grossProfitRatio": 1,
        "researchAndDevelopmentExpenses": 0,
        "generalAndAdministrativeExpenses": 0,
        "sellingAndMarketingExpenses": 0,
        "sellingGeneralAndAdministrativeExpenses": 0,
        "otherExpenses": 0,
        "operatingExpenses": 0,
        "costAndExpenses": 0,
        "interestIncome": 0,
        "interestExpense": 0,
        "depreciationAndAmortization": 0,
        "ebitda": 246800000,
        "ebitdaratio": 1,
        "operatingIncome": 246800000,
        "operatingIncomeRatio": 1,
        "totalOtherIncomeExpensesNet": -246800000,
        "incomeBeforeTax": 0,
        "incomeBeforeTaxRatio": 0,
        "incomeTaxExpense": 0,
        "netIncome": 22600000,
        "netIncomeRatio": 0.0915721232,
        "eps": 0.81,
        "epsdiluted": 0.76,
        "weightedAverageShsOut": 26710000,
        "weightedAverageShsOutDil": 26710000,
        "link": "",
        "finalLink": ""
    },
    {
        "date": "1987-06-30",
        "symbol": "PCH",
        "reportedCurrency": "USD",
        "cik": "0001338749",
        "fillingDate": "1987-06-30",
        "acceptedDate": "1987-06-29 20:00:00",
        "calendarYear": "1987",
        "period": "Q2",
        "revenue": 243900000,
        "costOfRevenue": 0,
        "grossProfit": 243900000,
        "grossProfitRatio": 1,
        "researchAndDevelopmentExpenses": 0,
        "generalAndAdministrativeExpenses": 0,
        "sellingAndMarketingExpenses": 0,
        "sellingGeneralAndAdministrativeExpenses": 0,
        "otherExpenses": 0,
        "operatingExpenses": 0,
        "costAndExpenses": 0,
        "interestIncome": 0,
        "interestExpense": 0,
        "depreciationAndAmortization": 0,
        "ebitda": 243900000,
        "ebitdaratio": 1,
        "operatingIncome": 243900000,
        "operatingIncomeRatio": 1,
        "totalOtherIncomeExpensesNet": -243900000,
        "incomeBeforeTax": 0,
        "incomeBeforeTaxRatio": 0,
        "incomeTaxExpense": 0,
        "netIncome": 22300000,
        "netIncomeRatio": 0.0914309143,
        "eps": 0.8,
        "epsdiluted": 0.75,
        "weightedAverageShsOut": 26710000,
        "weightedAverageShsOutDil": 26710000,
        "link": "",
        "finalLink": ""
    },
    {
        "date": "1987-03-31",
        "symbol": "PCH",
        "reportedCurrency": "USD",
        "cik": "0001338749",
        "fillingDate": "1987-03-31",
        "acceptedDate": "1987-03-30 19:00:00",
        "calendarYear": "1987",
        "period": "Q1",
        "revenue": 248600000,
        "costOfRevenue": 0,
        "grossProfit": 248600000,
        "grossProfitRatio": 1,
        "researchAndDevelopmentExpenses": 0,
        "generalAndAdministrativeExpenses": 0,
        "sellingAndMarketingExpenses": 0,
        "sellingGeneralAndAdministrativeExpenses": 0,
        "otherExpenses": 0,
        "operatingExpenses": 0,
        "costAndExpenses": 0,
        "interestIncome": 0,
        "interestExpense": 0,
        "depreciationAndAmortization": 0,
        "ebitda": 248600000,
        "ebitdaratio": 1,
        "operatingIncome": 248600000,
        "operatingIncomeRatio": 1,
        "totalOtherIncomeExpensesNet": -248600000,
        "incomeBeforeTax": 0,
        "incomeBeforeTaxRatio": 0,
        "incomeTaxExpense": 0,
        "netIncome": 17800000,
        "netIncomeRatio": 0.0716009654,
        "eps": 0.32,
        "epsdiluted": 0.31,
        "weightedAverageShsOut": 26710000,
        "weightedAverageShsOutDil": 26710000,
        "link": "",
        "finalLink": ""
    },
    {
        "date": "1986-12-31",
        "symbol": "PCH",
        "reportedCurrency": "USD",
        "cik": "0001338749",
        "fillingDate": "1986-12-31",
        "acceptedDate": "1986-12-30 19:00:00",
        "calendarYear": "1986",
        "period": "Q4",
        "revenue": 243300000,
        "costOfRevenue": 0,
        "grossProfit": 243300000,
        "grossProfitRatio": 1,
        "researchAndDevelopmentExpenses": 0,
        "generalAndAdministrativeExpenses": 0,
        "sellingAndMarketingExpenses": 0,
        "sellingGeneralAndAdministrativeExpenses": 0,
        "otherExpenses": -846800000,
        "operatingExpenses": -846800000,
        "costAndExpenses": -846800000,
        "interestIncome": 0,
        "interestExpense": 0,
        "depreciationAndAmortization": 0,
        "ebitda": -603500000,
        "ebitdaratio": -2.4804767776,
        "operatingIncome": -603500000,
        "operatingIncomeRatio": -2.4804767776,
        "totalOtherIncomeExpensesNet": 603500000,
        "incomeBeforeTax": 0,
        "incomeBeforeTaxRatio": 0,
        "incomeTaxExpense": 0,
        "netIncome": 20100000,
        "netIncomeRatio": 0.0826140567,
        "eps": 0.72,
        "epsdiluted": 0.72,
        "weightedAverageShsOut": 26546000,
        "weightedAverageShsOutDil": 26546000,
        "link": "",
        "finalLink": ""
    },
    {
        "date": "1986-09-30",
        "symbol": "PCH",
        "reportedCurrency": "USD",
        "cik": "0001338749",
        "fillingDate": "1986-09-30",
        "acceptedDate": "1986-09-29 20:00:00",
        "calendarYear": "1986",
        "period": "Q3",
        "revenue": 250000000,
        "costOfRevenue": 0,
        "grossProfit": 250000000,
        "grossProfitRatio": 1,
        "researchAndDevelopmentExpenses": 0,
        "generalAndAdministrativeExpenses": 0,
        "sellingAndMarketingExpenses": 0,
        "sellingGeneralAndAdministrativeExpenses": 0,
        "otherExpenses": 0,
        "operatingExpenses": 0,
        "costAndExpenses": 0,
        "interestIncome": 0,
        "interestExpense": 0,
        "depreciationAndAmortization": 0,
        "ebitda": 250000000,
        "ebitdaratio": 1,
        "operatingIncome": 250000000,
        "operatingIncomeRatio": 1,
        "totalOtherIncomeExpensesNet": -250000000,
        "incomeBeforeTax": 0,
        "incomeBeforeTaxRatio": 0,
        "incomeTaxExpense": 0,
        "netIncome": 16700000,
        "netIncomeRatio": 0.0668,
        "eps": 0.3,
        "epsdiluted": 0.3,
        "weightedAverageShsOut": 26546000,
        "weightedAverageShsOutDil": 26546000,
        "link": "",
        "finalLink": ""
    },
    {
        "date": "1986-06-30",
        "symbol": "PCH",
        "reportedCurrency": "USD",
        "cik": "0001338749",
        "fillingDate": "1986-06-30",
        "acceptedDate": "1986-06-29 20:00:00",
        "calendarYear": "1986",
        "period": "Q2",
        "revenue": 249900000,
        "costOfRevenue": 0,
        "grossProfit": 249900000,
        "grossProfitRatio": 1,
        "researchAndDevelopmentExpenses": 0,
        "generalAndAdministrativeExpenses": 0,
        "sellingAndMarketingExpenses": 0,
        "sellingGeneralAndAdministrativeExpenses": 0,
        "otherExpenses": 0,
        "operatingExpenses": 0,
        "costAndExpenses": 0,
        "interestIncome": 0,
        "interestExpense": 0,
        "depreciationAndAmortization": 0,
        "ebitda": 249900000,
        "ebitdaratio": 1,
        "operatingIncome": 249900000,
        "operatingIncomeRatio": 1,
        "totalOtherIncomeExpensesNet": -249900000,
        "incomeBeforeTax": 0,
        "incomeBeforeTaxRatio": 0,
        "incomeTaxExpense": 0,
        "netIncome": 19400000,
        "netIncomeRatio": 0.0776310524,
        "eps": 0.35,
        "epsdiluted": 0.35,
        "weightedAverageShsOut": 26104000,
        "weightedAverageShsOutDil": 26104000,
        "link": "",
        "finalLink": ""
    },
    {
        "date": "1986-03-31",
        "symbol": "PCH",
        "reportedCurrency": "USD",
        "cik": "0001338749",
        "fillingDate": "1986-03-31",
        "acceptedDate": "1986-03-30 19:00:00",
        "calendarYear": "1986",
        "period": "Q1",
        "revenue": 233300000,
        "costOfRevenue": 0,
        "grossProfit": 233300000,
        "grossProfitRatio": 1,
        "researchAndDevelopmentExpenses": 0,
        "generalAndAdministrativeExpenses": 0,
        "sellingAndMarketingExpenses": 0,
        "sellingGeneralAndAdministrativeExpenses": 0,
        "otherExpenses": 0,
        "operatingExpenses": 0,
        "costAndExpenses": 0,
        "interestIncome": 0,
        "interestExpense": 0,
        "depreciationAndAmortization": 0,
        "ebitda": 233300000,
        "ebitdaratio": 1,
        "operatingIncome": 233300000,
        "operatingIncomeRatio": 1,
        "totalOtherIncomeExpensesNet": -233300000,
        "incomeBeforeTax": 0,
        "incomeBeforeTaxRatio": 0,
        "incomeTaxExpense": 0,
        "netIncome": 13600000,
        "netIncomeRatio": 0.058294042,
        "eps": 0.24,
        "epsdiluted": 0.24,
        "weightedAverageShsOut": 25972000,
        "weightedAverageShsOutDil": 25972000,
        "link": "",
        "finalLink": ""
    },
    {
        "date": "1985-12-31",
        "symbol": "PCH",
        "reportedCurrency": "USD",
        "cik": "0001338749",
        "fillingDate": "1985-12-31",
        "acceptedDate": "1985-12-30 19:00:00",
        "calendarYear": "1985",
        "period": "Q4",
        "revenue": 227400000,
        "costOfRevenue": 0,
        "grossProfit": 227400000,
        "grossProfitRatio": 1,
        "researchAndDevelopmentExpenses": 0,
        "generalAndAdministrativeExpenses": 0,
        "sellingAndMarketingExpenses": 0,
        "sellingGeneralAndAdministrativeExpenses": 0,
        "otherExpenses": -869900000,
        "operatingExpenses": -869900000,
        "costAndExpenses": -869900000,
        "interestIncome": 0,
        "interestExpense": 0,
        "depreciationAndAmortization": 0,
        "ebitda": -642500000,
        "ebitdaratio": -2.8254177661,
        "operatingIncome": -642500000,
        "operatingIncomeRatio": -2.8254177661,
        "totalOtherIncomeExpensesNet": 642500000,
        "incomeBeforeTax": 0,
        "incomeBeforeTaxRatio": 0,
        "incomeTaxExpense": 0,
        "netIncome": 4400000,
        "netIncomeRatio": 0.0193491645,
        "eps": 0.13,
        "epsdiluted": 0.13,
        "weightedAverageShsOut": 30772000,
        "weightedAverageShsOutDil": 30772000,
        "link": "",
        "finalLink": ""
    },
    {
        "date": "1985-09-30",
        "symbol": "PCH",
        "reportedCurrency": "USD",
        "cik": "0001338749",
        "fillingDate": "1985-09-30",
        "acceptedDate": "1985-09-29 20:00:00",
        "calendarYear": "1985",
        "period": "Q3",
        "revenue": 239600000,
        "costOfRevenue": 0,
        "grossProfit": 239600000,
        "grossProfitRatio": 1,
        "researchAndDevelopmentExpenses": 0,
        "generalAndAdministrativeExpenses": 0,
        "sellingAndMarketingExpenses": 0,
        "sellingGeneralAndAdministrativeExpenses": 0,
        "otherExpenses": 0,
        "operatingExpenses": 0,
        "costAndExpenses": 0,
        "interestIncome": 0,
        "interestExpense": 0,
        "depreciationAndAmortization": 0,
        "ebitda": 239600000,
        "ebitdaratio": 1,
        "operatingIncome": 239600000,
        "operatingIncomeRatio": 1,
        "totalOtherIncomeExpensesNet": -239600000,
        "incomeBeforeTax": 0,
        "incomeBeforeTaxRatio": 0,
        "incomeTaxExpense": 0,
        "netIncome": 11300000,
        "netIncomeRatio": 0.0471619366,
        "eps": 0.17,
        "epsdiluted": 0.17,
        "weightedAverageShsOut": 30772000,
        "weightedAverageShsOutDil": 30772000,
        "link": "",
        "finalLink": ""
    }
]