[
    {
        "date": "2025-06-30",
        "symbol": "PCLB",
        "reportedCurrency": "USD",
        "cik": "0000000000",
        "fillingDate": "2025-06-30",
        "acceptedDate": "2025-06-30 00:00:00",
        "calendarYear": "2025",
        "period": "Q2",
        "revenue": 3347215,
        "costOfRevenue": 0,
        "grossProfit": 3347215,
        "grossProfitRatio": 1,
        "researchAndDevelopmentExpenses": 0,
        "generalAndAdministrativeExpenses": 0,
        "sellingAndMarketingExpenses": 0,
        "sellingGeneralAndAdministrativeExpenses": 1575880,
        "otherExpenses": 0,
        "operatingExpenses": 1575880,
        "costAndExpenses": 1575880,
        "interestIncome": 0,
        "interestExpense": 0,
        "depreciationAndAmortization": 0,
        "ebitda": 1245683,
        "ebitdaratio": 0.3721550603,
        "operatingIncome": 1771335,
        "operatingIncomeRatio": 0.5291966605,
        "totalOtherIncomeExpensesNet": -525652,
        "incomeBeforeTax": 1245683,
        "incomeBeforeTaxRatio": 0.3721550603,
        "incomeTaxExpense": 261328,
        "netIncome": 984354,
        "netIncomeRatio": 0.2940814976,
        "eps": 1.1,
        "epsdiluted": 1.1,
        "weightedAverageShsOut": 898512,
        "weightedAverageShsOutDil": 898512,
        "link": null,
        "finalLink": null
    },
    {
        "date": "2025-03-31",
        "symbol": "PCLB",
        "reportedCurrency": "USD",
        "cik": "0000000000",
        "fillingDate": "2025-03-31",
        "acceptedDate": "2025-03-30 20:00:00",
        "calendarYear": "2025",
        "period": "Q1",
        "revenue": 4400000,
        "costOfRevenue": 1025064,
        "grossProfit": 3375000,
        "grossProfitRatio": 0.7670454545,
        "researchAndDevelopmentExpenses": 0,
        "generalAndAdministrativeExpenses": 0,
        "sellingAndMarketingExpenses": 55498,
        "sellingGeneralAndAdministrativeExpenses": 55498,
        "otherExpenses": 2027972,
        "operatingExpenses": 2083470,
        "costAndExpenses": 3109000,
        "interestIncome": 3894466,
        "interestExpense": 1025064,
        "depreciationAndAmortization": 123701,
        "ebitda": 1292000,
        "ebitdaratio": 0.2936363636,
        "operatingIncome": 1291796,
        "operatingIncomeRatio": 0.29359,
        "totalOtherIncomeExpensesNet": -504932,
        "incomeBeforeTax": 1292000,
        "incomeBeforeTaxRatio": 0.2936363636,
        "incomeTaxExpense": 273809,
        "netIncome": 1018000,
        "netIncomeRatio": 0.2313636364,
        "eps": 1.13,
        "epsdiluted": 1.13,
        "weightedAverageShsOut": 902414,
        "weightedAverageShsOutDil": 902414,
        "link": null,
        "finalLink": null
    },
    {
        "date": "2024-12-31",
        "symbol": "PCLB",
        "reportedCurrency": "USD",
        "cik": "0000000000",
        "fillingDate": "2024-12-31",
        "acceptedDate": "2024-12-31 00:00:00",
        "calendarYear": "2024",
        "period": "Q4",
        "revenue": 4333000,
        "costOfRevenue": 1026000,
        "grossProfit": 3307000,
        "grossProfitRatio": 0.7632125548,
        "researchAndDevelopmentExpenses": 0,
        "generalAndAdministrativeExpenses": 0,
        "sellingAndMarketingExpenses": 74751,
        "sellingGeneralAndAdministrativeExpenses": 74751,
        "otherExpenses": 1899249,
        "operatingExpenses": 1974000,
        "costAndExpenses": 3000000,
        "interestIncome": 3792000,
        "interestExpense": 1026000,
        "depreciationAndAmortization": 128942,
        "ebitda": 1462000,
        "ebitdaratio": 0.33741057,
        "operatingIncome": 1333000,
        "operatingIncomeRatio": 0.3076390492,
        "totalOtherIncomeExpensesNet": 0,
        "incomeBeforeTax": 1333000,
        "incomeBeforeTaxRatio": 0.3076390492,
        "incomeTaxExpense": 294715,
        "netIncome": 1038000,
        "netIncomeRatio": 0.239556889,
        "eps": 1.15,
        "epsdiluted": 1.15,
        "weightedAverageShsOut": 906730,
        "weightedAverageShsOutDil": 906730,
        "link": null,
        "finalLink": null
    },
    {
        "date": "2024-09-30",
        "symbol": "PCLB",
        "reportedCurrency": "USD",
        "cik": "0000000000",
        "fillingDate": "2024-09-30",
        "acceptedDate": "2024-09-28 20:00:00",
        "calendarYear": "2024",
        "period": "Q3",
        "revenue": 4459000,
        "costOfRevenue": 1052000,
        "grossProfit": 3407000,
        "grossProfitRatio": 0.764072662,
        "researchAndDevelopmentExpenses": 0,
        "generalAndAdministrativeExpenses": 0,
        "sellingAndMarketingExpenses": 76575,
        "sellingGeneralAndAdministrativeExpenses": 76575,
        "otherExpenses": 1984425,
        "operatingExpenses": 2061000,
        "costAndExpenses": 3114000,
        "interestIncome": 3921000,
        "interestExpense": 1052000,
        "depreciationAndAmortization": 131741,
        "ebitda": 1477000,
        "ebitdaratio": 0.3312401884,
        "operatingIncome": 1345000,
        "operatingIncomeRatio": 0.3016371384,
        "totalOtherIncomeExpensesNet": -308000,
        "incomeBeforeTax": 1345000,
        "incomeBeforeTaxRatio": 0.3016371384,
        "incomeTaxExpense": 288258,
        "netIncome": 1057000,
        "netIncomeRatio": 0.2370486656,
        "eps": 1.16,
        "epsdiluted": 1.16,
        "weightedAverageShsOut": 908508,
        "weightedAverageShsOutDil": 908508,
        "link": null,
        "finalLink": null
    },
    {
        "date": "2024-06-30",
        "symbol": "PCLB",
        "reportedCurrency": "USD",
        "cik": "0000000000",
        "fillingDate": "2024-06-30",
        "acceptedDate": "2024-06-28 20:00:00",
        "calendarYear": "2024",
        "period": "Q2",
        "revenue": 4336000,
        "costOfRevenue": 986636,
        "grossProfit": 3349000,
        "grossProfitRatio": 0.7723708487,
        "researchAndDevelopmentExpenses": 0,
        "generalAndAdministrativeExpenses": 0,
        "sellingAndMarketingExpenses": 72425,
        "sellingGeneralAndAdministrativeExpenses": 72425,
        "otherExpenses": 1998585,
        "operatingExpenses": 2071010,
        "costAndExpenses": 3058000,
        "interestIncome": 3803000,
        "interestExpense": 986636,
        "depreciationAndAmortization": 133066,
        "ebitda": 1411000,
        "ebitdaratio": 0.3254151292,
        "operatingIncome": 1278000,
        "operatingIncomeRatio": 0.2947416974,
        "totalOtherIncomeExpensesNet": 0,
        "incomeBeforeTax": 1278000,
        "incomeBeforeTaxRatio": 0.2947416974,
        "incomeTaxExpense": 271395,
        "netIncome": 1007000,
        "netIncomeRatio": 0.2322416974,
        "eps": 1.11,
        "epsdiluted": 1.11,
        "weightedAverageShsOut": 909347,
        "weightedAverageShsOutDil": 909347,
        "link": null,
        "finalLink": null
    },
    {
        "date": "2024-03-31",
        "symbol": "PCLB",
        "reportedCurrency": "USD",
        "cik": "0000000000",
        "fillingDate": "2024-03-31",
        "acceptedDate": "2024-03-29 20:00:00",
        "calendarYear": "2024",
        "period": "Q1",
        "revenue": 4201000,
        "costOfRevenue": 978800,
        "grossProfit": 3224000,
        "grossProfitRatio": 0.7674363247,
        "researchAndDevelopmentExpenses": 0,
        "generalAndAdministrativeExpenses": 0,
        "sellingAndMarketingExpenses": 74863,
        "sellingGeneralAndAdministrativeExpenses": 74863,
        "otherExpenses": 1929909,
        "operatingExpenses": 2004772,
        "costAndExpenses": 2984000,
        "interestIncome": 3671000,
        "interestExpense": 978800,
        "depreciationAndAmortization": 128826,
        "ebitda": 1346000,
        "ebitdaratio": 0.3203999048,
        "operatingIncome": 1219300,
        "operatingIncomeRatio": 0.2902404189,
        "totalOtherIncomeExpensesNet": 2131,
        "incomeBeforeTax": 1219000,
        "incomeBeforeTaxRatio": 0.2901690074,
        "incomeTaxExpense": 255730,
        "netIncome": 963570,
        "netIncomeRatio": 0.2293668174,
        "eps": 1.06,
        "epsdiluted": 1.06,
        "weightedAverageShsOut": 909534,
        "weightedAverageShsOutDil": 909534,
        "link": null,
        "finalLink": null
    },
    {
        "date": "2023-12-31",
        "symbol": "PCLB",
        "reportedCurrency": "USD",
        "cik": "0000000000",
        "fillingDate": "2023-12-31",
        "acceptedDate": "2023-12-29 19:00:00",
        "calendarYear": "2023",
        "period": "Q4",
        "revenue": 4145000,
        "costOfRevenue": 880778,
        "grossProfit": 3264000,
        "grossProfitRatio": 0.7874547648,
        "researchAndDevelopmentExpenses": 0,
        "generalAndAdministrativeExpenses": 0,
        "sellingAndMarketingExpenses": 131811,
        "sellingGeneralAndAdministrativeExpenses": 131811,
        "otherExpenses": 1854782,
        "operatingExpenses": 1986593,
        "costAndExpenses": 2867000,
        "interestIncome": 3617000,
        "interestExpense": 880778,
        "depreciationAndAmortization": 0,
        "ebitda": 1278000,
        "ebitdaratio": 0.3083232811,
        "operatingIncome": 1278000,
        "operatingIncomeRatio": 0.3083232811,
        "totalOtherIncomeExpensesNet": 0,
        "incomeBeforeTax": 1278000,
        "incomeBeforeTaxRatio": 0.3083232811,
        "incomeTaxExpense": 296737,
        "netIncome": 981143,
        "netIncomeRatio": 0.236705187,
        "eps": 1.08,
        "epsdiluted": 1.08,
        "weightedAverageShsOut": 909534,
        "weightedAverageShsOutDil": 909534,
        "link": null,
        "finalLink": null
    },
    {
        "date": "2023-09-30",
        "symbol": "PCLB",
        "reportedCurrency": "USD",
        "cik": "0000000000",
        "fillingDate": "2023-09-30",
        "acceptedDate": "2023-09-28 20:00:00",
        "calendarYear": "2023",
        "period": "Q3",
        "revenue": 4140000,
        "costOfRevenue": 0,
        "grossProfit": 4140000,
        "grossProfitRatio": 1,
        "researchAndDevelopmentExpenses": 0,
        "generalAndAdministrativeExpenses": 0,
        "sellingAndMarketingExpenses": 70122,
        "sellingGeneralAndAdministrativeExpenses": 70122,
        "otherExpenses": -565000,
        "operatingExpenses": 565290,
        "costAndExpenses": 2629000,
        "interestIncome": 3539000,
        "interestExpense": 744497,
        "depreciationAndAmortization": 96861,
        "ebitda": 1511000,
        "ebitdaratio": 0.3649758454,
        "operatingIncome": 1513000,
        "operatingIncomeRatio": 0.3654589372,
        "totalOtherIncomeExpensesNet": -495000,
        "incomeBeforeTax": 1513000,
        "incomeBeforeTaxRatio": 0.3654589372,
        "incomeTaxExpense": 338607,
        "netIncome": 1174000,
        "netIncomeRatio": 0.2835748792,
        "eps": 1.29,
        "epsdiluted": 1.29,
        "weightedAverageShsOut": 909534,
        "weightedAverageShsOutDil": 909534,
        "link": null,
        "finalLink": null
    },
    {
        "date": "2023-06-30",
        "symbol": "PCLB",
        "reportedCurrency": "USD",
        "cik": "0000000000",
        "fillingDate": "2023-06-30",
        "acceptedDate": "2023-06-28 20:00:00",
        "calendarYear": "2023",
        "period": "Q2",
        "revenue": 3364000,
        "costOfRevenue": 0,
        "grossProfit": 3919000,
        "grossProfitRatio": 1.1649821641,
        "researchAndDevelopmentExpenses": 0,
        "generalAndAdministrativeExpenses": 0,
        "sellingAndMarketingExpenses": 67772,
        "sellingGeneralAndAdministrativeExpenses": 67772,
        "otherExpenses": -574000,
        "operatingExpenses": 574210,
        "costAndExpenses": 2451000,
        "interestIncome": 3430000,
        "interestExpense": 559749,
        "depreciationAndAmortization": 99320,
        "ebitda": 1468000,
        "ebitdaratio": 0.4363852556,
        "operatingIncome": 1473000,
        "operatingIncomeRatio": 0.4378715815,
        "totalOtherIncomeExpensesNet": -506000,
        "incomeBeforeTax": 1473000,
        "incomeBeforeTaxRatio": 0.4378715815,
        "incomeTaxExpense": 327829,
        "netIncome": 1145000,
        "netIncomeRatio": 0.3403686088,
        "eps": 1.26,
        "epsdiluted": 1.26,
        "weightedAverageShsOut": 909534,
        "weightedAverageShsOutDil": 909534,
        "link": null,
        "finalLink": null
    },
    {
        "date": "2023-03-31",
        "symbol": "PCLB",
        "reportedCurrency": "USD",
        "cik": "0000000000",
        "fillingDate": "2023-03-31",
        "acceptedDate": "2023-03-29 20:00:00",
        "calendarYear": "2023",
        "period": "Q1",
        "revenue": 3486000,
        "costOfRevenue": 0,
        "grossProfit": 3748000,
        "grossProfitRatio": 1.075157774,
        "researchAndDevelopmentExpenses": 0,
        "generalAndAdministrativeExpenses": 0,
        "sellingAndMarketingExpenses": 68819,
        "sellingGeneralAndAdministrativeExpenses": 68819,
        "otherExpenses": -611000,
        "operatingExpenses": 611490,
        "costAndExpenses": 2256000,
        "interestIncome": 3286000,
        "interestExpense": 268310,
        "depreciationAndAmortization": 99981,
        "ebitda": 1593000,
        "ebitdaratio": 0.4569707401,
        "operatingIncome": 1498000,
        "operatingIncomeRatio": 0.4297188755,
        "totalOtherIncomeExpensesNet": -543000,
        "incomeBeforeTax": 1498000,
        "incomeBeforeTaxRatio": 0.4297188755,
        "incomeTaxExpense": 318105,
        "netIncome": 1180000,
        "netIncomeRatio": 0.3384968445,
        "eps": 1.3,
        "epsdiluted": 1.3,
        "weightedAverageShsOut": 909534,
        "weightedAverageShsOutDil": 909534,
        "link": null,
        "finalLink": null
    },
    {
        "date": "2022-12-31",
        "symbol": "PCLB",
        "reportedCurrency": "USD",
        "cik": "0000000000",
        "fillingDate": "2022-12-31",
        "acceptedDate": "2022-12-29 19:00:00",
        "calendarYear": "2022",
        "period": "Q4",
        "revenue": 3653000,
        "costOfRevenue": 0,
        "grossProfit": 3307000,
        "grossProfitRatio": 0.9052833288,
        "researchAndDevelopmentExpenses": 0,
        "generalAndAdministrativeExpenses": 0,
        "sellingAndMarketingExpenses": 88406,
        "sellingGeneralAndAdministrativeExpenses": 88406,
        "otherExpenses": -698000,
        "operatingExpenses": 698130,
        "costAndExpenses": 2374000,
        "interestIncome": 3167000,
        "interestExpense": 219860,
        "depreciationAndAmortization": 102015,
        "ebitda": 1279000,
        "ebitdaratio": 0.3501231864,
        "operatingIncome": 1891000,
        "operatingIncomeRatio": 0.5176567205,
        "totalOtherIncomeExpensesNet": -610000,
        "incomeBeforeTax": 1281000,
        "incomeBeforeTaxRatio": 0.3506706816,
        "incomeTaxExpense": 265692,
        "netIncome": 1016000,
        "netIncomeRatio": 0.2781275664,
        "eps": 1.12,
        "epsdiluted": 1.12,
        "weightedAverageShsOut": 909534,
        "weightedAverageShsOutDil": 909534,
        "link": null,
        "finalLink": null
    },
    {
        "date": "2022-09-30",
        "symbol": "PCLB",
        "reportedCurrency": "USD",
        "cik": "0000000000",
        "fillingDate": "2022-09-30",
        "acceptedDate": "2022-09-28 20:00:00",
        "calendarYear": "2022",
        "period": "Q3",
        "revenue": 3535000,
        "costOfRevenue": 0,
        "grossProfit": 3535000,
        "grossProfitRatio": 1,
        "researchAndDevelopmentExpenses": 0,
        "generalAndAdministrativeExpenses": 0,
        "sellingAndMarketingExpenses": 0,
        "sellingGeneralAndAdministrativeExpenses": 1317000,
        "otherExpenses": -591000,
        "operatingExpenses": 591020,
        "costAndExpenses": 2030000,
        "interestIncome": 3058000,
        "interestExpense": 194813,
        "depreciationAndAmortization": 102414,
        "ebitda": -1607000,
        "ebitdaratio": -0.4545968883,
        "operatingIncome": 1505000,
        "operatingIncomeRatio": 0.4257425743,
        "totalOtherIncomeExpensesNet": -518000,
        "incomeBeforeTax": 1505000,
        "incomeBeforeTaxRatio": 0.4257425743,
        "incomeTaxExpense": 336763,
        "netIncome": 1168000,
        "netIncomeRatio": 0.3304101839,
        "eps": 1.28,
        "epsdiluted": 1.28,
        "weightedAverageShsOut": 909534,
        "weightedAverageShsOutDil": 909534,
        "link": null,
        "finalLink": null
    },
    {
        "date": "2022-06-30",
        "symbol": "PCLB",
        "reportedCurrency": "USD",
        "cik": "0000000000",
        "fillingDate": "2022-06-30",
        "acceptedDate": "2022-06-28 20:00:00",
        "calendarYear": "2022",
        "period": "Q2",
        "revenue": 3324000,
        "costOfRevenue": 0,
        "grossProfit": 3473000,
        "grossProfitRatio": 1.0448255114,
        "researchAndDevelopmentExpenses": 0,
        "generalAndAdministrativeExpenses": 0,
        "sellingAndMarketingExpenses": 0,
        "sellingGeneralAndAdministrativeExpenses": 1294000,
        "otherExpenses": 0,
        "operatingExpenses": 1294000,
        "costAndExpenses": 1294000,
        "interestIncome": 2994000,
        "interestExpense": 161780,
        "depreciationAndAmortization": 104302,
        "ebitda": 1654000,
        "ebitdaratio": 0.4975932611,
        "operatingIncome": 1563000,
        "operatingIncomeRatio": 0.4702166065,
        "totalOtherIncomeExpensesNet": -468000,
        "incomeBeforeTax": 1563000,
        "incomeBeforeTaxRatio": 0.4702166065,
        "incomeTaxExpense": 353134,
        "netIncome": 1210000,
        "netIncomeRatio": 0.3640192539,
        "eps": 1.25,
        "epsdiluted": 1.25,
        "weightedAverageShsOut": 969445,
        "weightedAverageShsOutDil": 969445,
        "link": null,
        "finalLink": null
    },
    {
        "date": "2022-03-31",
        "symbol": "PCLB",
        "reportedCurrency": "USD",
        "cik": "0000000000",
        "fillingDate": "2022-03-31",
        "acceptedDate": "2022-03-30 20:00:00",
        "calendarYear": "2022",
        "period": "Q1",
        "revenue": 3363000,
        "costOfRevenue": 0,
        "grossProfit": 3363000,
        "grossProfitRatio": 1,
        "researchAndDevelopmentExpenses": 0,
        "generalAndAdministrativeExpenses": 0,
        "sellingAndMarketingExpenses": 64901,
        "sellingGeneralAndAdministrativeExpenses": 64901,
        "otherExpenses": -527000,
        "operatingExpenses": 3204000,
        "costAndExpenses": 1320000,
        "interestIncome": 2880000,
        "interestExpense": 144835,
        "depreciationAndAmortization": 115917,
        "ebitda": 1552000,
        "ebitdaratio": 0.4614927148,
        "operatingIncome": 1422000,
        "operatingIncomeRatio": 0.4228367529,
        "totalOtherIncomeExpensesNet": -462000,
        "incomeBeforeTax": 1422000,
        "incomeBeforeTaxRatio": 0.4228367529,
        "incomeTaxExpense": 311079,
        "netIncome": 1111000,
        "netIncomeRatio": 0.3303597978,
        "eps": 1.14,
        "epsdiluted": 1.14,
        "weightedAverageShsOut": 970791,
        "weightedAverageShsOutDil": 970791,
        "link": null,
        "finalLink": null
    },
    {
        "date": "2021-12-31",
        "symbol": "PCLB",
        "reportedCurrency": "USD",
        "cik": "0000000000",
        "fillingDate": "2021-12-31",
        "acceptedDate": "2021-12-30 19:00:00",
        "calendarYear": "2021",
        "period": "Q4",
        "revenue": 3348000,
        "costOfRevenue": 0,
        "grossProfit": 3348000,
        "grossProfitRatio": 1,
        "researchAndDevelopmentExpenses": 0,
        "generalAndAdministrativeExpenses": 0,
        "sellingAndMarketingExpenses": 64551,
        "sellingGeneralAndAdministrativeExpenses": 64551,
        "otherExpenses": -343000,
        "operatingExpenses": 3216000,
        "costAndExpenses": 2121000,
        "interestIncome": 2861000,
        "interestExpense": 142553,
        "depreciationAndAmortization": 114619,
        "ebitda": 1341000,
        "ebitdaratio": 0.4005376344,
        "operatingIncome": 1237000,
        "operatingIncomeRatio": 0.369474313,
        "totalOtherIncomeExpensesNet": -504000,
        "incomeBeforeTax": 1237000,
        "incomeBeforeTaxRatio": 0.369474313,
        "incomeTaxExpense": 265425,
        "netIncome": 971680,
        "netIncomeRatio": 0.2902270012,
        "eps": 1,
        "epsdiluted": 1,
        "weightedAverageShsOut": 970791,
        "weightedAverageShsOutDil": 970791,
        "link": null,
        "finalLink": null
    },
    {
        "date": "2021-09-30",
        "symbol": "PCLB",
        "reportedCurrency": "USD",
        "cik": "0000000000",
        "fillingDate": "2021-09-30",
        "acceptedDate": "2021-09-29 20:00:00",
        "calendarYear": "2021",
        "period": "Q3",
        "revenue": 4288000,
        "costOfRevenue": 0,
        "grossProfit": 4288000,
        "grossProfitRatio": 1,
        "researchAndDevelopmentExpenses": 0,
        "generalAndAdministrativeExpenses": 0,
        "sellingAndMarketingExpenses": 65957,
        "sellingGeneralAndAdministrativeExpenses": 65957,
        "otherExpenses": -717000,
        "operatingExpenses": 4169000,
        "costAndExpenses": 2152000,
        "interestIncome": 2848000,
        "interestExpense": 132392,
        "depreciationAndAmortization": 117817,
        "ebitda": 2254000,
        "ebitdaratio": 0.5256529851,
        "operatingIncome": 2149000,
        "operatingIncomeRatio": 0.5011660448,
        "totalOtherIncomeExpensesNet": -652000,
        "incomeBeforeTax": 2149000,
        "incomeBeforeTaxRatio": 0.5011660448,
        "incomeTaxExpense": 320111,
        "netIncome": 1829000,
        "netIncomeRatio": 0.4265391791,
        "eps": 1.88,
        "epsdiluted": 1.88,
        "weightedAverageShsOut": 971234,
        "weightedAverageShsOutDil": 971234,
        "link": null,
        "finalLink": null
    },
    {
        "date": "2021-06-30",
        "symbol": "PCLB",
        "reportedCurrency": "USD",
        "cik": "0000000000",
        "fillingDate": "2021-06-30",
        "acceptedDate": "2021-06-29 20:00:00",
        "calendarYear": "2021",
        "period": "Q2",
        "revenue": 3060000,
        "costOfRevenue": 0,
        "grossProfit": 3060000,
        "grossProfitRatio": 1,
        "researchAndDevelopmentExpenses": 0,
        "generalAndAdministrativeExpenses": 0,
        "sellingAndMarketingExpenses": 67527,
        "sellingGeneralAndAdministrativeExpenses": 67527,
        "otherExpenses": -513000,
        "operatingExpenses": 2931000,
        "costAndExpenses": 1821000,
        "interestIncome": 2593000,
        "interestExpense": 129855,
        "depreciationAndAmortization": 110659,
        "ebitda": 1239000,
        "ebitdaratio": 0.4049019608,
        "operatingIncome": 1239000,
        "operatingIncomeRatio": 0.4049019608,
        "totalOtherIncomeExpensesNet": 0,
        "incomeBeforeTax": 1239000,
        "incomeBeforeTaxRatio": 0.4049019608,
        "incomeTaxExpense": 255535,
        "netIncome": 983760,
        "netIncomeRatio": 0.3214901961,
        "eps": 1.01,
        "epsdiluted": 1.01,
        "weightedAverageShsOut": 973505,
        "weightedAverageShsOutDil": 973505,
        "link": null,
        "finalLink": null
    },
    {
        "date": "2021-03-31",
        "symbol": "PCLB",
        "reportedCurrency": "USD",
        "cik": "0000000000",
        "fillingDate": "2021-03-31",
        "acceptedDate": "2021-03-30 20:00:00",
        "calendarYear": "2021",
        "period": "Q1",
        "revenue": 2827000,
        "costOfRevenue": 0,
        "grossProfit": 2827000,
        "grossProfitRatio": 1,
        "researchAndDevelopmentExpenses": 0,
        "generalAndAdministrativeExpenses": 0,
        "sellingAndMarketingExpenses": 64637,
        "sellingGeneralAndAdministrativeExpenses": 64637,
        "otherExpenses": 2762000,
        "operatingExpenses": 2827000,
        "costAndExpenses": 1679000,
        "interestIncome": 2514000,
        "interestExpense": 135672,
        "depreciationAndAmortization": 103599,
        "ebitda": 1251000,
        "ebitdaratio": 0.4425185709,
        "operatingIncome": 1148000,
        "operatingIncomeRatio": 0.4060841882,
        "totalOtherIncomeExpensesNet": -433000,
        "incomeBeforeTax": 1148000,
        "incomeBeforeTaxRatio": 0.4060841882,
        "incomeTaxExpense": 240903,
        "netIncome": 906952,
        "netIncomeRatio": 0.3208178281,
        "eps": 0.93,
        "epsdiluted": 0.93,
        "weightedAverageShsOut": 975217,
        "weightedAverageShsOutDil": 973505,
        "link": null,
        "finalLink": null
    },
    {
        "date": "2020-12-31",
        "symbol": "PCLB",
        "reportedCurrency": "USD",
        "cik": "0000000000",
        "fillingDate": "2020-12-31",
        "acceptedDate": "2020-12-31 00:00:00",
        "calendarYear": "2020",
        "period": "Q4",
        "revenue": 3270000,
        "costOfRevenue": 0,
        "grossProfit": 0,
        "grossProfitRatio": 0,
        "researchAndDevelopmentExpenses": 0,
        "generalAndAdministrativeExpenses": 0,
        "sellingAndMarketingExpenses": 64824,
        "sellingGeneralAndAdministrativeExpenses": 64824,
        "otherExpenses": 3205000,
        "operatingExpenses": 3270000,
        "costAndExpenses": 3270000,
        "interestIncome": 2956000,
        "interestExpense": 159430,
        "depreciationAndAmortization": 103379,
        "ebitda": 0,
        "ebitdaratio": 0,
        "operatingIncome": 1122000,
        "operatingIncomeRatio": 0.3431192661,
        "totalOtherIncomeExpensesNet": 1122000,
        "incomeBeforeTax": 1122000,
        "incomeBeforeTaxRatio": 0.3431192661,
        "incomeTaxExpense": 225914,
        "netIncome": 896173,
        "netIncomeRatio": 0.2740590214,
        "eps": 0.91,
        "epsdiluted": 0.91,
        "weightedAverageShsOut": 987238,
        "weightedAverageShsOutDil": 987238,
        "link": null,
        "finalLink": null
    },
    {
        "date": "2020-09-30",
        "symbol": "PCLB",
        "reportedCurrency": "USD",
        "cik": "0000000000",
        "fillingDate": "2020-09-30",
        "acceptedDate": "2020-09-29 20:00:00",
        "calendarYear": "2020",
        "period": "Q3",
        "revenue": 2661000,
        "costOfRevenue": 0,
        "grossProfit": 2661000,
        "grossProfitRatio": 1,
        "researchAndDevelopmentExpenses": 0,
        "generalAndAdministrativeExpenses": 0,
        "sellingAndMarketingExpenses": 67725,
        "sellingGeneralAndAdministrativeExpenses": 67725,
        "otherExpenses": 2593000,
        "operatingExpenses": 2661000,
        "costAndExpenses": 1776000,
        "interestIncome": 2429000,
        "interestExpense": 187062,
        "depreciationAndAmortization": 104010,
        "ebitda": 989221,
        "ebitdaratio": 0.3717478392,
        "operatingIncome": 885211,
        "operatingIncomeRatio": 0.3326610297,
        "totalOtherIncomeExpensesNet": -521000,
        "incomeBeforeTax": 885211,
        "incomeBeforeTaxRatio": 0.3326610297,
        "incomeTaxExpense": 172982,
        "netIncome": 712229,
        "netIncomeRatio": 0.2676546411,
        "eps": 0.72,
        "epsdiluted": 0.72,
        "weightedAverageShsOut": 983119,
        "weightedAverageShsOutDil": 983119,
        "link": null,
        "finalLink": null
    },
    {
        "date": "2020-06-30",
        "symbol": "PCLB",
        "reportedCurrency": "USD",
        "cik": "0000000000",
        "fillingDate": "2020-06-30",
        "acceptedDate": "2020-06-29 20:00:00",
        "calendarYear": "2020",
        "period": "Q2",
        "revenue": 2507000,
        "costOfRevenue": 0,
        "grossProfit": 2507000,
        "grossProfitRatio": 1,
        "researchAndDevelopmentExpenses": 0,
        "generalAndAdministrativeExpenses": 0,
        "sellingAndMarketingExpenses": 68815,
        "sellingGeneralAndAdministrativeExpenses": 68815,
        "otherExpenses": 2438000,
        "operatingExpenses": 2507000,
        "costAndExpenses": 1597000,
        "interestIncome": 2328000,
        "interestExpense": 233202,
        "depreciationAndAmortization": 99175,
        "ebitda": 1009000,
        "ebitdaratio": 0.4024730754,
        "operatingIncome": 909947,
        "operatingIncomeRatio": 0.362962505,
        "totalOtherIncomeExpensesNet": -377000,
        "incomeBeforeTax": 909947,
        "incomeBeforeTaxRatio": 0.362962505,
        "incomeTaxExpense": 177943,
        "netIncome": 732004,
        "netIncomeRatio": 0.2919840447,
        "eps": 0.74,
        "epsdiluted": 0.74,
        "weightedAverageShsOut": 989670,
        "weightedAverageShsOutDil": 989670,
        "link": null,
        "finalLink": null
    },
    {
        "date": "2020-03-31",
        "symbol": "PCLB",
        "reportedCurrency": "USD",
        "cik": "0000000000",
        "fillingDate": "2020-03-31",
        "acceptedDate": "2020-03-30 20:00:00",
        "calendarYear": "2020",
        "period": "Q1",
        "revenue": 2648000,
        "costOfRevenue": 0,
        "grossProfit": 2648000,
        "grossProfitRatio": 1,
        "researchAndDevelopmentExpenses": 0,
        "generalAndAdministrativeExpenses": 0,
        "sellingAndMarketingExpenses": 59246,
        "sellingGeneralAndAdministrativeExpenses": 59246,
        "otherExpenses": 2589000,
        "operatingExpenses": 2648000,
        "costAndExpenses": 1591000,
        "interestIncome": 2306000,
        "interestExpense": 283467,
        "depreciationAndAmortization": 95319,
        "ebitda": 1153000,
        "ebitdaratio": 0.4354229607,
        "operatingIncome": 1057000,
        "operatingIncomeRatio": 0.3991691843,
        "totalOtherIncomeExpensesNet": -389000,
        "incomeBeforeTax": 1057000,
        "incomeBeforeTaxRatio": 0.3991691843,
        "incomeTaxExpense": 216849,
        "netIncome": 840611,
        "netIncomeRatio": 0.317451284,
        "eps": 0.82,
        "epsdiluted": 0.82,
        "weightedAverageShsOut": 1025000,
        "weightedAverageShsOutDil": 1019000,
        "link": null,
        "finalLink": null
    },
    {
        "date": "2019-12-31",
        "symbol": "PCLB",
        "reportedCurrency": "USD",
        "cik": "0000000000",
        "fillingDate": "2019-12-31",
        "acceptedDate": "2019-12-31 00:00:00",
        "calendarYear": "2019",
        "period": "Q4",
        "revenue": 3085000,
        "costOfRevenue": 0,
        "grossProfit": 0,
        "grossProfitRatio": 0,
        "researchAndDevelopmentExpenses": 0,
        "generalAndAdministrativeExpenses": 0,
        "sellingAndMarketingExpenses": 52516,
        "sellingGeneralAndAdministrativeExpenses": 52516,
        "otherExpenses": 3032000,
        "operatingExpenses": 3085000,
        "costAndExpenses": 3085000,
        "interestIncome": 2307000,
        "interestExpense": 267233,
        "depreciationAndAmortization": 95492,
        "ebitda": 0,
        "ebitdaratio": 0,
        "operatingIncome": 840180,
        "operatingIncomeRatio": 0.2723435981,
        "totalOtherIncomeExpensesNet": 840180,
        "incomeBeforeTax": 840180,
        "incomeBeforeTaxRatio": 0.2723435981,
        "incomeTaxExpense": 154554,
        "netIncome": 685626,
        "netIncomeRatio": 0.2222450567,
        "eps": 0.66,
        "epsdiluted": 0.66,
        "weightedAverageShsOut": 1034000,
        "weightedAverageShsOutDil": 1034000,
        "link": null,
        "finalLink": null
    },
    {
        "date": "2019-09-30",
        "symbol": "PCLB",
        "reportedCurrency": "USD",
        "cik": "0000000000",
        "fillingDate": "2019-09-30",
        "acceptedDate": "2019-09-29 20:00:00",
        "calendarYear": "2019",
        "period": "Q3",
        "revenue": 2585000,
        "costOfRevenue": 0,
        "grossProfit": 2585000,
        "grossProfitRatio": 1,
        "researchAndDevelopmentExpenses": 0,
        "generalAndAdministrativeExpenses": 0,
        "sellingAndMarketingExpenses": 0,
        "sellingGeneralAndAdministrativeExpenses": 1182000,
        "otherExpenses": 2519000,
        "operatingExpenses": 1595000,
        "costAndExpenses": 1595000,
        "interestIncome": 2373000,
        "interestExpense": 262988,
        "depreciationAndAmortization": -991000,
        "ebitda": 0,
        "ebitdaratio": 0,
        "operatingIncome": 990767,
        "operatingIncomeRatio": 0.3832754352,
        "totalOtherIncomeExpensesNet": 0,
        "incomeBeforeTax": 990767,
        "incomeBeforeTaxRatio": 0.3832754352,
        "incomeTaxExpense": 198294,
        "netIncome": 792473,
        "netIncomeRatio": 0.3065659574,
        "eps": 0.77,
        "epsdiluted": 0.77,
        "weightedAverageShsOut": 1033000,
        "weightedAverageShsOutDil": 1033000,
        "link": null,
        "finalLink": null
    },
    {
        "date": "2019-06-30",
        "symbol": "PCLB",
        "reportedCurrency": "USD",
        "cik": "0000000000",
        "fillingDate": "2019-06-30",
        "acceptedDate": "2019-06-29 20:00:00",
        "calendarYear": "2019",
        "period": "Q2",
        "revenue": 2533000,
        "costOfRevenue": 0,
        "grossProfit": 2533000,
        "grossProfitRatio": 1,
        "researchAndDevelopmentExpenses": 0,
        "generalAndAdministrativeExpenses": 0,
        "sellingAndMarketingExpenses": 0,
        "sellingGeneralAndAdministrativeExpenses": 1176000,
        "otherExpenses": 0,
        "operatingExpenses": 1611000,
        "costAndExpenses": 1611000,
        "interestIncome": 0,
        "interestExpense": 0,
        "depreciationAndAmortization": -922000,
        "ebitda": 1018000,
        "ebitdaratio": 0.4018949862,
        "operatingIncome": 922487,
        "operatingIncomeRatio": 0.3641875247,
        "totalOtherIncomeExpensesNet": -434000,
        "incomeBeforeTax": 922487,
        "incomeBeforeTaxRatio": 0.3641875247,
        "incomeTaxExpense": 177044,
        "netIncome": 745443,
        "netIncomeRatio": 0.2942925385,
        "eps": 0.72,
        "epsdiluted": 0.72,
        "weightedAverageShsOut": 1035000,
        "weightedAverageShsOutDil": 1035000,
        "link": null,
        "finalLink": null
    },
    {
        "date": "2019-03-31",
        "symbol": "PCLB",
        "reportedCurrency": "USD",
        "cik": "0000000000",
        "fillingDate": "2019-03-31",
        "acceptedDate": "2019-03-30 20:00:00",
        "calendarYear": "2019",
        "period": "Q1",
        "revenue": 2371000,
        "costOfRevenue": 0,
        "grossProfit": 2371000,
        "grossProfitRatio": 1,
        "researchAndDevelopmentExpenses": 0,
        "generalAndAdministrativeExpenses": 0,
        "sellingAndMarketingExpenses": 0,
        "sellingGeneralAndAdministrativeExpenses": 1176000,
        "otherExpenses": 0,
        "operatingExpenses": 1561000,
        "costAndExpenses": 1561000,
        "interestIncome": 0,
        "interestExpense": 0,
        "depreciationAndAmortization": -811000,
        "ebitda": 894503,
        "ebitdaratio": 0.3772682412,
        "operatingIncome": 810950,
        "operatingIncomeRatio": 0.3420286799,
        "totalOtherIncomeExpensesNet": -384000,
        "incomeBeforeTax": 810950,
        "incomeBeforeTaxRatio": 0.3420286799,
        "incomeTaxExpense": 145961,
        "netIncome": 664989,
        "netIncomeRatio": 0.2804677351,
        "eps": 0.64,
        "epsdiluted": 0.64,
        "weightedAverageShsOut": 1039000,
        "weightedAverageShsOutDil": 1039000,
        "link": null,
        "finalLink": null
    },
    {
        "date": "2018-12-31",
        "symbol": "PCLB",
        "reportedCurrency": "USD",
        "cik": "0000000000",
        "fillingDate": "2018-12-31",
        "acceptedDate": "2018-12-30 19:00:00",
        "calendarYear": "2018",
        "period": "Q4",
        "revenue": 2423000,
        "costOfRevenue": 0,
        "grossProfit": 2423000,
        "grossProfitRatio": 1,
        "researchAndDevelopmentExpenses": 0,
        "generalAndAdministrativeExpenses": 0,
        "sellingAndMarketingExpenses": 0,
        "sellingGeneralAndAdministrativeExpenses": 1303000,
        "otherExpenses": 0,
        "operatingExpenses": 1572000,
        "costAndExpenses": 1572000,
        "interestIncome": 0,
        "interestExpense": 0,
        "depreciationAndAmortization": -851000,
        "ebitda": 1114000,
        "ebitdaratio": 0.4597606273,
        "operatingIncome": 851215,
        "operatingIncomeRatio": 0.3513062319,
        "totalOtherIncomeExpensesNet": -268000,
        "incomeBeforeTax": 851215,
        "incomeBeforeTaxRatio": 0.3513062319,
        "incomeTaxExpense": 161754,
        "netIncome": 689461,
        "netIncomeRatio": 0.2845484936,
        "eps": 0.66,
        "epsdiluted": 0.66,
        "weightedAverageShsOut": 1044000,
        "weightedAverageShsOutDil": 1044000,
        "link": null,
        "finalLink": null
    },
    {
        "date": "2018-09-30",
        "symbol": "PCLB",
        "reportedCurrency": "USD",
        "cik": "0000000000",
        "fillingDate": "2018-09-30",
        "acceptedDate": "2018-09-29 20:00:00",
        "calendarYear": "2018",
        "period": "Q3",
        "revenue": 2413000,
        "costOfRevenue": 0,
        "grossProfit": 2413000,
        "grossProfitRatio": 1,
        "researchAndDevelopmentExpenses": 0,
        "generalAndAdministrativeExpenses": 0,
        "sellingAndMarketingExpenses": 0,
        "sellingGeneralAndAdministrativeExpenses": 1217000,
        "otherExpenses": 0,
        "operatingExpenses": 1626000,
        "costAndExpenses": 1626000,
        "interestIncome": 0,
        "interestExpense": 0,
        "depreciationAndAmortization": -787000,
        "ebitda": 882528,
        "ebitdaratio": 0.3657389142,
        "operatingIncome": 787047,
        "operatingIncomeRatio": 0.3261694985,
        "totalOtherIncomeExpensesNet": -409000,
        "incomeBeforeTax": 787047,
        "incomeBeforeTaxRatio": 0.3261694985,
        "incomeTaxExpense": 136911,
        "netIncome": 650136,
        "netIncomeRatio": 0.2694305843,
        "eps": 0.62,
        "epsdiluted": 0.62,
        "weightedAverageShsOut": 1044000,
        "weightedAverageShsOutDil": 1044000,
        "link": null,
        "finalLink": null
    },
    {
        "date": "2018-06-30",
        "symbol": "PCLB",
        "reportedCurrency": "USD",
        "cik": "0000000000",
        "fillingDate": "2018-06-30",
        "acceptedDate": "2018-06-29 20:00:00",
        "calendarYear": "2018",
        "period": "Q2",
        "revenue": 2353000,
        "costOfRevenue": 0,
        "grossProfit": 2353000,
        "grossProfitRatio": 1,
        "researchAndDevelopmentExpenses": 0,
        "generalAndAdministrativeExpenses": 0,
        "sellingAndMarketingExpenses": 0,
        "sellingGeneralAndAdministrativeExpenses": 1181000,
        "otherExpenses": 0,
        "operatingExpenses": 1583000,
        "costAndExpenses": 1583000,
        "interestIncome": 0,
        "interestExpense": 0,
        "depreciationAndAmortization": -770000,
        "ebitda": 864396,
        "ebitdaratio": 0.367359116,
        "operatingIncome": 770289,
        "operatingIncomeRatio": 0.3273646409,
        "totalOtherIncomeExpensesNet": -403000,
        "incomeBeforeTax": 770289,
        "incomeBeforeTaxRatio": 0.3273646409,
        "incomeTaxExpense": 127646,
        "netIncome": 642643,
        "netIncomeRatio": 0.2731164471,
        "eps": 0.62,
        "epsdiluted": 0.62,
        "weightedAverageShsOut": 1044000,
        "weightedAverageShsOutDil": 1044000,
        "link": null,
        "finalLink": null
    },
    {
        "date": "2018-03-31",
        "symbol": "PCLB",
        "reportedCurrency": "USD",
        "cik": "0000000000",
        "fillingDate": "2018-03-31",
        "acceptedDate": "2018-03-30 20:00:00",
        "calendarYear": "2018",
        "period": "Q1",
        "revenue": 2288000,
        "costOfRevenue": 0,
        "grossProfit": 2288000,
        "grossProfitRatio": 1,
        "researchAndDevelopmentExpenses": 0,
        "generalAndAdministrativeExpenses": 0,
        "sellingAndMarketingExpenses": 0,
        "sellingGeneralAndAdministrativeExpenses": 1154000,
        "otherExpenses": 0,
        "operatingExpenses": 1554000,
        "costAndExpenses": 1554000,
        "interestIncome": 0,
        "interestExpense": 0,
        "depreciationAndAmortization": -734000,
        "ebitda": 826693,
        "ebitdaratio": 0.3613168706,
        "operatingIncome": 733767,
        "operatingIncomeRatio": 0.3207023601,
        "totalOtherIncomeExpensesNet": -400000,
        "incomeBeforeTax": 733767,
        "incomeBeforeTaxRatio": 0.3207023601,
        "incomeTaxExpense": 120315,
        "netIncome": 613452,
        "netIncomeRatio": 0.2681171329,
        "eps": 0.59,
        "epsdiluted": 0.59,
        "weightedAverageShsOut": 1044000,
        "weightedAverageShsOutDil": 1044000,
        "link": null,
        "finalLink": null
    },
    {
        "date": "2017-12-31",
        "symbol": "PCLB",
        "reportedCurrency": "USD",
        "cik": "0000000000",
        "fillingDate": "2017-12-31",
        "acceptedDate": "2017-12-30 19:00:00",
        "calendarYear": "2017",
        "period": "Q4",
        "revenue": 2196000,
        "costOfRevenue": 0,
        "grossProfit": 2196000,
        "grossProfitRatio": 1,
        "researchAndDevelopmentExpenses": 0,
        "generalAndAdministrativeExpenses": 0,
        "sellingAndMarketingExpenses": 0,
        "sellingGeneralAndAdministrativeExpenses": 1249000,
        "otherExpenses": 0,
        "operatingExpenses": 1511000,
        "costAndExpenses": 1511000,
        "interestIncome": 0,
        "interestExpense": 0,
        "depreciationAndAmortization": -685000,
        "ebitda": 773829,
        "ebitdaratio": 0.3523811475,
        "operatingIncome": 685355,
        "operatingIncomeRatio": 0.3120924408,
        "totalOtherIncomeExpensesNet": -262000,
        "incomeBeforeTax": 685355,
        "incomeBeforeTaxRatio": 0.3120924408,
        "incomeTaxExpense": 88403,
        "netIncome": 596952,
        "netIncomeRatio": 0.2718360656,
        "eps": 0.57,
        "epsdiluted": 0.57,
        "weightedAverageShsOut": 1044000,
        "weightedAverageShsOutDil": 1044000,
        "link": null,
        "finalLink": null
    },
    {
        "date": "2017-09-30",
        "symbol": "PCLB",
        "reportedCurrency": "USD",
        "cik": "0000000000",
        "fillingDate": "2017-09-30",
        "acceptedDate": "2017-09-29 20:00:00",
        "calendarYear": "2017",
        "period": "Q3",
        "revenue": 2277000,
        "costOfRevenue": 0,
        "grossProfit": 2277000,
        "grossProfitRatio": 1,
        "researchAndDevelopmentExpenses": 0,
        "generalAndAdministrativeExpenses": 0,
        "sellingAndMarketingExpenses": 0,
        "sellingGeneralAndAdministrativeExpenses": 1115000,
        "otherExpenses": 0,
        "operatingExpenses": 1490000,
        "costAndExpenses": 1490000,
        "interestIncome": 0,
        "interestExpense": 0,
        "depreciationAndAmortization": -787000,
        "ebitda": 874012,
        "ebitdaratio": 0.3838436539,
        "operatingIncome": 787433,
        "operatingIncomeRatio": 0.3458203777,
        "totalOtherIncomeExpensesNet": -375000,
        "incomeBeforeTax": 787433,
        "incomeBeforeTaxRatio": 0.3458203777,
        "incomeTaxExpense": 186617,
        "netIncome": 600816,
        "netIncomeRatio": 0.2638629776,
        "eps": 0.58,
        "epsdiluted": 0.58,
        "weightedAverageShsOut": 1044000,
        "weightedAverageShsOutDil": 1044000,
        "link": null,
        "finalLink": null
    },
    {
        "date": "2017-06-30",
        "symbol": "PCLB",
        "reportedCurrency": "USD",
        "cik": "0000000000",
        "fillingDate": "2017-06-30",
        "acceptedDate": "2017-06-29 20:00:00",
        "calendarYear": "2017",
        "period": "Q2",
        "revenue": 2201000,
        "costOfRevenue": 0,
        "grossProfit": 2201000,
        "grossProfitRatio": 1,
        "researchAndDevelopmentExpenses": 0,
        "generalAndAdministrativeExpenses": 0,
        "sellingAndMarketingExpenses": 0,
        "sellingGeneralAndAdministrativeExpenses": 1106000,
        "otherExpenses": 0,
        "operatingExpenses": 1489000,
        "costAndExpenses": 1489000,
        "interestIncome": 0,
        "interestExpense": 0,
        "depreciationAndAmortization": -711000,
        "ebitda": 798092,
        "ebitdaratio": 0.3626042708,
        "operatingIncome": 711387,
        "operatingIncomeRatio": 0.3232108133,
        "totalOtherIncomeExpensesNet": -384000,
        "incomeBeforeTax": 711387,
        "incomeBeforeTaxRatio": 0.3232108133,
        "incomeTaxExpense": 151163,
        "netIncome": 560224,
        "netIncomeRatio": 0.2545315766,
        "eps": 0.54,
        "epsdiluted": 0.54,
        "weightedAverageShsOut": 1044000,
        "weightedAverageShsOutDil": 1044000,
        "link": null,
        "finalLink": null
    },
    {
        "date": "2017-03-31",
        "symbol": "PCLB",
        "reportedCurrency": "USD",
        "cik": "0000000000",
        "fillingDate": "2017-03-31",
        "acceptedDate": "2017-03-30 20:00:00",
        "calendarYear": "2017",
        "period": "Q1",
        "revenue": 2167000,
        "costOfRevenue": 0,
        "grossProfit": 2167000,
        "grossProfitRatio": 1,
        "researchAndDevelopmentExpenses": 0,
        "generalAndAdministrativeExpenses": 0,
        "sellingAndMarketingExpenses": 0,
        "sellingGeneralAndAdministrativeExpenses": 1107000,
        "otherExpenses": -432000,
        "operatingExpenses": 1496000,
        "costAndExpenses": 1496000,
        "interestIncome": 0,
        "interestExpense": 0,
        "depreciationAndAmortization": 88636,
        "ebitda": 759567,
        "ebitdaratio": 0.3505154592,
        "operatingIncome": 670931,
        "operatingIncomeRatio": 0.3096128288,
        "totalOtherIncomeExpensesNet": -388000,
        "incomeBeforeTax": 670931,
        "incomeBeforeTaxRatio": 0.3096128288,
        "incomeTaxExpense": 132521,
        "netIncome": 538410,
        "netIncomeRatio": 0.2484586987,
        "eps": 0.52,
        "epsdiluted": 0.52,
        "weightedAverageShsOut": 1044000,
        "weightedAverageShsOutDil": 1044000,
        "link": null,
        "finalLink": null
    },
    {
        "date": "2016-12-31",
        "symbol": "PCLB",
        "reportedCurrency": "USD",
        "cik": "0000000000",
        "fillingDate": "2016-12-31",
        "acceptedDate": "2016-12-30 19:00:00",
        "calendarYear": "2016",
        "period": "Q4",
        "revenue": 2228000,
        "costOfRevenue": 0,
        "grossProfit": 2228000,
        "grossProfitRatio": 1,
        "researchAndDevelopmentExpenses": 0,
        "generalAndAdministrativeExpenses": 0,
        "sellingAndMarketingExpenses": 0,
        "sellingGeneralAndAdministrativeExpenses": 1335000,
        "otherExpenses": -304000,
        "operatingExpenses": 1607000,
        "costAndExpenses": 1607000,
        "interestIncome": 0,
        "interestExpense": 0,
        "depreciationAndAmortization": 93483,
        "ebitda": 714235,
        "ebitdaratio": 0.3205722621,
        "operatingIncome": 620752,
        "operatingIncomeRatio": 0.2786140036,
        "totalOtherIncomeExpensesNet": -272000,
        "incomeBeforeTax": 620752,
        "incomeBeforeTaxRatio": 0.2786140036,
        "incomeTaxExpense": 108992,
        "netIncome": 511760,
        "netIncomeRatio": 0.2296947935,
        "eps": 0.46,
        "epsdiluted": 0.46,
        "weightedAverageShsOut": 1122000,
        "weightedAverageShsOutDil": 1122000,
        "link": null,
        "finalLink": null
    },
    {
        "date": "2016-09-30",
        "symbol": "PCLB",
        "reportedCurrency": "USD",
        "cik": "0000000000",
        "fillingDate": "2016-09-30",
        "acceptedDate": "2016-09-29 20:00:00",
        "calendarYear": "2016",
        "period": "Q3",
        "revenue": 2205000,
        "costOfRevenue": 0,
        "grossProfit": 2205000,
        "grossProfitRatio": 1,
        "researchAndDevelopmentExpenses": 0,
        "generalAndAdministrativeExpenses": 0,
        "sellingAndMarketingExpenses": 0,
        "sellingGeneralAndAdministrativeExpenses": 1105000,
        "otherExpenses": -433000,
        "operatingExpenses": 1474000,
        "costAndExpenses": 1474000,
        "interestIncome": 0,
        "interestExpense": 0,
        "depreciationAndAmortization": 94701,
        "ebitda": 826044,
        "ebitdaratio": 0.3746231293,
        "operatingIncome": 731343,
        "operatingIncomeRatio": 0.3316748299,
        "totalOtherIncomeExpensesNet": -369000,
        "incomeBeforeTax": 731343,
        "incomeBeforeTaxRatio": 0.3316748299,
        "incomeTaxExpense": 153341,
        "netIncome": 578000,
        "netIncomeRatio": 0.2621315193,
        "eps": 0.5,
        "epsdiluted": 0.5,
        "weightedAverageShsOut": 1149000,
        "weightedAverageShsOutDil": 1149000,
        "link": null,
        "finalLink": null
    },
    {
        "date": "2016-06-30",
        "symbol": "PCLB",
        "reportedCurrency": "USD",
        "cik": "0000000000",
        "fillingDate": "2016-06-30",
        "acceptedDate": "2016-06-29 20:00:00",
        "calendarYear": "2016",
        "period": "Q2",
        "revenue": 2190000,
        "costOfRevenue": 0,
        "grossProfit": 2190000,
        "grossProfitRatio": 1,
        "researchAndDevelopmentExpenses": 0,
        "generalAndAdministrativeExpenses": 0,
        "sellingAndMarketingExpenses": 0,
        "sellingGeneralAndAdministrativeExpenses": 1109000,
        "otherExpenses": 0,
        "operatingExpenses": 1502000,
        "costAndExpenses": 1502000,
        "interestIncome": 0,
        "interestExpense": 0,
        "depreciationAndAmortization": -688000,
        "ebitda": 1474000,
        "ebitdaratio": 0.6730593607,
        "operatingIncome": 688089,
        "operatingIncomeRatio": 0.3141958904,
        "totalOtherIncomeExpensesNet": -393000,
        "incomeBeforeTax": 688089,
        "incomeBeforeTaxRatio": 0.3141958904,
        "incomeTaxExpense": 132285,
        "netIncome": 555804,
        "netIncomeRatio": 0.2537917808,
        "eps": 0.48,
        "epsdiluted": 0.48,
        "weightedAverageShsOut": 1156000,
        "weightedAverageShsOutDil": 1156000,
        "link": null,
        "finalLink": null
    },
    {
        "date": "2016-03-31",
        "symbol": "PCLB",
        "reportedCurrency": "USD",
        "cik": "0000000000",
        "fillingDate": "2016-03-31",
        "acceptedDate": "2016-03-30 20:00:00",
        "calendarYear": "2016",
        "period": "Q1",
        "revenue": 2293000,
        "costOfRevenue": 0,
        "grossProfit": 2293000,
        "grossProfitRatio": 1,
        "researchAndDevelopmentExpenses": 0,
        "generalAndAdministrativeExpenses": 0,
        "sellingAndMarketingExpenses": 0,
        "sellingGeneralAndAdministrativeExpenses": 1090000,
        "otherExpenses": 0,
        "operatingExpenses": 1482000,
        "costAndExpenses": 1482000,
        "interestIncome": 0,
        "interestExpense": 0,
        "depreciationAndAmortization": -815000,
        "ebitda": -4167,
        "ebitdaratio": -0.00181727,
        "operatingIncome": 815445,
        "operatingIncomeRatio": 0.3556236372,
        "totalOtherIncomeExpensesNet": -392000,
        "incomeBeforeTax": 811278,
        "incomeBeforeTaxRatio": 0.3538063672,
        "incomeTaxExpense": 172777,
        "netIncome": 638501,
        "netIncomeRatio": 0.2784566071,
        "eps": 0.55,
        "epsdiluted": 0.55,
        "weightedAverageShsOut": 1166000,
        "weightedAverageShsOutDil": 1166000,
        "link": null,
        "finalLink": null
    },
    {
        "date": "2015-12-31",
        "symbol": "PCLB",
        "reportedCurrency": "USD",
        "cik": "0000000000",
        "fillingDate": "2015-12-31",
        "acceptedDate": "2015-12-30 19:00:00",
        "calendarYear": "2015",
        "period": "Q4",
        "revenue": 2154000,
        "costOfRevenue": 0,
        "grossProfit": 2154000,
        "grossProfitRatio": 1,
        "researchAndDevelopmentExpenses": 0,
        "generalAndAdministrativeExpenses": 0,
        "sellingAndMarketingExpenses": 0,
        "sellingGeneralAndAdministrativeExpenses": 1352000,
        "otherExpenses": 0,
        "operatingExpenses": 1584000,
        "costAndExpenses": 1584000,
        "interestIncome": 0,
        "interestExpense": 0,
        "depreciationAndAmortization": -578000,
        "ebitda": -8658,
        "ebitdaratio": -0.0040194986,
        "operatingIncome": 578466,
        "operatingIncomeRatio": 0.2685543175,
        "totalOtherIncomeExpensesNet": -8658,
        "incomeBeforeTax": 569808,
        "incomeBeforeTaxRatio": 0.2645348189,
        "incomeTaxExpense": 80751,
        "netIncome": 489057,
        "netIncomeRatio": 0.227045961,
        "eps": 0.42,
        "epsdiluted": 0.42,
        "weightedAverageShsOut": 1176000,
        "weightedAverageShsOutDil": 1176000,
        "link": null,
        "finalLink": null
    },
    {
        "date": "2015-09-30",
        "symbol": "PCLB",
        "reportedCurrency": "USD",
        "cik": "0000000000",
        "fillingDate": "2015-09-30",
        "acceptedDate": "2015-09-29 20:00:00",
        "calendarYear": "2015",
        "period": "Q3",
        "revenue": 2198000,
        "costOfRevenue": 0,
        "grossProfit": 2198000,
        "grossProfitRatio": 1,
        "researchAndDevelopmentExpenses": 0,
        "generalAndAdministrativeExpenses": 0,
        "sellingAndMarketingExpenses": 0,
        "sellingGeneralAndAdministrativeExpenses": 1070000,
        "otherExpenses": 0,
        "operatingExpenses": 1493000,
        "costAndExpenses": 1493000,
        "interestIncome": 0,
        "interestExpense": 0,
        "depreciationAndAmortization": -718000,
        "ebitda": -12627,
        "ebitdaratio": -0.005744768,
        "operatingIncome": 717812,
        "operatingIncomeRatio": 0.3265750682,
        "totalOtherIncomeExpensesNet": -423000,
        "incomeBeforeTax": 705186,
        "incomeBeforeTaxRatio": 0.3208307552,
        "incomeTaxExpense": 127237,
        "netIncome": 577948,
        "netIncomeRatio": 0.2629426752,
        "eps": 0.49,
        "epsdiluted": 0.49,
        "weightedAverageShsOut": 1180000,
        "weightedAverageShsOutDil": 1180000,
        "link": null,
        "finalLink": null
    },
    {
        "date": "2015-06-30",
        "symbol": "PCLB",
        "reportedCurrency": "USD",
        "cik": "0000000000",
        "fillingDate": "2015-06-30",
        "acceptedDate": "2015-06-29 20:00:00",
        "calendarYear": "2015",
        "period": "Q2",
        "revenue": 2262000,
        "costOfRevenue": 0,
        "grossProfit": 2262000,
        "grossProfitRatio": 1,
        "researchAndDevelopmentExpenses": 0,
        "generalAndAdministrativeExpenses": 0,
        "sellingAndMarketingExpenses": 0,
        "sellingGeneralAndAdministrativeExpenses": 1089000,
        "otherExpenses": 0,
        "operatingExpenses": 1503000,
        "costAndExpenses": 1503000,
        "interestIncome": 0,
        "interestExpense": 0,
        "depreciationAndAmortization": -759000,
        "ebitda": -182,
        "ebitdaratio": -8.04598e-05,
        "operatingIncome": 759076,
        "operatingIncomeRatio": 0.3355773652,
        "totalOtherIncomeExpensesNet": -415000,
        "incomeBeforeTax": 758894,
        "incomeBeforeTaxRatio": 0.3354969054,
        "incomeTaxExpense": 142367,
        "netIncome": 616527,
        "netIncomeRatio": 0.2725583554,
        "eps": 0.52,
        "epsdiluted": 0.52,
        "weightedAverageShsOut": 1180000,
        "weightedAverageShsOutDil": 1180000,
        "link": null,
        "finalLink": null
    },
    {
        "date": "2015-03-31",
        "symbol": "PCLB",
        "reportedCurrency": "USD",
        "cik": "0000000000",
        "fillingDate": "2015-03-31",
        "acceptedDate": "2015-03-30 20:00:00",
        "calendarYear": "2015",
        "period": "Q1",
        "revenue": 2146000,
        "costOfRevenue": 0,
        "grossProfit": 2146000,
        "grossProfitRatio": 1,
        "researchAndDevelopmentExpenses": 0,
        "generalAndAdministrativeExpenses": 0,
        "sellingAndMarketingExpenses": 0,
        "sellingGeneralAndAdministrativeExpenses": 1112000,
        "otherExpenses": 0,
        "operatingExpenses": 1517000,
        "costAndExpenses": 1517000,
        "interestIncome": 0,
        "interestExpense": 0,
        "depreciationAndAmortization": -633000,
        "ebitda": -4290,
        "ebitdaratio": -0.001999068,
        "operatingIncome": 632952,
        "operatingIncomeRatio": 0.294945014,
        "totalOtherIncomeExpensesNet": -405000,
        "incomeBeforeTax": 628662,
        "incomeBeforeTaxRatio": 0.2929459459,
        "incomeTaxExpense": 91420,
        "netIncome": 537242,
        "netIncomeRatio": 0.2503457596,
        "eps": 0.46,
        "epsdiluted": 0.46,
        "weightedAverageShsOut": 1180000,
        "weightedAverageShsOutDil": 1180000,
        "link": null,
        "finalLink": null
    },
    {
        "date": "2014-12-31",
        "symbol": "PCLB",
        "reportedCurrency": "USD",
        "cik": "0000000000",
        "fillingDate": "2014-12-31",
        "acceptedDate": "2014-12-30 19:00:00",
        "calendarYear": "2014",
        "period": "Q4",
        "revenue": 2010000,
        "costOfRevenue": 0,
        "grossProfit": 2010000,
        "grossProfitRatio": 1,
        "researchAndDevelopmentExpenses": 0,
        "generalAndAdministrativeExpenses": 0,
        "sellingAndMarketingExpenses": 0,
        "sellingGeneralAndAdministrativeExpenses": 1230000,
        "otherExpenses": 0,
        "operatingExpenses": 1386000,
        "costAndExpenses": 1386000,
        "interestIncome": 0,
        "interestExpense": 0,
        "depreciationAndAmortization": -586000,
        "ebitda": 37731,
        "ebitdaratio": 0.0187716418,
        "operatingIncome": 585783,
        "operatingIncomeRatio": 0.2914343284,
        "totalOtherIncomeExpensesNet": -156000,
        "incomeBeforeTax": 623514,
        "incomeBeforeTaxRatio": 0.3102059701,
        "incomeTaxExpense": 103231,
        "netIncome": 520283,
        "netIncomeRatio": 0.2588472637,
        "eps": 0.44,
        "epsdiluted": 0.44,
        "weightedAverageShsOut": 1187000,
        "weightedAverageShsOutDil": 1187000,
        "link": null,
        "finalLink": null
    },
    {
        "date": "2014-09-30",
        "symbol": "PCLB",
        "reportedCurrency": "USD",
        "cik": "0000000000",
        "fillingDate": "2014-09-30",
        "acceptedDate": "2014-09-29 20:00:00",
        "calendarYear": "2014",
        "period": "Q3",
        "revenue": 2092000,
        "costOfRevenue": 0,
        "grossProfit": 2092000,
        "grossProfitRatio": 1,
        "researchAndDevelopmentExpenses": 0,
        "generalAndAdministrativeExpenses": 0,
        "sellingAndMarketingExpenses": 0,
        "sellingGeneralAndAdministrativeExpenses": 1064000,
        "otherExpenses": 0,
        "operatingExpenses": 1508000,
        "costAndExpenses": 1508000,
        "interestIncome": 0,
        "interestExpense": 0,
        "depreciationAndAmortization": -636000,
        "ebitda": -52012,
        "ebitdaratio": -0.0248623327,
        "operatingIncome": 635756,
        "operatingIncomeRatio": 0.3038986616,
        "totalOtherIncomeExpensesNet": -444000,
        "incomeBeforeTax": 583744,
        "incomeBeforeTaxRatio": 0.2790363289,
        "incomeTaxExpense": 90782,
        "netIncome": 492962,
        "netIncomeRatio": 0.2356414914,
        "eps": 0.41,
        "epsdiluted": 0.41,
        "weightedAverageShsOut": 1205000,
        "weightedAverageShsOutDil": 1205000,
        "link": null,
        "finalLink": null
    },
    {
        "date": "2014-06-30",
        "symbol": "PCLB",
        "reportedCurrency": "USD",
        "cik": "0000000000",
        "fillingDate": "2014-06-30",
        "acceptedDate": "2014-06-29 20:00:00",
        "calendarYear": "2014",
        "period": "Q2",
        "revenue": 2152000,
        "costOfRevenue": 0,
        "grossProfit": 2152000,
        "grossProfitRatio": 1,
        "researchAndDevelopmentExpenses": 0,
        "generalAndAdministrativeExpenses": 0,
        "sellingAndMarketingExpenses": 0,
        "sellingGeneralAndAdministrativeExpenses": 1048000,
        "otherExpenses": 0,
        "operatingExpenses": 1477000,
        "costAndExpenses": 1477000,
        "interestIncome": 0,
        "interestExpense": 0,
        "depreciationAndAmortization": -689000,
        "ebitda": -14188,
        "ebitdaratio": -0.0065929368,
        "operatingIncome": 689012,
        "operatingIncomeRatio": 0.3201728625,
        "totalOtherIncomeExpensesNet": -429000,
        "incomeBeforeTax": 674824,
        "incomeBeforeTaxRatio": 0.3135799257,
        "incomeTaxExpense": 124847,
        "netIncome": 549977,
        "netIncomeRatio": 0.2555655204,
        "eps": 0.46,
        "epsdiluted": 0.46,
        "weightedAverageShsOut": 1205000,
        "weightedAverageShsOutDil": 1205000,
        "link": null,
        "finalLink": null
    },
    {
        "date": "2014-03-31",
        "symbol": "PCLB",
        "reportedCurrency": "USD",
        "cik": "0000000000",
        "fillingDate": "2014-03-31",
        "acceptedDate": "2014-03-30 20:00:00",
        "calendarYear": "2014",
        "period": "Q1",
        "revenue": 2089000,
        "costOfRevenue": 0,
        "grossProfit": 2089000,
        "grossProfitRatio": 1,
        "researchAndDevelopmentExpenses": 0,
        "generalAndAdministrativeExpenses": 0,
        "sellingAndMarketingExpenses": 0,
        "sellingGeneralAndAdministrativeExpenses": 1109000,
        "otherExpenses": 0,
        "operatingExpenses": 1544000,
        "costAndExpenses": 1544000,
        "interestIncome": 0,
        "interestExpense": 0,
        "depreciationAndAmortization": -545000,
        "ebitda": 980642,
        "ebitdaratio": 0.4694313068,
        "operatingIncome": 545321,
        "operatingIncomeRatio": 0.2610440402,
        "totalOtherIncomeExpensesNet": 0,
        "incomeBeforeTax": 545321,
        "incomeBeforeTaxRatio": 0.2610440402,
        "incomeTaxExpense": 81567,
        "netIncome": 463754,
        "netIncomeRatio": 0.2219980852,
        "eps": 0.38,
        "epsdiluted": 0.38,
        "weightedAverageShsOut": 1205000,
        "weightedAverageShsOutDil": 1205000,
        "link": null,
        "finalLink": null
    },
    {
        "date": "2013-12-31",
        "symbol": "PCLB",
        "reportedCurrency": "USD",
        "cik": "0000000000",
        "fillingDate": "2013-12-31",
        "acceptedDate": "2013-12-30 19:00:00",
        "calendarYear": "2013",
        "period": "Q4",
        "revenue": 2197000,
        "costOfRevenue": 0,
        "grossProfit": 2197000,
        "grossProfitRatio": 1,
        "researchAndDevelopmentExpenses": 0,
        "generalAndAdministrativeExpenses": 0,
        "sellingAndMarketingExpenses": 0,
        "sellingGeneralAndAdministrativeExpenses": 1195000,
        "otherExpenses": 0,
        "operatingExpenses": 1629000,
        "costAndExpenses": 1629000,
        "interestIncome": 0,
        "interestExpense": 0,
        "depreciationAndAmortization": -641000,
        "ebitda": -73611,
        "ebitdaratio": -0.0335052344,
        "operatingIncome": 641295,
        "operatingIncomeRatio": 0.291895767,
        "totalOtherIncomeExpensesNet": -73611,
        "incomeBeforeTax": 567684,
        "incomeBeforeTaxRatio": 0.2583905325,
        "incomeTaxExpense": 83486,
        "netIncome": 484198,
        "netIncomeRatio": 0.2203905325,
        "eps": 0.4,
        "epsdiluted": 0.4,
        "weightedAverageShsOut": 1205000,
        "weightedAverageShsOutDil": 1205000,
        "link": null,
        "finalLink": null
    },
    {
        "date": "2013-09-30",
        "symbol": "PCLB",
        "reportedCurrency": "USD",
        "cik": "0000000000",
        "fillingDate": "2013-09-30",
        "acceptedDate": "2013-09-29 20:00:00",
        "calendarYear": "2013",
        "period": "Q3",
        "revenue": 2090000,
        "costOfRevenue": 0,
        "grossProfit": 2090000,
        "grossProfitRatio": 1,
        "researchAndDevelopmentExpenses": 0,
        "generalAndAdministrativeExpenses": 0,
        "sellingAndMarketingExpenses": 0,
        "sellingGeneralAndAdministrativeExpenses": 1076000,
        "otherExpenses": 0,
        "operatingExpenses": 1492000,
        "costAndExpenses": 1492000,
        "interestIncome": 0,
        "interestExpense": 0,
        "depreciationAndAmortization": -598000,
        "ebitda": 1430000,
        "ebitdaratio": 0.6842105263,
        "operatingIncome": 597895,
        "operatingIncomeRatio": 0.2860741627,
        "totalOtherIncomeExpensesNet": -416000,
        "incomeBeforeTax": 597895,
        "incomeBeforeTaxRatio": 0.2860741627,
        "incomeTaxExpense": 103558,
        "netIncome": 494337,
        "netIncomeRatio": 0.2365248804,
        "eps": 0.41,
        "epsdiluted": 0.41,
        "weightedAverageShsOut": 1205000,
        "weightedAverageShsOutDil": 1205000,
        "link": null,
        "finalLink": null
    },
    {
        "date": "2013-06-30",
        "symbol": "PCLB",
        "reportedCurrency": "USD",
        "cik": "0000000000",
        "fillingDate": "2013-06-30",
        "acceptedDate": "2013-06-29 20:00:00",
        "calendarYear": "2013",
        "period": "Q2",
        "revenue": 2103000,
        "costOfRevenue": 0,
        "grossProfit": 2103000,
        "grossProfitRatio": 1,
        "researchAndDevelopmentExpenses": 0,
        "generalAndAdministrativeExpenses": 0,
        "sellingAndMarketingExpenses": 0,
        "sellingGeneralAndAdministrativeExpenses": 1029000,
        "otherExpenses": 0,
        "operatingExpenses": 1510000,
        "costAndExpenses": 1510000,
        "interestIncome": 0,
        "interestExpense": 0,
        "depreciationAndAmortization": -679000,
        "ebitda": -85693,
        "ebitdaratio": -0.0407479791,
        "operatingIncome": 678960,
        "operatingIncomeRatio": 0.322853067,
        "totalOtherIncomeExpensesNet": -85693,
        "incomeBeforeTax": 593267,
        "incomeBeforeTaxRatio": 0.282105088,
        "incomeTaxExpense": 102710,
        "netIncome": 490557,
        "netIncomeRatio": 0.2332653352,
        "eps": 0.41,
        "epsdiluted": 0.41,
        "weightedAverageShsOut": 1205000,
        "weightedAverageShsOutDil": 1205000,
        "link": null,
        "finalLink": null
    },
    {
        "date": "2013-03-31",
        "symbol": "PCLB",
        "reportedCurrency": "USD",
        "cik": "0000000000",
        "fillingDate": "2013-03-31",
        "acceptedDate": "2013-03-30 20:00:00",
        "calendarYear": "2013",
        "period": "Q1",
        "revenue": 2031000,
        "costOfRevenue": 0,
        "grossProfit": 2031000,
        "grossProfitRatio": 1,
        "researchAndDevelopmentExpenses": 0,
        "generalAndAdministrativeExpenses": 0,
        "sellingAndMarketingExpenses": 0,
        "sellingGeneralAndAdministrativeExpenses": 1030000,
        "otherExpenses": 0,
        "operatingExpenses": 1459000,
        "costAndExpenses": 1459000,
        "interestIncome": 0,
        "interestExpense": 0,
        "depreciationAndAmortization": -580000,
        "ebitda": -7959,
        "ebitdaratio": -0.0039187592,
        "operatingIncome": 579924,
        "operatingIncomeRatio": 0.2855361891,
        "totalOtherIncomeExpensesNet": -7959,
        "incomeBeforeTax": 571965,
        "incomeBeforeTaxRatio": 0.2816174298,
        "incomeTaxExpense": 98875,
        "netIncome": 473090,
        "netIncomeRatio": 0.232934515,
        "eps": 0.39,
        "epsdiluted": 0.39,
        "weightedAverageShsOut": 1213000,
        "weightedAverageShsOutDil": 1205000,
        "link": null,
        "finalLink": null
    },
    {
        "date": "2007-09-30",
        "symbol": "PCLB",
        "reportedCurrency": "USD",
        "cik": "0000000000",
        "fillingDate": "2007-09-30",
        "acceptedDate": "2007-09-30 00:00:00",
        "calendarYear": "2007",
        "period": "Q3",
        "revenue": 2109000,
        "costOfRevenue": 0,
        "grossProfit": 2109000,
        "grossProfitRatio": 1,
        "researchAndDevelopmentExpenses": 0,
        "generalAndAdministrativeExpenses": 811502,
        "sellingAndMarketingExpenses": 114516,
        "sellingGeneralAndAdministrativeExpenses": 926018,
        "otherExpenses": 1183000,
        "operatingExpenses": -1565000,
        "costAndExpenses": 2109000,
        "interestIncome": 3663000,
        "interestExpense": 1979000,
        "depreciationAndAmortization": 123759,
        "ebitda": 0,
        "ebitdaratio": 0,
        "operatingIncome": 543974,
        "operatingIncomeRatio": 0.2579298246,
        "totalOtherIncomeExpensesNet": 0,
        "incomeBeforeTax": 543974,
        "incomeBeforeTaxRatio": 0.2579298246,
        "incomeTaxExpense": 159305,
        "netIncome": 384669,
        "netIncomeRatio": 0.1823940256,
        "eps": 0.26,
        "epsdiluted": 0.26,
        "weightedAverageShsOut": 1463000,
        "weightedAverageShsOutDil": 1468000,
        "link": null,
        "finalLink": null
    },
    {
        "date": "2007-06-30",
        "symbol": "PCLB",
        "reportedCurrency": "USD",
        "cik": "0000000000",
        "fillingDate": "2007-06-30",
        "acceptedDate": "2007-06-30 00:00:00",
        "calendarYear": "2007",
        "period": "Q2",
        "revenue": 2087000,
        "costOfRevenue": 0,
        "grossProfit": 2087000,
        "grossProfitRatio": 1,
        "researchAndDevelopmentExpenses": 0,
        "generalAndAdministrativeExpenses": 842136,
        "sellingAndMarketingExpenses": 109208,
        "sellingGeneralAndAdministrativeExpenses": 951344,
        "otherExpenses": 1136000,
        "operatingExpenses": -1491000,
        "costAndExpenses": 2087000,
        "interestIncome": 3651000,
        "interestExpense": 2041000,
        "depreciationAndAmortization": 122835,
        "ebitda": 0,
        "ebitdaratio": 0,
        "operatingIncome": 596230,
        "operatingIncomeRatio": 0.2856875898,
        "totalOtherIncomeExpensesNet": 0,
        "incomeBeforeTax": 596230,
        "incomeBeforeTaxRatio": 0.2856875898,
        "incomeTaxExpense": 190856,
        "netIncome": 405374,
        "netIncomeRatio": 0.1942376617,
        "eps": 0.28,
        "epsdiluted": 0.28,
        "weightedAverageShsOut": 1465000,
        "weightedAverageShsOutDil": 1470000,
        "link": null,
        "finalLink": null
    },
    {
        "date": "2007-03-31",
        "symbol": "PCLB",
        "reportedCurrency": "USD",
        "cik": "0000000000",
        "fillingDate": "2007-03-31",
        "acceptedDate": "2007-03-31 00:00:00",
        "calendarYear": "2007",
        "period": "Q1",
        "revenue": 1956000,
        "costOfRevenue": 0,
        "grossProfit": 1956000,
        "grossProfitRatio": 1,
        "researchAndDevelopmentExpenses": 0,
        "generalAndAdministrativeExpenses": 871480,
        "sellingAndMarketingExpenses": 112095,
        "sellingGeneralAndAdministrativeExpenses": 983575,
        "otherExpenses": 972507,
        "operatingExpenses": -1610000,
        "costAndExpenses": 1956000,
        "interestIncome": 3515000,
        "interestExpense": 1939000,
        "depreciationAndAmortization": 125230,
        "ebitda": 0,
        "ebitdaratio": 0,
        "operatingIncome": 346572,
        "operatingIncomeRatio": 0.1771840491,
        "totalOtherIncomeExpensesNet": 346572,
        "incomeBeforeTax": 346572,
        "incomeBeforeTaxRatio": 0.1771840491,
        "incomeTaxExpense": 99079,
        "netIncome": 247493,
        "netIncomeRatio": 0.1265301636,
        "eps": 0.17,
        "epsdiluted": 0.17,
        "weightedAverageShsOut": 1465000,
        "weightedAverageShsOutDil": 1471000,
        "link": null,
        "finalLink": null
    },
    {
        "date": "2006-12-31",
        "symbol": "PCLB",
        "reportedCurrency": "USD",
        "cik": "0000000000",
        "fillingDate": "2006-12-31",
        "acceptedDate": "2006-12-31 00:00:00",
        "calendarYear": "2006",
        "period": "Q4",
        "revenue": 2036000,
        "costOfRevenue": 0,
        "grossProfit": 2036000,
        "grossProfitRatio": 1,
        "researchAndDevelopmentExpenses": 0,
        "generalAndAdministrativeExpenses": 854024,
        "sellingAndMarketingExpenses": 89577,
        "sellingGeneralAndAdministrativeExpenses": 943601,
        "otherExpenses": 1092000,
        "operatingExpenses": -1510000,
        "costAndExpenses": 2036000,
        "interestIncome": 3495000,
        "interestExpense": 1880000,
        "depreciationAndAmortization": 130261,
        "ebitda": 0,
        "ebitdaratio": 0,
        "operatingIncome": 525435,
        "operatingIncomeRatio": 0.2580722004,
        "totalOtherIncomeExpensesNet": 0,
        "incomeBeforeTax": 525435,
        "incomeBeforeTaxRatio": 0.2580722004,
        "incomeTaxExpense": 166812,
        "netIncome": 358623,
        "netIncomeRatio": 0.1761409627,
        "eps": 0.24,
        "epsdiluted": 0.24,
        "weightedAverageShsOut": 1464000,
        "weightedAverageShsOutDil": 1470000,
        "link": null,
        "finalLink": null
    },
    {
        "date": "2006-09-30",
        "symbol": "PCLB",
        "reportedCurrency": "USD",
        "cik": "0000000000",
        "fillingDate": "2006-09-30",
        "acceptedDate": "2006-09-30 00:00:00",
        "calendarYear": "2006",
        "period": "Q3",
        "revenue": 2216000,
        "costOfRevenue": 0,
        "grossProfit": 2216000,
        "grossProfitRatio": 1,
        "researchAndDevelopmentExpenses": 0,
        "generalAndAdministrativeExpenses": 948656,
        "sellingAndMarketingExpenses": 95055,
        "sellingGeneralAndAdministrativeExpenses": 1044000,
        "otherExpenses": 1172000,
        "operatingExpenses": -1744000,
        "costAndExpenses": 2216000,
        "interestIncome": 3412000,
        "interestExpense": 1734000,
        "depreciationAndAmortization": 125994,
        "ebitda": 0,
        "ebitdaratio": 0,
        "operatingIncome": 471240,
        "operatingIncomeRatio": 0.2126534296,
        "totalOtherIncomeExpensesNet": 0,
        "incomeBeforeTax": 471240,
        "incomeBeforeTaxRatio": 0.2126534296,
        "incomeTaxExpense": 146350,
        "netIncome": 324890,
        "netIncomeRatio": 0.1466110108,
        "eps": 0.22,
        "epsdiluted": 0.22,
        "weightedAverageShsOut": 1471000,
        "weightedAverageShsOutDil": 1477000,
        "link": null,
        "finalLink": null
    },
    {
        "date": "2006-06-30",
        "symbol": "PCLB",
        "reportedCurrency": "USD",
        "cik": "0000000000",
        "fillingDate": "2006-06-30",
        "acceptedDate": "2006-06-29 20:00:00",
        "calendarYear": "2006",
        "period": "Q2",
        "revenue": 2108000,
        "costOfRevenue": 0,
        "grossProfit": 2108000,
        "grossProfitRatio": 1,
        "researchAndDevelopmentExpenses": 0,
        "generalAndAdministrativeExpenses": 842037,
        "sellingAndMarketingExpenses": 90158,
        "sellingGeneralAndAdministrativeExpenses": 932195,
        "otherExpenses": 1176000,
        "operatingExpenses": -1557000,
        "costAndExpenses": 2108000,
        "interestIncome": 3232000,
        "interestExpense": 1628000,
        "depreciationAndAmortization": 124244,
        "ebitda": 0,
        "ebitdaratio": 0,
        "operatingIncome": 550913,
        "operatingIncomeRatio": 0.2613439279,
        "totalOtherIncomeExpensesNet": 0,
        "incomeBeforeTax": 550913,
        "incomeBeforeTaxRatio": 0.2613439279,
        "incomeTaxExpense": 175180,
        "netIncome": 375733,
        "netIncomeRatio": 0.1782414611,
        "eps": 0.25,
        "epsdiluted": 0.25,
        "weightedAverageShsOut": 1497000,
        "weightedAverageShsOutDil": 1525000,
        "link": null,
        "finalLink": null
    },
    {
        "date": "2006-03-31",
        "symbol": "PCLB",
        "reportedCurrency": "USD",
        "cik": "0000000000",
        "fillingDate": "2006-03-31",
        "acceptedDate": "2006-03-30 19:00:00",
        "calendarYear": "2006",
        "period": "Q1",
        "revenue": 2074000,
        "costOfRevenue": 0,
        "grossProfit": 2074000,
        "grossProfitRatio": 1,
        "researchAndDevelopmentExpenses": 0,
        "generalAndAdministrativeExpenses": 865623,
        "sellingAndMarketingExpenses": 94209,
        "sellingGeneralAndAdministrativeExpenses": 959832,
        "otherExpenses": 1114000,
        "operatingExpenses": -1656000,
        "costAndExpenses": 2074000,
        "interestIncome": 3126000,
        "interestExpense": 1480000,
        "depreciationAndAmortization": 125697,
        "ebitda": 0,
        "ebitdaratio": 0,
        "operatingIncome": 418250,
        "operatingIncomeRatio": 0.2016634523,
        "totalOtherIncomeExpensesNet": 0,
        "incomeBeforeTax": 418250,
        "incomeBeforeTaxRatio": 0.2016634523,
        "incomeTaxExpense": 126592,
        "netIncome": 291658,
        "netIncomeRatio": 0.1406258438,
        "eps": 0.19,
        "epsdiluted": 0.19,
        "weightedAverageShsOut": 1541000,
        "weightedAverageShsOutDil": 1569000,
        "link": null,
        "finalLink": null
    },
    {
        "date": "2005-12-31",
        "symbol": "PCLB",
        "reportedCurrency": "USD",
        "cik": "0000000000",
        "fillingDate": "2005-12-31",
        "acceptedDate": "2005-12-30 19:00:00",
        "calendarYear": "2005",
        "period": "Q4",
        "revenue": 2043000,
        "costOfRevenue": 0,
        "grossProfit": 2043000,
        "grossProfitRatio": 1,
        "researchAndDevelopmentExpenses": 0,
        "generalAndAdministrativeExpenses": 809222,
        "sellingAndMarketingExpenses": 88468,
        "sellingGeneralAndAdministrativeExpenses": 897690,
        "otherExpenses": 1145000,
        "operatingExpenses": -1581000,
        "costAndExpenses": 2043000,
        "interestIncome": 3085000,
        "interestExpense": 1380000,
        "depreciationAndAmortization": 124596,
        "ebitda": 0,
        "ebitdaratio": 0,
        "operatingIncome": 462234,
        "operatingIncomeRatio": 0.2262525698,
        "totalOtherIncomeExpensesNet": 0,
        "incomeBeforeTax": 462234,
        "incomeBeforeTaxRatio": 0.2262525698,
        "incomeTaxExpense": 140019,
        "netIncome": 322215,
        "netIncomeRatio": 0.1577165932,
        "eps": 0.21,
        "epsdiluted": 0.2,
        "weightedAverageShsOut": 1541000,
        "weightedAverageShsOutDil": 1567000,
        "link": null,
        "finalLink": null
    },
    {
        "date": "2005-09-30",
        "symbol": "PCLB",
        "reportedCurrency": "USD",
        "cik": "0000000000",
        "fillingDate": "2005-09-30",
        "acceptedDate": "2005-09-29 20:00:00",
        "calendarYear": "2005",
        "period": "Q3",
        "revenue": 2291000,
        "costOfRevenue": 0,
        "grossProfit": 2291000,
        "grossProfitRatio": 1,
        "researchAndDevelopmentExpenses": 0,
        "generalAndAdministrativeExpenses": 817305,
        "sellingAndMarketingExpenses": 117865,
        "sellingGeneralAndAdministrativeExpenses": 935170,
        "otherExpenses": 1356000,
        "operatingExpenses": -1609000,
        "costAndExpenses": 2291000,
        "interestIncome": 2971000,
        "interestExpense": 1240000,
        "depreciationAndAmortization": 121645,
        "ebitda": 0,
        "ebitdaratio": 0,
        "operatingIncome": 682281,
        "operatingIncomeRatio": 0.2978092536,
        "totalOtherIncomeExpensesNet": 682281,
        "incomeBeforeTax": 682281,
        "incomeBeforeTaxRatio": 0.2978092536,
        "incomeTaxExpense": 220773,
        "netIncome": 461508,
        "netIncomeRatio": 0.201443911,
        "eps": 0.3,
        "epsdiluted": 0.29,
        "weightedAverageShsOut": 1551000,
        "weightedAverageShsOutDil": 1579000,
        "link": null,
        "finalLink": null
    },
    {
        "date": "2005-06-30",
        "symbol": "PCLB",
        "reportedCurrency": "USD",
        "cik": "0000000000",
        "fillingDate": "2005-06-30",
        "acceptedDate": "2005-06-29 20:00:00",
        "calendarYear": "2005",
        "period": "Q2",
        "revenue": 2189000,
        "costOfRevenue": 0,
        "grossProfit": 2189000,
        "grossProfitRatio": 1,
        "researchAndDevelopmentExpenses": 0,
        "generalAndAdministrativeExpenses": 824377,
        "sellingAndMarketingExpenses": 91769,
        "sellingGeneralAndAdministrativeExpenses": 916146,
        "otherExpenses": 1273000,
        "operatingExpenses": -1594000,
        "costAndExpenses": 2189000,
        "interestIncome": 2814000,
        "interestExpense": 1095000,
        "depreciationAndAmortization": 124963,
        "ebitda": 0,
        "ebitdaratio": 0,
        "operatingIncome": 595163,
        "operatingIncomeRatio": 0.2718880767,
        "totalOtherIncomeExpensesNet": 0,
        "incomeBeforeTax": 595163,
        "incomeBeforeTaxRatio": 0.2718880767,
        "incomeTaxExpense": 188394,
        "netIncome": 406769,
        "netIncomeRatio": 0.1858241206,
        "eps": 0.26,
        "epsdiluted": 0.26,
        "weightedAverageShsOut": 1549000,
        "weightedAverageShsOutDil": 1578000,
        "link": null,
        "finalLink": null
    },
    {
        "date": "2005-03-31",
        "symbol": "PCLB",
        "reportedCurrency": "USD",
        "cik": "0000000000",
        "fillingDate": "2005-03-31",
        "acceptedDate": "2005-03-30 19:00:00",
        "calendarYear": "2005",
        "period": "Q1",
        "revenue": 2135000,
        "costOfRevenue": 0,
        "grossProfit": 2135000,
        "grossProfitRatio": 1,
        "researchAndDevelopmentExpenses": 0,
        "generalAndAdministrativeExpenses": 862709,
        "sellingAndMarketingExpenses": 89334,
        "sellingGeneralAndAdministrativeExpenses": 952043,
        "otherExpenses": 1183000,
        "operatingExpenses": -1667000,
        "costAndExpenses": 2135000,
        "interestIncome": 2690000,
        "interestExpense": 1002000,
        "depreciationAndAmortization": 122731,
        "ebitda": 0,
        "ebitdaratio": 0,
        "operatingIncome": 468116,
        "operatingIncomeRatio": 0.2192580796,
        "totalOtherIncomeExpensesNet": 0,
        "incomeBeforeTax": 468116,
        "incomeBeforeTaxRatio": 0.2192580796,
        "incomeTaxExpense": 142061,
        "netIncome": 326055,
        "netIncomeRatio": 0.1527189696,
        "eps": 0.21,
        "epsdiluted": 0.21,
        "weightedAverageShsOut": 1552000,
        "weightedAverageShsOutDil": 1587000,
        "link": null,
        "finalLink": null
    },
    {
        "date": "2004-12-31",
        "symbol": "PCLB",
        "reportedCurrency": "USD",
        "cik": "0000000000",
        "fillingDate": "2004-12-31",
        "acceptedDate": "2004-12-30 19:00:00",
        "calendarYear": "2004",
        "period": "Q4",
        "revenue": 2250000,
        "costOfRevenue": 0,
        "grossProfit": 2250000,
        "grossProfitRatio": 1,
        "researchAndDevelopmentExpenses": 0,
        "generalAndAdministrativeExpenses": 853301,
        "sellingAndMarketingExpenses": 66065,
        "sellingGeneralAndAdministrativeExpenses": 919366,
        "otherExpenses": 1331000,
        "operatingExpenses": -1673000,
        "costAndExpenses": 2250000,
        "interestIncome": 2663000,
        "interestExpense": 919025,
        "depreciationAndAmortization": -399000,
        "ebitda": 0,
        "ebitdaratio": 0,
        "operatingIncome": 577840,
        "operatingIncomeRatio": 0.2568177778,
        "totalOtherIncomeExpensesNet": 0,
        "incomeBeforeTax": 577840,
        "incomeBeforeTaxRatio": 0.2568177778,
        "incomeTaxExpense": 126818,
        "netIncome": 451022,
        "netIncomeRatio": 0.2004542222,
        "eps": 0.29,
        "epsdiluted": 0.29,
        "weightedAverageShsOut": 1550000,
        "weightedAverageShsOutDil": 1586000,
        "link": null,
        "finalLink": null
    },
    {
        "date": "2004-09-30",
        "symbol": "PCLB",
        "reportedCurrency": "USD",
        "cik": "0000000000",
        "fillingDate": "2004-09-30",
        "acceptedDate": "2004-09-29 20:00:00",
        "calendarYear": "2004",
        "period": "Q3",
        "revenue": 1984000,
        "costOfRevenue": 0,
        "grossProfit": 1984000,
        "grossProfitRatio": 1,
        "researchAndDevelopmentExpenses": 0,
        "generalAndAdministrativeExpenses": 833455,
        "sellingAndMarketingExpenses": 55661,
        "sellingGeneralAndAdministrativeExpenses": 889116,
        "otherExpenses": 1095000,
        "operatingExpenses": -1530000,
        "costAndExpenses": 1984000,
        "interestIncome": 2663000,
        "interestExpense": 876902,
        "depreciationAndAmortization": 125701,
        "ebitda": 0,
        "ebitdaratio": 0,
        "operatingIncome": 454291,
        "operatingIncomeRatio": 0.2289773185,
        "totalOtherIncomeExpensesNet": 454291,
        "incomeBeforeTax": 454291,
        "incomeBeforeTaxRatio": 0.2289773185,
        "incomeTaxExpense": 144933,
        "netIncome": 309358,
        "netIncomeRatio": 0.1559264113,
        "eps": 0.2,
        "epsdiluted": 0.2,
        "weightedAverageShsOut": 1550000,
        "weightedAverageShsOutDil": 1585000,
        "link": null,
        "finalLink": null
    },
    {
        "date": "2004-06-30",
        "symbol": "PCLB",
        "reportedCurrency": "USD",
        "cik": "0000000000",
        "fillingDate": "2004-06-30",
        "acceptedDate": "2004-06-29 20:00:00",
        "calendarYear": "2004",
        "period": "Q2",
        "revenue": 2447000,
        "costOfRevenue": 0,
        "grossProfit": 2447000,
        "grossProfitRatio": 1,
        "researchAndDevelopmentExpenses": 0,
        "generalAndAdministrativeExpenses": 864361,
        "sellingAndMarketingExpenses": 59313,
        "sellingGeneralAndAdministrativeExpenses": 923674,
        "otherExpenses": 1523000,
        "operatingExpenses": -1606000,
        "costAndExpenses": 2447000,
        "interestIncome": 2693000,
        "interestExpense": 863679,
        "depreciationAndAmortization": 413989,
        "ebitda": 0,
        "ebitdaratio": 0,
        "operatingIncome": 841166,
        "operatingIncomeRatio": 0.3437539845,
        "totalOtherIncomeExpensesNet": 0,
        "incomeBeforeTax": 841166,
        "incomeBeforeTaxRatio": 0.3437539845,
        "incomeTaxExpense": 288045,
        "netIncome": 553121,
        "netIncomeRatio": 0.2260404577,
        "eps": 0.35,
        "epsdiluted": 0.35,
        "weightedAverageShsOut": 1565000,
        "weightedAverageShsOutDil": 1602000,
        "link": null,
        "finalLink": null
    },
    {
        "date": "2004-03-31",
        "symbol": "PCLB",
        "reportedCurrency": "USD",
        "cik": "0000000000",
        "fillingDate": "2004-03-31",
        "acceptedDate": "2004-03-30 19:00:00",
        "calendarYear": "2004",
        "period": "Q1",
        "revenue": 2202000,
        "costOfRevenue": 0,
        "grossProfit": 2202000,
        "grossProfitRatio": 1,
        "researchAndDevelopmentExpenses": 0,
        "generalAndAdministrativeExpenses": 856445,
        "sellingAndMarketingExpenses": 58078,
        "sellingGeneralAndAdministrativeExpenses": 914523,
        "otherExpenses": 1288000,
        "operatingExpenses": -1574000,
        "costAndExpenses": 2202000,
        "interestIncome": 2617000,
        "interestExpense": 856603,
        "depreciationAndAmortization": -170000,
        "ebitda": 0,
        "ebitdaratio": 0,
        "operatingIncome": 627618,
        "operatingIncomeRatio": 0.2850217984,
        "totalOtherIncomeExpensesNet": 0,
        "incomeBeforeTax": 627618,
        "incomeBeforeTaxRatio": 0.2850217984,
        "incomeTaxExpense": 208939,
        "netIncome": 418679,
        "netIncomeRatio": 0.1901357856,
        "eps": 0.27,
        "epsdiluted": 0.26,
        "weightedAverageShsOut": 1566000,
        "weightedAverageShsOutDil": 1612000,
        "link": null,
        "finalLink": null
    },
    {
        "date": "2003-12-31",
        "symbol": "PCLB",
        "reportedCurrency": "USD",
        "cik": "0000000000",
        "fillingDate": "2003-12-31",
        "acceptedDate": "2003-12-30 19:00:00",
        "calendarYear": "2003",
        "period": "Q4",
        "revenue": 2334000,
        "costOfRevenue": 0,
        "grossProfit": 2334000,
        "grossProfitRatio": 1,
        "researchAndDevelopmentExpenses": 0,
        "generalAndAdministrativeExpenses": 832770,
        "sellingAndMarketingExpenses": 67225,
        "sellingGeneralAndAdministrativeExpenses": 899995,
        "otherExpenses": 1434000,
        "operatingExpenses": -1490000,
        "costAndExpenses": 2334000,
        "interestIncome": 2695000,
        "interestExpense": 844270,
        "depreciationAndAmortization": 56593,
        "ebitda": 0,
        "ebitdaratio": 0,
        "operatingIncome": 843625,
        "operatingIncomeRatio": 0.3614502999,
        "totalOtherIncomeExpensesNet": 0,
        "incomeBeforeTax": 843625,
        "incomeBeforeTaxRatio": 0.3614502999,
        "incomeTaxExpense": 287472,
        "netIncome": 556153,
        "netIncomeRatio": 0.2382832048,
        "eps": 0.36,
        "epsdiluted": 0.35,
        "weightedAverageShsOut": 1564000,
        "weightedAverageShsOutDil": 1611000,
        "link": null,
        "finalLink": null
    },
    {
        "date": "2003-09-30",
        "symbol": "PCLB",
        "reportedCurrency": "USD",
        "cik": "0000000000",
        "fillingDate": "2003-09-30",
        "acceptedDate": "2003-09-29 20:00:00",
        "calendarYear": "2003",
        "period": "Q3",
        "revenue": 2618000,
        "costOfRevenue": 0,
        "grossProfit": 2618000,
        "grossProfitRatio": 1,
        "researchAndDevelopmentExpenses": 0,
        "generalAndAdministrativeExpenses": 799318,
        "sellingAndMarketingExpenses": 72978,
        "sellingGeneralAndAdministrativeExpenses": 872296,
        "otherExpenses": 1746000,
        "operatingExpenses": -1752000,
        "costAndExpenses": 2618000,
        "interestIncome": 2759000,
        "interestExpense": 916249,
        "depreciationAndAmortization": 70309,
        "ebitda": 0,
        "ebitdaratio": 0,
        "operatingIncome": 866062,
        "operatingIncomeRatio": 0.3308105424,
        "totalOtherIncomeExpensesNet": 0,
        "incomeBeforeTax": 866062,
        "incomeBeforeTaxRatio": 0.3308105424,
        "incomeTaxExpense": 294855,
        "netIncome": 571207,
        "netIncomeRatio": 0.218184492,
        "eps": 0.36,
        "epsdiluted": 0.36,
        "weightedAverageShsOut": 1566000,
        "weightedAverageShsOutDil": 1606000,
        "link": null,
        "finalLink": null
    },
    {
        "date": "2003-06-30",
        "symbol": "PCLB",
        "reportedCurrency": "USD",
        "cik": "0000000000",
        "fillingDate": "2003-06-30",
        "acceptedDate": "2003-06-29 20:00:00",
        "calendarYear": "2003",
        "period": "Q2",
        "revenue": 2566000,
        "costOfRevenue": 0,
        "grossProfit": 2566000,
        "grossProfitRatio": 1,
        "researchAndDevelopmentExpenses": 0,
        "generalAndAdministrativeExpenses": 788141,
        "sellingAndMarketingExpenses": 56073,
        "sellingGeneralAndAdministrativeExpenses": 844214,
        "otherExpenses": 1721000,
        "operatingExpenses": -1659000,
        "costAndExpenses": 2566000,
        "interestIncome": 2910000,
        "interestExpense": 1032000,
        "depreciationAndAmortization": 62293,
        "ebitda": 0,
        "ebitdaratio": 0,
        "operatingIncome": 906194,
        "operatingIncomeRatio": 0.3531543258,
        "totalOtherIncomeExpensesNet": 906194,
        "incomeBeforeTax": 906194,
        "incomeBeforeTaxRatio": 0.3531543258,
        "incomeTaxExpense": 310867,
        "netIncome": 595327,
        "netIncomeRatio": 0.2320058457,
        "eps": 0.38,
        "epsdiluted": 0.37,
        "weightedAverageShsOut": 1576000,
        "weightedAverageShsOutDil": 1606000,
        "link": null,
        "finalLink": null
    },
    {
        "date": "2003-03-31",
        "symbol": "PCLB",
        "reportedCurrency": "USD",
        "cik": "0000000000",
        "fillingDate": "2003-03-31",
        "acceptedDate": "2003-03-30 19:00:00",
        "calendarYear": "2003",
        "period": "Q1",
        "revenue": 2709000,
        "costOfRevenue": 0,
        "grossProfit": 2709000,
        "grossProfitRatio": 1,
        "researchAndDevelopmentExpenses": 0,
        "generalAndAdministrativeExpenses": 795466,
        "sellingAndMarketingExpenses": 53126,
        "sellingGeneralAndAdministrativeExpenses": 848592,
        "otherExpenses": 1860000,
        "operatingExpenses": -1631000,
        "costAndExpenses": 2709000,
        "interestIncome": 2923000,
        "interestExpense": 1113000,
        "depreciationAndAmortization": 69065,
        "ebitda": 0,
        "ebitdaratio": 0,
        "operatingIncome": 1078000,
        "operatingIncomeRatio": 0.3979328165,
        "totalOtherIncomeExpensesNet": 1078000,
        "incomeBeforeTax": 1078000,
        "incomeBeforeTaxRatio": 0.3979328165,
        "incomeTaxExpense": 374393,
        "netIncome": 703677,
        "netIncomeRatio": 0.2597552602,
        "eps": 0.43,
        "epsdiluted": 0.42,
        "weightedAverageShsOut": 1641000,
        "weightedAverageShsOutDil": 1660000,
        "link": null,
        "finalLink": null
    },
    {
        "date": "2002-12-31",
        "symbol": "PCLB",
        "reportedCurrency": "USD",
        "cik": "0000000000",
        "fillingDate": "2002-12-31",
        "acceptedDate": "2002-12-30 19:00:00",
        "calendarYear": "2002",
        "period": "Q4",
        "revenue": 2392000,
        "costOfRevenue": 0,
        "grossProfit": 2392000,
        "grossProfitRatio": 1,
        "researchAndDevelopmentExpenses": 0,
        "generalAndAdministrativeExpenses": 765136,
        "sellingAndMarketingExpenses": 56601,
        "sellingGeneralAndAdministrativeExpenses": 821737,
        "otherExpenses": 1570000,
        "operatingExpenses": -1506000,
        "costAndExpenses": 2392000,
        "interestIncome": 3116000,
        "interestExpense": 1284000,
        "depreciationAndAmortization": 88450,
        "ebitda": 0,
        "ebitdaratio": 0,
        "operatingIncome": 886080,
        "operatingIncomeRatio": 0.3704347826,
        "totalOtherIncomeExpensesNet": 0,
        "incomeBeforeTax": 886080,
        "incomeBeforeTaxRatio": 0.3704347826,
        "incomeTaxExpense": 303858,
        "netIncome": 582222,
        "netIncomeRatio": 0.2434038462,
        "eps": 0.33,
        "epsdiluted": 0.33,
        "weightedAverageShsOut": 1753000,
        "weightedAverageShsOutDil": 1767000,
        "link": null,
        "finalLink": null
    },
    {
        "date": "2002-09-30",
        "symbol": "PCLB",
        "reportedCurrency": "USD",
        "cik": "0000000000",
        "fillingDate": "2002-09-30",
        "acceptedDate": "2002-09-29 20:00:00",
        "calendarYear": "2002",
        "period": "Q3",
        "revenue": 2401000,
        "costOfRevenue": 0,
        "grossProfit": 2401000,
        "grossProfitRatio": 1,
        "researchAndDevelopmentExpenses": 0,
        "generalAndAdministrativeExpenses": 765773,
        "sellingAndMarketingExpenses": 49201,
        "sellingGeneralAndAdministrativeExpenses": 814974,
        "otherExpenses": 1586000,
        "operatingExpenses": -1690000,
        "costAndExpenses": 2401000,
        "interestIncome": 3329000,
        "interestExpense": 1471000,
        "depreciationAndAmortization": 49325,
        "ebitda": 0,
        "ebitdaratio": 0,
        "operatingIncome": 710791,
        "operatingIncomeRatio": 0.2960395668,
        "totalOtherIncomeExpensesNet": 0,
        "incomeBeforeTax": 710791,
        "incomeBeforeTaxRatio": 0.2960395668,
        "incomeTaxExpense": 237766,
        "netIncome": 473025,
        "netIncomeRatio": 0.1970116618,
        "eps": 0.27,
        "epsdiluted": 0.27,
        "weightedAverageShsOut": 1775000,
        "weightedAverageShsOutDil": 1784000,
        "link": null,
        "finalLink": null
    },
    {
        "date": "2002-06-30",
        "symbol": "PCLB",
        "reportedCurrency": "USD",
        "cik": "0000000000",
        "fillingDate": "2002-06-30",
        "acceptedDate": "2002-06-29 20:00:00",
        "calendarYear": "2002",
        "period": "Q2",
        "revenue": 2290000,
        "costOfRevenue": 0,
        "grossProfit": 2290000,
        "grossProfitRatio": 1,
        "researchAndDevelopmentExpenses": 0,
        "generalAndAdministrativeExpenses": 761831,
        "sellingAndMarketingExpenses": 54244,
        "sellingGeneralAndAdministrativeExpenses": 816075,
        "otherExpenses": 1442000,
        "operatingExpenses": -1511000,
        "costAndExpenses": 2258000,
        "interestIncome": 3302000,
        "interestExpense": 1561000,
        "depreciationAndAmortization": 7924,
        "ebitda": 0,
        "ebitdaratio": 0,
        "operatingIncome": 779749,
        "operatingIncomeRatio": 0.3405017467,
        "totalOtherIncomeExpensesNet": 0,
        "incomeBeforeTax": 779749,
        "incomeBeforeTaxRatio": 0.3405017467,
        "incomeTaxExpense": 264000,
        "netIncome": 515750,
        "netIncomeRatio": 0.2252183406,
        "eps": 0.29,
        "epsdiluted": 0.29,
        "weightedAverageShsOut": 1778000,
        "weightedAverageShsOutDil": 1778000,
        "link": null,
        "finalLink": null
    },
    {
        "date": "2002-03-31",
        "symbol": "PCLB",
        "reportedCurrency": "USD",
        "cik": "0000000000",
        "fillingDate": "2002-03-31",
        "acceptedDate": "2002-03-30 19:00:00",
        "calendarYear": "2002",
        "period": "Q1",
        "revenue": 2195000,
        "costOfRevenue": 0,
        "grossProfit": 2195000,
        "grossProfitRatio": 1,
        "researchAndDevelopmentExpenses": 0,
        "generalAndAdministrativeExpenses": 741673,
        "sellingAndMarketingExpenses": 49763,
        "sellingGeneralAndAdministrativeExpenses": 791436,
        "otherExpenses": 1404000,
        "operatingExpenses": -1533000,
        "costAndExpenses": 2195000,
        "interestIncome": 3356000,
        "interestExpense": 1667000,
        "depreciationAndAmortization": 42588,
        "ebitda": 0,
        "ebitdaratio": 0,
        "operatingIncome": 661614,
        "operatingIncomeRatio": 0.3014186788,
        "totalOtherIncomeExpensesNet": 0,
        "incomeBeforeTax": 661614,
        "incomeBeforeTaxRatio": 0.3014186788,
        "incomeTaxExpense": 219823,
        "netIncome": 441791,
        "netIncomeRatio": 0.2012715262,
        "eps": 0.25,
        "epsdiluted": 0.25,
        "weightedAverageShsOut": 1775000,
        "weightedAverageShsOutDil": 1775000,
        "link": null,
        "finalLink": null
    },
    {
        "date": "2001-12-31",
        "symbol": "PCLB",
        "reportedCurrency": "USD",
        "cik": "0000000000",
        "fillingDate": "2001-12-31",
        "acceptedDate": "2001-12-30 19:00:00",
        "calendarYear": "2001",
        "period": "Q4",
        "revenue": 2298000,
        "costOfRevenue": 0,
        "grossProfit": 2298000,
        "grossProfitRatio": 1,
        "researchAndDevelopmentExpenses": 0,
        "generalAndAdministrativeExpenses": 759989,
        "sellingAndMarketingExpenses": 53088,
        "sellingGeneralAndAdministrativeExpenses": 813077,
        "otherExpenses": 1485000,
        "operatingExpenses": -2193000,
        "costAndExpenses": 2298000,
        "interestIncome": 3617000,
        "interestExpense": 1937000,
        "depreciationAndAmortization": 60450,
        "ebitda": 0,
        "ebitdaratio": 0,
        "operatingIncome": 104879,
        "operatingIncomeRatio": 0.0456392515,
        "totalOtherIncomeExpensesNet": 0,
        "incomeBeforeTax": 104879,
        "incomeBeforeTaxRatio": 0.0456392515,
        "incomeTaxExpense": 21524,
        "netIncome": 83355,
        "netIncomeRatio": 0.036272846,
        "eps": 0.04,
        "epsdiluted": 0.04,
        "weightedAverageShsOut": 1775000,
        "weightedAverageShsOutDil": 1775000,
        "link": null,
        "finalLink": null
    },
    {
        "date": "2001-09-30",
        "symbol": "PCLB",
        "reportedCurrency": "USD",
        "cik": "0000000000",
        "fillingDate": "2001-09-30",
        "acceptedDate": "2001-09-29 20:00:00",
        "calendarYear": "2001",
        "period": "Q3",
        "revenue": 1995000,
        "costOfRevenue": 0,
        "grossProfit": 1995000,
        "grossProfitRatio": 1,
        "researchAndDevelopmentExpenses": 0,
        "generalAndAdministrativeExpenses": 719770,
        "sellingAndMarketingExpenses": 50588,
        "sellingGeneralAndAdministrativeExpenses": 770358,
        "otherExpenses": 1225000,
        "operatingExpenses": -1750000,
        "costAndExpenses": 1995000,
        "interestIncome": 3880000,
        "interestExpense": 2225000,
        "depreciationAndAmortization": 59890,
        "ebitda": 0,
        "ebitdaratio": 0,
        "operatingIncome": 245796,
        "operatingIncomeRatio": 0.123206015,
        "totalOtherIncomeExpensesNet": 0,
        "incomeBeforeTax": 245796,
        "incomeBeforeTaxRatio": 0.123206015,
        "incomeTaxExpense": 81662,
        "netIncome": 164134,
        "netIncomeRatio": 0.0822726817,
        "eps": 0.09,
        "epsdiluted": 0.09,
        "weightedAverageShsOut": 1775000,
        "weightedAverageShsOutDil": 1775000,
        "link": null,
        "finalLink": null
    },
    {
        "date": "2001-06-30",
        "symbol": "PCLB",
        "reportedCurrency": "USD",
        "cik": "0000000000",
        "fillingDate": "2001-06-30",
        "acceptedDate": "2001-06-29 20:00:00",
        "calendarYear": "2001",
        "period": "Q2",
        "revenue": 2085000,
        "costOfRevenue": 0,
        "grossProfit": 2085000,
        "grossProfitRatio": 1,
        "researchAndDevelopmentExpenses": 0,
        "generalAndAdministrativeExpenses": 749238,
        "sellingAndMarketingExpenses": 46281,
        "sellingGeneralAndAdministrativeExpenses": 795519,
        "otherExpenses": 1290000,
        "operatingExpenses": -1997000,
        "costAndExpenses": 2085000,
        "interestIncome": 4019000,
        "interestExpense": 2383000,
        "depreciationAndAmortization": 65523,
        "ebitda": 0,
        "ebitdaratio": 0,
        "operatingIncome": 88203,
        "operatingIncomeRatio": 0.0423035971,
        "totalOtherIncomeExpensesNet": 0,
        "incomeBeforeTax": 88203,
        "incomeBeforeTaxRatio": 0.0423035971,
        "incomeTaxExpense": -17368,
        "netIncome": 105571,
        "netIncomeRatio": 0.0506335731,
        "eps": 0.06,
        "epsdiluted": 0.06,
        "weightedAverageShsOut": 1775000,
        "weightedAverageShsOutDil": 1775000,
        "link": null,
        "finalLink": null
    },
    {
        "date": "2001-03-31",
        "symbol": "PCLB",
        "reportedCurrency": "USD",
        "cik": "0000000000",
        "fillingDate": "2001-03-31",
        "acceptedDate": "2001-03-30 19:00:00",
        "calendarYear": "2001",
        "period": "Q1",
        "revenue": 2134000,
        "costOfRevenue": 0,
        "grossProfit": 2134000,
        "grossProfitRatio": 1,
        "researchAndDevelopmentExpenses": 0,
        "generalAndAdministrativeExpenses": 739596,
        "sellingAndMarketingExpenses": 34751,
        "sellingGeneralAndAdministrativeExpenses": 774347,
        "otherExpenses": 1360000,
        "operatingExpenses": -1602000,
        "costAndExpenses": 2134000,
        "interestIncome": 4307000,
        "interestExpense": 2646000,
        "depreciationAndAmortization": 58444,
        "ebitda": 0,
        "ebitdaratio": 0,
        "operatingIncome": 531770,
        "operatingIncomeRatio": 0.2491893158,
        "totalOtherIncomeExpensesNet": 0,
        "incomeBeforeTax": 531770,
        "incomeBeforeTaxRatio": 0.2491893158,
        "incomeTaxExpense": 201542,
        "netIncome": 330228,
        "netIncomeRatio": 0.1547460169,
        "eps": 0.19,
        "epsdiluted": 0.19,
        "weightedAverageShsOut": 1775000,
        "weightedAverageShsOutDil": 1775000,
        "link": null,
        "finalLink": null
    },
    {
        "date": "2000-12-31",
        "symbol": "PCLB",
        "reportedCurrency": "USD",
        "cik": "0000000000",
        "fillingDate": "2000-12-31",
        "acceptedDate": "2000-12-30 19:00:00",
        "calendarYear": "2000",
        "period": "Q4",
        "revenue": 2054000,
        "costOfRevenue": 0,
        "grossProfit": 2054000,
        "grossProfitRatio": 1,
        "researchAndDevelopmentExpenses": 0,
        "generalAndAdministrativeExpenses": 704863,
        "sellingAndMarketingExpenses": 41006,
        "sellingGeneralAndAdministrativeExpenses": 745869,
        "otherExpenses": 1308000,
        "operatingExpenses": -1444000,
        "costAndExpenses": 2054000,
        "interestIncome": 4520000,
        "interestExpense": 2732000,
        "depreciationAndAmortization": 62282,
        "ebitda": 0,
        "ebitdaratio": 0,
        "operatingIncome": 609674,
        "operatingIncomeRatio": 0.2968227848,
        "totalOtherIncomeExpensesNet": 0,
        "incomeBeforeTax": 609674,
        "incomeBeforeTaxRatio": 0.2968227848,
        "incomeTaxExpense": 232487,
        "netIncome": 377187,
        "netIncomeRatio": 0.1836353457,
        "eps": 0.21,
        "epsdiluted": 0.21,
        "weightedAverageShsOut": 1782000,
        "weightedAverageShsOutDil": 1782000,
        "link": null,
        "finalLink": null
    },
    {
        "date": "2000-09-30",
        "symbol": "PCLB",
        "reportedCurrency": "USD",
        "cik": "0000000000",
        "fillingDate": "2000-09-30",
        "acceptedDate": "2000-09-29 20:00:00",
        "calendarYear": "2000",
        "period": "Q3",
        "revenue": 2185000,
        "costOfRevenue": 0,
        "grossProfit": 2185000,
        "grossProfitRatio": 1,
        "researchAndDevelopmentExpenses": 0,
        "generalAndAdministrativeExpenses": 722587,
        "sellingAndMarketingExpenses": 46046,
        "sellingGeneralAndAdministrativeExpenses": 768633,
        "otherExpenses": 1416000,
        "operatingExpenses": -1450000,
        "costAndExpenses": 2185000,
        "interestIncome": 4570000,
        "interestExpense": 2732000,
        "depreciationAndAmortization": 45962,
        "ebitda": 0,
        "ebitdaratio": 0,
        "operatingIncome": 734769,
        "operatingIncomeRatio": 0.3362787185,
        "totalOtherIncomeExpensesNet": 0,
        "incomeBeforeTax": 734769,
        "incomeBeforeTaxRatio": 0.3362787185,
        "incomeTaxExpense": 276768,
        "netIncome": 458000,
        "netIncomeRatio": 0.209610984,
        "eps": 0.26,
        "epsdiluted": 0.26,
        "weightedAverageShsOut": 1792000,
        "weightedAverageShsOutDil": 1792000,
        "link": null,
        "finalLink": null
    },
    {
        "date": "2000-06-30",
        "symbol": "PCLB",
        "reportedCurrency": "USD",
        "cik": "0000000000",
        "fillingDate": "2000-06-30",
        "acceptedDate": "2000-06-29 20:00:00",
        "calendarYear": "2000",
        "period": "Q2",
        "revenue": 2149000,
        "costOfRevenue": 0,
        "grossProfit": 2149000,
        "grossProfitRatio": 1,
        "researchAndDevelopmentExpenses": 0,
        "generalAndAdministrativeExpenses": 701544,
        "sellingAndMarketingExpenses": 34626,
        "sellingGeneralAndAdministrativeExpenses": 736170,
        "otherExpenses": 1413000,
        "operatingExpenses": -1404000,
        "costAndExpenses": 2149000,
        "interestIncome": 4390000,
        "interestExpense": 2590000,
        "depreciationAndAmortization": 47003,
        "ebitda": 0,
        "ebitdaratio": 0,
        "operatingIncome": 744591,
        "operatingIncomeRatio": 0.34648255,
        "totalOtherIncomeExpensesNet": 744591,
        "incomeBeforeTax": 744591,
        "incomeBeforeTaxRatio": 0.34648255,
        "incomeTaxExpense": 281271,
        "netIncome": 463320,
        "netIncomeRatio": 0.2155979525,
        "eps": 0.26,
        "epsdiluted": 0.26,
        "weightedAverageShsOut": 1782000,
        "weightedAverageShsOutDil": 1792000,
        "link": null,
        "finalLink": null
    },
    {
        "date": "2000-03-31",
        "symbol": "PCLB",
        "reportedCurrency": "USD",
        "cik": "0000000000",
        "fillingDate": "2000-03-31",
        "acceptedDate": "2000-03-30 19:00:00",
        "calendarYear": "2000",
        "period": "Q1",
        "revenue": 2095000,
        "costOfRevenue": 0,
        "grossProfit": 2095000,
        "grossProfitRatio": 1,
        "researchAndDevelopmentExpenses": 0,
        "generalAndAdministrativeExpenses": 709840,
        "sellingAndMarketingExpenses": 37670,
        "sellingGeneralAndAdministrativeExpenses": 747510,
        "otherExpenses": 1347000,
        "operatingExpenses": -1384000,
        "costAndExpenses": 2095000,
        "interestIncome": 4326000,
        "interestExpense": 2519000,
        "depreciationAndAmortization": 48625,
        "ebitda": 0,
        "ebitdaratio": 0,
        "operatingIncome": 711054,
        "operatingIncomeRatio": 0.3394052506,
        "totalOtherIncomeExpensesNet": 0,
        "incomeBeforeTax": 711054,
        "incomeBeforeTaxRatio": 0.3394052506,
        "incomeTaxExpense": 267962,
        "netIncome": 443092,
        "netIncomeRatio": 0.2114997613,
        "eps": 0.25,
        "epsdiluted": 0.25,
        "weightedAverageShsOut": 1792000,
        "weightedAverageShsOutDil": 1792000,
        "link": null,
        "finalLink": null
    },
    {
        "date": "1999-12-31",
        "symbol": "PCLB",
        "reportedCurrency": "USD",
        "cik": "0000000000",
        "fillingDate": "1999-12-31",
        "acceptedDate": "1999-12-30 19:00:00",
        "calendarYear": "1999",
        "period": "Q4",
        "revenue": 1908000,
        "costOfRevenue": 0,
        "grossProfit": 1908000,
        "grossProfitRatio": 1,
        "researchAndDevelopmentExpenses": 0,
        "generalAndAdministrativeExpenses": 808928,
        "sellingAndMarketingExpenses": 59730,
        "sellingGeneralAndAdministrativeExpenses": 868658,
        "otherExpenses": 1040000,
        "operatingExpenses": -1372000,
        "costAndExpenses": 1908000,
        "interestIncome": 4230000,
        "interestExpense": 2438000,
        "depreciationAndAmortization": 26427,
        "ebitda": 0,
        "ebitdaratio": 0,
        "operatingIncome": 536242,
        "operatingIncomeRatio": 0.2810492662,
        "totalOtherIncomeExpensesNet": 536242,
        "incomeBeforeTax": 536242,
        "incomeBeforeTaxRatio": 0.2810492662,
        "incomeTaxExpense": 158520,
        "netIncome": 377722,
        "netIncomeRatio": 0.1979675052,
        "eps": 0.22,
        "epsdiluted": 0.21,
        "weightedAverageShsOut": 1748000,
        "weightedAverageShsOutDil": 1769000,
        "link": null,
        "finalLink": null
    },
    {
        "date": "1999-09-30",
        "symbol": "PCLB",
        "reportedCurrency": "USD",
        "cik": "0000000000",
        "fillingDate": "1999-09-30",
        "acceptedDate": "1999-09-29 20:00:00",
        "calendarYear": "1999",
        "period": "Q3",
        "revenue": 2100000,
        "costOfRevenue": 0,
        "grossProfit": 2100000,
        "grossProfitRatio": 1,
        "researchAndDevelopmentExpenses": 0,
        "generalAndAdministrativeExpenses": 700000,
        "sellingAndMarketingExpenses": 0,
        "sellingGeneralAndAdministrativeExpenses": 700000,
        "otherExpenses": 1400000,
        "operatingExpenses": -1300000,
        "costAndExpenses": 2100000,
        "interestIncome": 4100000,
        "interestExpense": 2300000,
        "depreciationAndAmortization": 0,
        "ebitda": 0,
        "ebitdaratio": 0,
        "operatingIncome": 900000,
        "operatingIncomeRatio": 0.4285714286,
        "totalOtherIncomeExpensesNet": -100000,
        "incomeBeforeTax": 800000,
        "incomeBeforeTaxRatio": 0.380952381,
        "incomeTaxExpense": 300000,
        "netIncome": 500000,
        "netIncomeRatio": 0.2380952381,
        "eps": 0.27,
        "epsdiluted": 0.27,
        "weightedAverageShsOut": 1852000,
        "weightedAverageShsOutDil": 1852000,
        "link": null,
        "finalLink": null
    },
    {
        "date": "1999-06-30",
        "symbol": "PCLB",
        "reportedCurrency": "USD",
        "cik": "0000000000",
        "fillingDate": "1999-06-30",
        "acceptedDate": "1999-06-29 20:00:00",
        "calendarYear": "1999",
        "period": "Q2",
        "revenue": 2000000,
        "costOfRevenue": 0,
        "grossProfit": 2000000,
        "grossProfitRatio": 1,
        "researchAndDevelopmentExpenses": 0,
        "generalAndAdministrativeExpenses": 700000,
        "sellingAndMarketingExpenses": 0,
        "sellingGeneralAndAdministrativeExpenses": 700000,
        "otherExpenses": 1240000,
        "operatingExpenses": -1200000,
        "costAndExpenses": 1940000,
        "interestIncome": 3900000,
        "interestExpense": 2300000,
        "depreciationAndAmortization": 0,
        "ebitda": 800000,
        "ebitdaratio": 0.4,
        "operatingIncome": 800000,
        "operatingIncomeRatio": 0.4,
        "totalOtherIncomeExpensesNet": 800000,
        "incomeBeforeTax": 800000,
        "incomeBeforeTaxRatio": 0.4,
        "incomeTaxExpense": 300000,
        "netIncome": 500000,
        "netIncomeRatio": 0.25,
        "eps": 0.23,
        "epsdiluted": 0.23,
        "weightedAverageShsOut": 2174000,
        "weightedAverageShsOutDil": 2174000,
        "link": null,
        "finalLink": null
    },
    {
        "date": "1999-03-31",
        "symbol": "PCLB",
        "reportedCurrency": "USD",
        "cik": "0000000000",
        "fillingDate": "1999-03-31",
        "acceptedDate": "1999-03-30 19:00:00",
        "calendarYear": "1999",
        "period": "Q1",
        "revenue": 2000000,
        "costOfRevenue": 0,
        "grossProfit": 2000000,
        "grossProfitRatio": 1,
        "researchAndDevelopmentExpenses": 0,
        "generalAndAdministrativeExpenses": 700000,
        "sellingAndMarketingExpenses": 0,
        "sellingGeneralAndAdministrativeExpenses": 700000,
        "otherExpenses": 1300000,
        "operatingExpenses": -1400000,
        "costAndExpenses": 2000000,
        "interestIncome": 3900000,
        "interestExpense": 2300000,
        "depreciationAndAmortization": 0,
        "ebitda": 600000,
        "ebitdaratio": 0.3,
        "operatingIncome": 600000,
        "operatingIncomeRatio": 0.3,
        "totalOtherIncomeExpensesNet": 0,
        "incomeBeforeTax": 600000,
        "incomeBeforeTaxRatio": 0.3,
        "incomeTaxExpense": 200000,
        "netIncome": 400000,
        "netIncomeRatio": 0.2,
        "eps": 0.22,
        "epsdiluted": 0.21,
        "weightedAverageShsOut": 1818000,
        "weightedAverageShsOutDil": 1905000,
        "link": null,
        "finalLink": null
    },
    {
        "date": "1998-12-31",
        "symbol": "PCLB",
        "reportedCurrency": "USD",
        "cik": "0000000000",
        "fillingDate": "1998-12-31",
        "acceptedDate": "1998-12-30 19:00:00",
        "calendarYear": "1998",
        "period": "Q4",
        "revenue": 2000000,
        "costOfRevenue": 0,
        "grossProfit": 2000000,
        "grossProfitRatio": 1,
        "researchAndDevelopmentExpenses": 0,
        "generalAndAdministrativeExpenses": 700000,
        "sellingAndMarketingExpenses": 0,
        "sellingGeneralAndAdministrativeExpenses": 700000,
        "otherExpenses": 1300000,
        "operatingExpenses": -1300000,
        "costAndExpenses": 2000000,
        "interestIncome": 4100000,
        "interestExpense": 2400000,
        "depreciationAndAmortization": 0,
        "ebitda": 0,
        "ebitdaratio": 0,
        "operatingIncome": 800000,
        "operatingIncomeRatio": 0.4,
        "totalOtherIncomeExpensesNet": -100000,
        "incomeBeforeTax": 700000,
        "incomeBeforeTaxRatio": 0.35,
        "incomeTaxExpense": 300000,
        "netIncome": 400000,
        "netIncomeRatio": 0.2,
        "eps": 0.23,
        "epsdiluted": 0.23,
        "weightedAverageShsOut": 1711000,
        "weightedAverageShsOutDil": 1719000,
        "link": null,
        "finalLink": null
    },
    {
        "date": "1998-09-30",
        "symbol": "PCLB",
        "reportedCurrency": "USD",
        "cik": "0000000000",
        "fillingDate": "1998-09-30",
        "acceptedDate": "1998-09-29 20:00:00",
        "calendarYear": "1998",
        "period": "Q3",
        "revenue": 1700000,
        "costOfRevenue": 0,
        "grossProfit": 1700000,
        "grossProfitRatio": 1,
        "researchAndDevelopmentExpenses": 0,
        "generalAndAdministrativeExpenses": 700000,
        "sellingAndMarketingExpenses": 0,
        "sellingGeneralAndAdministrativeExpenses": 700000,
        "otherExpenses": 1000000,
        "operatingExpenses": -1600000,
        "costAndExpenses": 1700000,
        "interestIncome": 4100000,
        "interestExpense": 2400000,
        "depreciationAndAmortization": 0,
        "ebitda": 100000,
        "ebitdaratio": 0.0588235294,
        "operatingIncome": 100000,
        "operatingIncomeRatio": 0.0588235294,
        "totalOtherIncomeExpensesNet": -100000,
        "incomeBeforeTax": 0,
        "incomeBeforeTaxRatio": 0,
        "incomeTaxExpense": -100000,
        "netIncome": 100000,
        "netIncomeRatio": 0.0588235294,
        "eps": 0.04,
        "epsdiluted": 0.0557,
        "weightedAverageShsOut": 1783000,
        "weightedAverageShsOutDil": 1795500,
        "link": null,
        "finalLink": null
    },
    {
        "date": "1998-06-30",
        "symbol": "PCLB",
        "reportedCurrency": "USD",
        "cik": "0000000000",
        "fillingDate": "1998-06-30",
        "acceptedDate": "1998-06-29 20:00:00",
        "calendarYear": "1998",
        "period": "Q2",
        "revenue": 2100000,
        "costOfRevenue": 0,
        "grossProfit": 2100000,
        "grossProfitRatio": 1,
        "researchAndDevelopmentExpenses": 0,
        "generalAndAdministrativeExpenses": 700000,
        "sellingAndMarketingExpenses": 0,
        "sellingGeneralAndAdministrativeExpenses": 700000,
        "otherExpenses": 1300000,
        "operatingExpenses": -1300000,
        "costAndExpenses": 2000000,
        "interestIncome": 4000000,
        "interestExpense": 2300000,
        "depreciationAndAmortization": 0,
        "ebitda": 800000,
        "ebitdaratio": 0.380952381,
        "operatingIncome": 800000,
        "operatingIncomeRatio": 0.380952381,
        "totalOtherIncomeExpensesNet": 800000,
        "incomeBeforeTax": 800000,
        "incomeBeforeTaxRatio": 0.380952381,
        "incomeTaxExpense": 300000,
        "netIncome": 500000,
        "netIncomeRatio": 0.2380952381,
        "eps": 0.28,
        "epsdiluted": 0.28,
        "weightedAverageShsOut": 1786000,
        "weightedAverageShsOutDil": 1786000,
        "link": null,
        "finalLink": null
    },
    {
        "date": "1998-03-31",
        "symbol": "PCLB",
        "reportedCurrency": "USD",
        "cik": "0000000000",
        "fillingDate": "1998-03-31",
        "acceptedDate": "1998-03-30 19:00:00",
        "calendarYear": "1998",
        "period": "Q1",
        "revenue": 2100000,
        "costOfRevenue": 0,
        "grossProfit": 2100000,
        "grossProfitRatio": 1,
        "researchAndDevelopmentExpenses": 0,
        "generalAndAdministrativeExpenses": 600000,
        "sellingAndMarketingExpenses": 0,
        "sellingGeneralAndAdministrativeExpenses": 600000,
        "otherExpenses": 1500000,
        "operatingExpenses": -1300000,
        "costAndExpenses": 2100000,
        "interestIncome": 3900000,
        "interestExpense": 2200000,
        "depreciationAndAmortization": 0,
        "ebitda": 800000,
        "ebitdaratio": 0.380952381,
        "operatingIncome": 800000,
        "operatingIncomeRatio": 0.380952381,
        "totalOtherIncomeExpensesNet": 800000,
        "incomeBeforeTax": 800000,
        "incomeBeforeTaxRatio": 0.380952381,
        "incomeTaxExpense": 300000,
        "netIncome": 500000,
        "netIncomeRatio": 0.2380952381,
        "eps": 0.28,
        "epsdiluted": 0.28,
        "weightedAverageShsOut": 1786000,
        "weightedAverageShsOutDil": 1786000,
        "link": null,
        "finalLink": null
    },
    {
        "date": "1997-12-31",
        "symbol": "PCLB",
        "reportedCurrency": "USD",
        "cik": "0000000000",
        "fillingDate": "1997-12-31",
        "acceptedDate": "1997-12-30 19:00:00",
        "calendarYear": "1997",
        "period": "Q4",
        "revenue": 2200000,
        "costOfRevenue": 0,
        "grossProfit": 2200000,
        "grossProfitRatio": 1,
        "researchAndDevelopmentExpenses": 0,
        "generalAndAdministrativeExpenses": 700000,
        "sellingAndMarketingExpenses": 100000,
        "sellingGeneralAndAdministrativeExpenses": 800000,
        "otherExpenses": 1400000,
        "operatingExpenses": -1400000,
        "costAndExpenses": 2200000,
        "interestIncome": 4100000,
        "interestExpense": 2300000,
        "depreciationAndAmortization": 0,
        "ebitda": 800000,
        "ebitdaratio": 0.3636363636,
        "operatingIncome": 800000,
        "operatingIncomeRatio": 0.3636363636,
        "totalOtherIncomeExpensesNet": 800000,
        "incomeBeforeTax": 800000,
        "incomeBeforeTaxRatio": 0.3636363636,
        "incomeTaxExpense": 300000,
        "netIncome": 500000,
        "netIncomeRatio": 0.2272727273,
        "eps": 0.27,
        "epsdiluted": 0.26,
        "weightedAverageShsOut": 1729000,
        "weightedAverageShsOutDil": 1911000,
        "link": null,
        "finalLink": null
    },
    {
        "date": "1997-09-30",
        "symbol": "PCLB",
        "reportedCurrency": "USD",
        "cik": "0000000000",
        "fillingDate": "1997-09-30",
        "acceptedDate": "1997-09-29 20:00:00",
        "calendarYear": "1997",
        "period": "Q3",
        "revenue": 2100000,
        "costOfRevenue": 0,
        "grossProfit": 2100000,
        "grossProfitRatio": 1,
        "researchAndDevelopmentExpenses": 0,
        "generalAndAdministrativeExpenses": 600000,
        "sellingAndMarketingExpenses": 0,
        "sellingGeneralAndAdministrativeExpenses": 600000,
        "otherExpenses": 1500000,
        "operatingExpenses": -1200000,
        "costAndExpenses": 2100000,
        "interestIncome": 4000000,
        "interestExpense": 2200000,
        "depreciationAndAmortization": 0,
        "ebitda": 900000,
        "ebitdaratio": 0.4285714286,
        "operatingIncome": 900000,
        "operatingIncomeRatio": 0.4285714286,
        "totalOtherIncomeExpensesNet": 900000,
        "incomeBeforeTax": 900000,
        "incomeBeforeTaxRatio": 0.4285714286,
        "incomeTaxExpense": 300000,
        "netIncome": 600000,
        "netIncomeRatio": 0.2857142857,
        "eps": 0.31,
        "epsdiluted": 0.31,
        "weightedAverageShsOut": 1935000,
        "weightedAverageShsOutDil": 1935000,
        "link": null,
        "finalLink": null
    },
    {
        "date": "1997-06-30",
        "symbol": "PCLB",
        "reportedCurrency": "USD",
        "cik": "0000000000",
        "fillingDate": "1997-06-30",
        "acceptedDate": "1997-06-29 20:00:00",
        "calendarYear": "1997",
        "period": "Q2",
        "revenue": 2100000,
        "costOfRevenue": 0,
        "grossProfit": 2100000,
        "grossProfitRatio": 1,
        "researchAndDevelopmentExpenses": 0,
        "generalAndAdministrativeExpenses": 700000,
        "sellingAndMarketingExpenses": 0,
        "sellingGeneralAndAdministrativeExpenses": 700000,
        "otherExpenses": 1400000,
        "operatingExpenses": -1300000,
        "costAndExpenses": 2100000,
        "interestIncome": 4000000,
        "interestExpense": 2300000,
        "depreciationAndAmortization": 0,
        "ebitda": 800000,
        "ebitdaratio": 0.380952381,
        "operatingIncome": 800000,
        "operatingIncomeRatio": 0.380952381,
        "totalOtherIncomeExpensesNet": 0,
        "incomeBeforeTax": 800000,
        "incomeBeforeTaxRatio": 0.380952381,
        "incomeTaxExpense": 300000,
        "netIncome": 500000,
        "netIncomeRatio": 0.2380952381,
        "eps": 0.3,
        "epsdiluted": 0.3,
        "weightedAverageShsOut": 1667000,
        "weightedAverageShsOutDil": 1667000,
        "link": null,
        "finalLink": null
    },
    {
        "date": "1997-03-31",
        "symbol": "PCLB",
        "reportedCurrency": "USD",
        "cik": "0000000000",
        "fillingDate": "1997-03-31",
        "acceptedDate": "1997-03-30 19:00:00",
        "calendarYear": "1997",
        "period": "Q1",
        "revenue": 2000000,
        "costOfRevenue": 0,
        "grossProfit": 2000000,
        "grossProfitRatio": 1,
        "researchAndDevelopmentExpenses": 0,
        "generalAndAdministrativeExpenses": 600000,
        "sellingAndMarketingExpenses": 0,
        "sellingGeneralAndAdministrativeExpenses": 600000,
        "otherExpenses": 1400000,
        "operatingExpenses": -1200000,
        "costAndExpenses": 2000000,
        "interestIncome": 3900000,
        "interestExpense": 2200000,
        "depreciationAndAmortization": 200000,
        "ebitda": 0,
        "ebitdaratio": 0,
        "operatingIncome": 800000,
        "operatingIncomeRatio": 0.4,
        "totalOtherIncomeExpensesNet": 0,
        "incomeBeforeTax": 800000,
        "incomeBeforeTaxRatio": 0.4,
        "incomeTaxExpense": 300000,
        "netIncome": 500000,
        "netIncomeRatio": 0.25,
        "eps": 0.28,
        "epsdiluted": 0.28,
        "weightedAverageShsOut": 1786000,
        "weightedAverageShsOutDil": 1786000,
        "link": null,
        "finalLink": null
    },
    {
        "date": "1996-09-30",
        "symbol": "PCLB",
        "reportedCurrency": "USD",
        "cik": "0000000000",
        "fillingDate": "1996-09-30",
        "acceptedDate": "1996-09-29 20:00:00",
        "calendarYear": "1996",
        "period": "Q3",
        "revenue": 0,
        "costOfRevenue": 0,
        "grossProfit": 0,
        "grossProfitRatio": 0,
        "researchAndDevelopmentExpenses": 0,
        "generalAndAdministrativeExpenses": 0,
        "sellingAndMarketingExpenses": 0,
        "sellingGeneralAndAdministrativeExpenses": 0,
        "otherExpenses": 100000,
        "operatingExpenses": 100000,
        "costAndExpenses": 100000,
        "interestIncome": 0,
        "interestExpense": 0,
        "depreciationAndAmortization": 0,
        "ebitda": 100000,
        "ebitdaratio": 0,
        "operatingIncome": 100000,
        "operatingIncomeRatio": 0,
        "totalOtherIncomeExpensesNet": 0,
        "incomeBeforeTax": 0,
        "incomeBeforeTaxRatio": 0,
        "incomeTaxExpense": -100000,
        "netIncome": 100000,
        "netIncomeRatio": 0,
        "eps": 0.05,
        "epsdiluted": 0.05,
        "weightedAverageShsOut": 2000000,
        "weightedAverageShsOutDil": 2000000,
        "link": null,
        "finalLink": null
    },
    {
        "date": "1996-06-30",
        "symbol": "PCLB",
        "reportedCurrency": "USD",
        "cik": "0000000000",
        "fillingDate": "1996-06-30",
        "acceptedDate": "1996-06-29 20:00:00",
        "calendarYear": "1996",
        "period": "Q2",
        "revenue": 2000000,
        "costOfRevenue": 0,
        "grossProfit": 2000000,
        "grossProfitRatio": 1,
        "researchAndDevelopmentExpenses": 0,
        "generalAndAdministrativeExpenses": 600000,
        "sellingAndMarketingExpenses": 0,
        "sellingGeneralAndAdministrativeExpenses": 600000,
        "otherExpenses": 1400000,
        "operatingExpenses": -1300000,
        "costAndExpenses": 2000000,
        "interestIncome": 3600000,
        "interestExpense": 2000000,
        "depreciationAndAmortization": 100000,
        "ebitda": 0,
        "ebitdaratio": 0,
        "operatingIncome": 800000,
        "operatingIncomeRatio": 0.4,
        "totalOtherIncomeExpensesNet": -100000,
        "incomeBeforeTax": 700000,
        "incomeBeforeTaxRatio": 0.35,
        "incomeTaxExpense": 300000,
        "netIncome": 400000,
        "netIncomeRatio": 0.2,
        "eps": 0.24,
        "epsdiluted": 0.24,
        "weightedAverageShsOut": 1662000,
        "weightedAverageShsOutDil": 1662000,
        "link": null,
        "finalLink": null
    },
    {
        "date": "1996-03-31",
        "symbol": "PCLB",
        "reportedCurrency": "USD",
        "cik": "0000000000",
        "fillingDate": "1996-03-31",
        "acceptedDate": "1996-03-30 19:00:00",
        "calendarYear": "1996",
        "period": "Q1",
        "revenue": 1900000,
        "costOfRevenue": 0,
        "grossProfit": 1900000,
        "grossProfitRatio": 1,
        "researchAndDevelopmentExpenses": 0,
        "generalAndAdministrativeExpenses": 500000,
        "sellingAndMarketingExpenses": 100000,
        "sellingGeneralAndAdministrativeExpenses": 600000,
        "otherExpenses": 1300000,
        "operatingExpenses": -1300000,
        "costAndExpenses": 1900000,
        "interestIncome": 3700000,
        "interestExpense": 2200000,
        "depreciationAndAmortization": 100000,
        "ebitda": 0,
        "ebitdaratio": 0,
        "operatingIncome": 600000,
        "operatingIncomeRatio": 0.3157894737,
        "totalOtherIncomeExpensesNet": 0,
        "incomeBeforeTax": 600000,
        "incomeBeforeTaxRatio": 0.3157894737,
        "incomeTaxExpense": 200000,
        "netIncome": 400000,
        "netIncomeRatio": 0.2105263158,
        "eps": 0.21,
        "epsdiluted": 0.21,
        "weightedAverageShsOut": 1905000,
        "weightedAverageShsOutDil": 1905000,
        "link": null,
        "finalLink": null
    },
    {
        "date": "1995-12-31",
        "symbol": "PCLB",
        "reportedCurrency": "USD",
        "cik": "0000000000",
        "fillingDate": "1995-12-31",
        "acceptedDate": "1995-12-30 19:00:00",
        "calendarYear": "1995",
        "period": "Q4",
        "revenue": 1800000,
        "costOfRevenue": 0,
        "grossProfit": 1800000,
        "grossProfitRatio": 1,
        "researchAndDevelopmentExpenses": 0,
        "generalAndAdministrativeExpenses": 500000,
        "sellingAndMarketingExpenses": 0,
        "sellingGeneralAndAdministrativeExpenses": 500000,
        "otherExpenses": 1300000,
        "operatingExpenses": -1100000,
        "costAndExpenses": 1800000,
        "interestIncome": 3700000,
        "interestExpense": 2200000,
        "depreciationAndAmortization": 200000,
        "ebitda": 0,
        "ebitdaratio": 0,
        "operatingIncome": 600000,
        "operatingIncomeRatio": 0.3333333333,
        "totalOtherIncomeExpensesNet": 100000,
        "incomeBeforeTax": 700000,
        "incomeBeforeTaxRatio": 0.3888888889,
        "incomeTaxExpense": 300000,
        "netIncome": 400000,
        "netIncomeRatio": 0.2222222222,
        "eps": 0.24,
        "epsdiluted": 0.24,
        "weightedAverageShsOut": 1667000,
        "weightedAverageShsOutDil": 1667000,
        "link": null,
        "finalLink": null
    },
    {
        "date": "1995-09-30",
        "symbol": "PCLB",
        "reportedCurrency": "USD",
        "cik": "0000000000",
        "fillingDate": "1995-09-30",
        "acceptedDate": "1995-09-29 20:00:00",
        "calendarYear": "1995",
        "period": "Q3",
        "revenue": 1800000,
        "costOfRevenue": 0,
        "grossProfit": 1800000,
        "grossProfitRatio": 1,
        "researchAndDevelopmentExpenses": 0,
        "generalAndAdministrativeExpenses": 500000,
        "sellingAndMarketingExpenses": 0,
        "sellingGeneralAndAdministrativeExpenses": 500000,
        "otherExpenses": 1300000,
        "operatingExpenses": -1100000,
        "costAndExpenses": 1800000,
        "interestIncome": 3700000,
        "interestExpense": 2200000,
        "depreciationAndAmortization": 100000,
        "ebitda": 0,
        "ebitdaratio": 0,
        "operatingIncome": 600000,
        "operatingIncomeRatio": 0.3333333333,
        "totalOtherIncomeExpensesNet": 100000,
        "incomeBeforeTax": 700000,
        "incomeBeforeTaxRatio": 0.3888888889,
        "incomeTaxExpense": 300000,
        "netIncome": 400000,
        "netIncomeRatio": 0.2222222222,
        "eps": 0.24,
        "epsdiluted": 0.24,
        "weightedAverageShsOut": 1667000,
        "weightedAverageShsOutDil": 1667000,
        "link": null,
        "finalLink": null
    },
    {
        "date": "1995-06-30",
        "symbol": "PCLB",
        "reportedCurrency": "USD",
        "cik": "0000000000",
        "fillingDate": "1995-06-30",
        "acceptedDate": "1995-06-29 20:00:00",
        "calendarYear": "1995",
        "period": "Q2",
        "revenue": 1700000,
        "costOfRevenue": 0,
        "grossProfit": 1700000,
        "grossProfitRatio": 1,
        "researchAndDevelopmentExpenses": 0,
        "generalAndAdministrativeExpenses": 500000,
        "sellingAndMarketingExpenses": 100000,
        "sellingGeneralAndAdministrativeExpenses": 600000,
        "otherExpenses": 1100000,
        "operatingExpenses": -1200000,
        "costAndExpenses": 1700000,
        "interestIncome": 3500000,
        "interestExpense": 2100000,
        "depreciationAndAmortization": 0,
        "ebitda": 0,
        "ebitdaratio": 0,
        "operatingIncome": 600000,
        "operatingIncomeRatio": 0.3529411765,
        "totalOtherIncomeExpensesNet": -100000,
        "incomeBeforeTax": 500000,
        "incomeBeforeTaxRatio": 0.2941176471,
        "incomeTaxExpense": 200000,
        "netIncome": 300000,
        "netIncomeRatio": 0.1764705882,
        "eps": 0.18,
        "epsdiluted": 0.18,
        "weightedAverageShsOut": 1665000,
        "weightedAverageShsOutDil": 1665000,
        "link": null,
        "finalLink": null
    },
    {
        "date": "1995-03-31",
        "symbol": "PCLB",
        "reportedCurrency": "USD",
        "cik": "0000000000",
        "fillingDate": "1995-03-31",
        "acceptedDate": "1995-03-30 19:00:00",
        "calendarYear": "1995",
        "period": "Q1",
        "revenue": 1600000,
        "costOfRevenue": 0,
        "grossProfit": 1600000,
        "grossProfitRatio": 1,
        "researchAndDevelopmentExpenses": 0,
        "generalAndAdministrativeExpenses": 500000,
        "sellingAndMarketingExpenses": 0,
        "sellingGeneralAndAdministrativeExpenses": 500000,
        "otherExpenses": 1100000,
        "operatingExpenses": -1100000,
        "costAndExpenses": 1600000,
        "interestIncome": 3400000,
        "interestExpense": 2000000,
        "depreciationAndAmortization": 100000,
        "ebitda": 0,
        "ebitdaratio": 0,
        "operatingIncome": 400000,
        "operatingIncomeRatio": 0.25,
        "totalOtherIncomeExpensesNet": 100000,
        "incomeBeforeTax": 500000,
        "incomeBeforeTaxRatio": 0.3125,
        "incomeTaxExpense": 200000,
        "netIncome": 300000,
        "netIncomeRatio": 0.1875,
        "eps": 0.18,
        "epsdiluted": 0.18,
        "weightedAverageShsOut": 1667000,
        "weightedAverageShsOutDil": 1667000,
        "link": null,
        "finalLink": null
    },
    {
        "date": "1994-12-31",
        "symbol": "PCLB",
        "reportedCurrency": "USD",
        "cik": "0000000000",
        "fillingDate": "1994-12-31",
        "acceptedDate": "1994-12-30 19:00:00",
        "calendarYear": "1994",
        "period": "Q4",
        "revenue": 1600000,
        "costOfRevenue": 0,
        "grossProfit": 1600000,
        "grossProfitRatio": 1,
        "researchAndDevelopmentExpenses": 0,
        "generalAndAdministrativeExpenses": 500000,
        "sellingAndMarketingExpenses": 0,
        "sellingGeneralAndAdministrativeExpenses": 500000,
        "otherExpenses": 1100000,
        "operatingExpenses": -1100000,
        "costAndExpenses": 1600000,
        "interestIncome": 3200000,
        "interestExpense": 1800000,
        "depreciationAndAmortization": 300000,
        "ebitda": 0,
        "ebitdaratio": 0,
        "operatingIncome": 400000,
        "operatingIncomeRatio": 0.25,
        "totalOtherIncomeExpensesNet": 100000,
        "incomeBeforeTax": 500000,
        "incomeBeforeTaxRatio": 0.3125,
        "incomeTaxExpense": 200000,
        "netIncome": 300000,
        "netIncomeRatio": 0.1875,
        "eps": 0.18,
        "epsdiluted": 0.18,
        "weightedAverageShsOut": 1667000,
        "weightedAverageShsOutDil": 1667000,
        "link": null,
        "finalLink": null
    },
    {
        "date": "1994-09-30",
        "symbol": "PCLB",
        "reportedCurrency": "USD",
        "cik": "0000000000",
        "fillingDate": "1994-09-30",
        "acceptedDate": "1994-09-29 20:00:00",
        "calendarYear": "1994",
        "period": "Q3",
        "revenue": 1600000,
        "costOfRevenue": 0,
        "grossProfit": 1600000,
        "grossProfitRatio": 1,
        "researchAndDevelopmentExpenses": 0,
        "generalAndAdministrativeExpenses": 500000,
        "sellingAndMarketingExpenses": 0,
        "sellingGeneralAndAdministrativeExpenses": 500000,
        "otherExpenses": 1100000,
        "operatingExpenses": -1100000,
        "costAndExpenses": 1600000,
        "interestIncome": 3000000,
        "interestExpense": 1700000,
        "depreciationAndAmortization": 100000,
        "ebitda": 0,
        "ebitdaratio": 0,
        "operatingIncome": 400000,
        "operatingIncomeRatio": 0.25,
        "totalOtherIncomeExpensesNet": 100000,
        "incomeBeforeTax": 500000,
        "incomeBeforeTaxRatio": 0.3125,
        "incomeTaxExpense": 200000,
        "netIncome": 300000,
        "netIncomeRatio": 0.1875,
        "eps": 0.16,
        "epsdiluted": 0.16,
        "weightedAverageShsOut": 1875000,
        "weightedAverageShsOutDil": 1875000,
        "link": null,
        "finalLink": null
    },
    {
        "date": "1994-06-30",
        "symbol": "PCLB",
        "reportedCurrency": "USD",
        "cik": "0000000000",
        "fillingDate": "1994-06-30",
        "acceptedDate": "1994-06-29 20:00:00",
        "calendarYear": "1994",
        "period": "Q2",
        "revenue": 1600000,
        "costOfRevenue": 0,
        "grossProfit": 1600000,
        "grossProfitRatio": 1,
        "researchAndDevelopmentExpenses": 0,
        "generalAndAdministrativeExpenses": 600000,
        "sellingAndMarketingExpenses": 200000,
        "sellingGeneralAndAdministrativeExpenses": 800000,
        "otherExpenses": 800000,
        "operatingExpenses": 1600000,
        "costAndExpenses": 1600000,
        "interestIncome": 2900000,
        "interestExpense": 1600000,
        "depreciationAndAmortization": 300000,
        "ebitda": 0,
        "ebitdaratio": 0,
        "operatingIncome": 100000,
        "operatingIncomeRatio": 0.0625,
        "totalOtherIncomeExpensesNet": 100000,
        "incomeBeforeTax": 200000,
        "incomeBeforeTaxRatio": 0.125,
        "incomeTaxExpense": 100000,
        "netIncome": 100000,
        "netIncomeRatio": 0.0625,
        "eps": 0.02,
        "epsdiluted": 0.02,
        "weightedAverageShsOut": 2087000,
        "weightedAverageShsOutDil": 2087000,
        "link": null,
        "finalLink": null
    },
    {
        "date": "1994-03-31",
        "symbol": "PCLB",
        "reportedCurrency": "USD",
        "cik": "0000000000",
        "fillingDate": "1994-03-31",
        "acceptedDate": "1994-03-30 19:00:00",
        "calendarYear": "1994",
        "period": "Q1",
        "revenue": 1800000,
        "costOfRevenue": 0,
        "grossProfit": 1800000,
        "grossProfitRatio": 1,
        "researchAndDevelopmentExpenses": 0,
        "generalAndAdministrativeExpenses": 600000,
        "sellingAndMarketingExpenses": 0,
        "sellingGeneralAndAdministrativeExpenses": 600000,
        "otherExpenses": 1200000,
        "operatingExpenses": -1300000,
        "costAndExpenses": 1800000,
        "interestIncome": 2900000,
        "interestExpense": 1500000,
        "depreciationAndAmortization": 200000,
        "ebitda": 0,
        "ebitdaratio": 0,
        "operatingIncome": 600000,
        "operatingIncomeRatio": 0.3333333333,
        "totalOtherIncomeExpensesNet": -100000,
        "incomeBeforeTax": 500000,
        "incomeBeforeTaxRatio": 0.2777777778,
        "incomeTaxExpense": 200000,
        "netIncome": 300000,
        "netIncomeRatio": 0.1666666667,
        "eps": 0.2,
        "epsdiluted": 0.2,
        "weightedAverageShsOut": 1500000,
        "weightedAverageShsOutDil": 1500000,
        "link": null,
        "finalLink": null
    },
    {
        "date": "1993-12-31",
        "symbol": "PCLB",
        "reportedCurrency": "USD",
        "cik": "0000000000",
        "fillingDate": "1993-12-31",
        "acceptedDate": "1993-12-30 19:00:00",
        "calendarYear": "1993",
        "period": "Q4",
        "revenue": 1800000,
        "costOfRevenue": 0,
        "grossProfit": 1800000,
        "grossProfitRatio": 1,
        "researchAndDevelopmentExpenses": 0,
        "generalAndAdministrativeExpenses": 600000,
        "sellingAndMarketingExpenses": 0,
        "sellingGeneralAndAdministrativeExpenses": 600000,
        "otherExpenses": 1200000,
        "operatingExpenses": 1800000,
        "costAndExpenses": 1800000,
        "interestIncome": 2900000,
        "interestExpense": 1600000,
        "depreciationAndAmortization": 200000,
        "ebitda": 0,
        "ebitdaratio": 0,
        "operatingIncome": 600000,
        "operatingIncomeRatio": 0.3333333333,
        "totalOtherIncomeExpensesNet": 0,
        "incomeBeforeTax": 600000,
        "incomeBeforeTaxRatio": 0.3333333333,
        "incomeTaxExpense": 200000,
        "netIncome": 400000,
        "netIncomeRatio": 0.2222222222,
        "eps": 0.24,
        "epsdiluted": 0.24,
        "weightedAverageShsOut": 1667000,
        "weightedAverageShsOutDil": 1667000,
        "link": null,
        "finalLink": null
    },
    {
        "date": "1993-09-30",
        "symbol": "PCLB",
        "reportedCurrency": "USD",
        "cik": "0000000000",
        "fillingDate": "1993-09-30",
        "acceptedDate": "1993-09-29 20:00:00",
        "calendarYear": "1993",
        "period": "Q3",
        "revenue": 1800000,
        "costOfRevenue": 0,
        "grossProfit": 1800000,
        "grossProfitRatio": 1,
        "researchAndDevelopmentExpenses": 0,
        "generalAndAdministrativeExpenses": 600000,
        "sellingAndMarketingExpenses": 0,
        "sellingGeneralAndAdministrativeExpenses": 600000,
        "otherExpenses": 1200000,
        "operatingExpenses": 1800000,
        "costAndExpenses": 1800000,
        "interestIncome": 3000000,
        "interestExpense": 1600000,
        "depreciationAndAmortization": 200000,
        "ebitda": 0,
        "ebitdaratio": 0,
        "operatingIncome": 600000,
        "operatingIncomeRatio": 0.3333333333,
        "totalOtherIncomeExpensesNet": 0,
        "incomeBeforeTax": 600000,
        "incomeBeforeTaxRatio": 0.3333333333,
        "incomeTaxExpense": 200000,
        "netIncome": 400000,
        "netIncomeRatio": 0.2222222222,
        "eps": 0.22,
        "epsdiluted": 0.22,
        "weightedAverageShsOut": 1818000,
        "weightedAverageShsOutDil": 1818000,
        "link": null,
        "finalLink": null
    },
    {
        "date": "1993-06-30",
        "symbol": "PCLB",
        "reportedCurrency": "USD",
        "cik": "0000000000",
        "fillingDate": "1993-06-30",
        "acceptedDate": "1993-06-29 20:00:00",
        "calendarYear": "1993",
        "period": "Q2",
        "revenue": 1800000,
        "costOfRevenue": 0,
        "grossProfit": 1800000,
        "grossProfitRatio": 1,
        "researchAndDevelopmentExpenses": 0,
        "generalAndAdministrativeExpenses": 500000,
        "sellingAndMarketingExpenses": 100000,
        "sellingGeneralAndAdministrativeExpenses": 600000,
        "otherExpenses": 1200000,
        "operatingExpenses": -1400000,
        "costAndExpenses": 1800000,
        "interestIncome": 3100000,
        "interestExpense": 1700000,
        "depreciationAndAmortization": 200000,
        "ebitda": 0,
        "ebitdaratio": 0,
        "operatingIncome": 500000,
        "operatingIncomeRatio": 0.2777777778,
        "totalOtherIncomeExpensesNet": -500000,
        "incomeBeforeTax": 0,
        "incomeBeforeTaxRatio": 0,
        "incomeTaxExpense": 0,
        "netIncome": 400000,
        "netIncomeRatio": 0.2222222222,
        "eps": 0.21,
        "epsdiluted": 0.21,
        "weightedAverageShsOut": 1667000,
        "weightedAverageShsOutDil": 1667000,
        "link": null,
        "finalLink": null
    },
    {
        "date": "1993-03-31",
        "symbol": "PCLB",
        "reportedCurrency": "USD",
        "cik": "0000000000",
        "fillingDate": "1993-03-31",
        "acceptedDate": "1993-03-30 19:00:00",
        "calendarYear": "1993",
        "period": "Q1",
        "revenue": 1700000,
        "costOfRevenue": 0,
        "grossProfit": 1700000,
        "grossProfitRatio": 1,
        "researchAndDevelopmentExpenses": 0,
        "generalAndAdministrativeExpenses": 600000,
        "sellingAndMarketingExpenses": 100000,
        "sellingGeneralAndAdministrativeExpenses": 700000,
        "otherExpenses": 1000000,
        "operatingExpenses": -3200000,
        "costAndExpenses": 1700000,
        "interestIncome": 3100000,
        "interestExpense": 1700000,
        "depreciationAndAmortization": 500000,
        "ebitda": 0,
        "ebitdaratio": 0,
        "operatingIncome": -1500000,
        "operatingIncomeRatio": -0.8823529412,
        "totalOtherIncomeExpensesNet": 0,
        "incomeBeforeTax": -1500000,
        "incomeBeforeTaxRatio": -0.8823529412,
        "incomeTaxExpense": -400000,
        "netIncome": -1100000,
        "netIncomeRatio": -0.6470588235,
        "eps": -0.65,
        "epsdiluted": -0.65,
        "weightedAverageShsOut": 1692000,
        "weightedAverageShsOutDil": 1692000,
        "link": null,
        "finalLink": null
    },
    {
        "date": "1992-12-31",
        "symbol": "PCLB",
        "reportedCurrency": "USD",
        "cik": "0000000000",
        "fillingDate": "1992-12-31",
        "acceptedDate": "1992-12-30 19:00:00",
        "calendarYear": "1992",
        "period": "Q4",
        "revenue": 1700000,
        "costOfRevenue": 0,
        "grossProfit": 1700000,
        "grossProfitRatio": 1,
        "researchAndDevelopmentExpenses": 0,
        "generalAndAdministrativeExpenses": 500000,
        "sellingAndMarketingExpenses": 0,
        "sellingGeneralAndAdministrativeExpenses": 500000,
        "otherExpenses": 1200000,
        "operatingExpenses": -1100000,
        "costAndExpenses": 1700000,
        "interestIncome": 3300000,
        "interestExpense": 2000000,
        "depreciationAndAmortization": 400000,
        "ebitda": 0,
        "ebitdaratio": 0,
        "operatingIncome": 500000,
        "operatingIncomeRatio": 0.2941176471,
        "totalOtherIncomeExpensesNet": 100000,
        "incomeBeforeTax": 600000,
        "incomeBeforeTaxRatio": 0.3529411765,
        "incomeTaxExpense": 200000,
        "netIncome": 400000,
        "netIncomeRatio": 0.2352941176,
        "eps": 0.22,
        "epsdiluted": 0.22,
        "weightedAverageShsOut": 1818000,
        "weightedAverageShsOutDil": 1818000,
        "link": null,
        "finalLink": null
    },
    {
        "date": "1992-09-30",
        "symbol": "PCLB",
        "reportedCurrency": "USD",
        "cik": "0000000000",
        "fillingDate": "1992-09-30",
        "acceptedDate": "1992-09-29 20:00:00",
        "calendarYear": "1992",
        "period": "Q3",
        "revenue": 1900000,
        "costOfRevenue": 0,
        "grossProfit": 1900000,
        "grossProfitRatio": 1,
        "researchAndDevelopmentExpenses": 0,
        "generalAndAdministrativeExpenses": 500000,
        "sellingAndMarketingExpenses": 0,
        "sellingGeneralAndAdministrativeExpenses": 500000,
        "otherExpenses": 1400000,
        "operatingExpenses": -1200000,
        "costAndExpenses": 1900000,
        "interestIncome": 3600000,
        "interestExpense": 2100000,
        "depreciationAndAmortization": 200000,
        "ebitda": 0,
        "ebitdaratio": 0,
        "operatingIncome": 700000,
        "operatingIncomeRatio": 0.3684210526,
        "totalOtherIncomeExpensesNet": 0,
        "incomeBeforeTax": 700000,
        "incomeBeforeTaxRatio": 0.3684210526,
        "incomeTaxExpense": 300000,
        "netIncome": 400000,
        "netIncomeRatio": 0.2105263158,
        "eps": 0.25,
        "epsdiluted": 0.25,
        "weightedAverageShsOut": 1600000,
        "weightedAverageShsOutDil": 1600000,
        "link": null,
        "finalLink": null
    },
    {
        "date": "1992-06-30",
        "symbol": "PCLB",
        "reportedCurrency": "USD",
        "cik": "0000000000",
        "fillingDate": "1992-06-30",
        "acceptedDate": "1992-06-29 20:00:00",
        "calendarYear": "1992",
        "period": "Q2",
        "revenue": 2000000,
        "costOfRevenue": 0,
        "grossProfit": 2000000,
        "grossProfitRatio": 1,
        "researchAndDevelopmentExpenses": 0,
        "generalAndAdministrativeExpenses": 600000,
        "sellingAndMarketingExpenses": 0,
        "sellingGeneralAndAdministrativeExpenses": 600000,
        "otherExpenses": 1400000,
        "operatingExpenses": -1200000,
        "costAndExpenses": 2000000,
        "interestIncome": 3700000,
        "interestExpense": 2200000,
        "depreciationAndAmortization": 0,
        "ebitda": 0,
        "ebitdaratio": 0,
        "operatingIncome": 600000,
        "operatingIncomeRatio": 0.3,
        "totalOtherIncomeExpensesNet": 200000,
        "incomeBeforeTax": 800000,
        "incomeBeforeTaxRatio": 0.4,
        "incomeTaxExpense": 300000,
        "netIncome": 500000,
        "netIncomeRatio": 0.25,
        "eps": 0.25,
        "epsdiluted": 0.25,
        "weightedAverageShsOut": 2085000,
        "weightedAverageShsOutDil": 2085000,
        "link": null,
        "finalLink": null
    },
    {
        "date": "1992-03-31",
        "symbol": "PCLB",
        "reportedCurrency": "USD",
        "cik": "0000000000",
        "fillingDate": "1992-03-31",
        "acceptedDate": "1992-03-30 19:00:00",
        "calendarYear": "1992",
        "period": "Q1",
        "revenue": 1700000,
        "costOfRevenue": 0,
        "grossProfit": 1700000,
        "grossProfitRatio": 1,
        "researchAndDevelopmentExpenses": 0,
        "generalAndAdministrativeExpenses": 600000,
        "sellingAndMarketingExpenses": 0,
        "sellingGeneralAndAdministrativeExpenses": 600000,
        "otherExpenses": 1100000,
        "operatingExpenses": -1200000,
        "costAndExpenses": 1700000,
        "interestIncome": 3800000,
        "interestExpense": 2500000,
        "depreciationAndAmortization": 200000,
        "ebitda": 0,
        "ebitdaratio": 0,
        "operatingIncome": 500000,
        "operatingIncomeRatio": 0.2941176471,
        "totalOtherIncomeExpensesNet": 500000,
        "incomeBeforeTax": 500000,
        "incomeBeforeTaxRatio": 0.2941176471,
        "incomeTaxExpense": 200000,
        "netIncome": 300000,
        "netIncomeRatio": 0.1764705882,
        "eps": 0.19,
        "epsdiluted": 0.19,
        "weightedAverageShsOut": 1579000,
        "weightedAverageShsOutDil": 1579000,
        "link": null,
        "finalLink": null
    },
    {
        "date": "1991-12-31",
        "symbol": "PCLB",
        "reportedCurrency": "USD",
        "cik": "0000000000",
        "fillingDate": "1991-12-31",
        "acceptedDate": "1991-12-30 19:00:00",
        "calendarYear": "1991",
        "period": "Q4",
        "revenue": 1600000,
        "costOfRevenue": 0,
        "grossProfit": 1600000,
        "grossProfitRatio": 1,
        "researchAndDevelopmentExpenses": 0,
        "generalAndAdministrativeExpenses": 500000,
        "sellingAndMarketingExpenses": 0,
        "sellingGeneralAndAdministrativeExpenses": 500000,
        "otherExpenses": 1100000,
        "operatingExpenses": -1100000,
        "costAndExpenses": 1600000,
        "interestIncome": 4000000,
        "interestExpense": 2700000,
        "depreciationAndAmortization": 100000,
        "ebitda": 0,
        "ebitdaratio": 0,
        "operatingIncome": 400000,
        "operatingIncomeRatio": 0.25,
        "totalOtherIncomeExpensesNet": 100000,
        "incomeBeforeTax": 500000,
        "incomeBeforeTaxRatio": 0.3125,
        "incomeTaxExpense": 200000,
        "netIncome": 300000,
        "netIncomeRatio": 0.1875,
        "eps": 0.18,
        "epsdiluted": 0.18,
        "weightedAverageShsOut": 1667000,
        "weightedAverageShsOutDil": 1667000,
        "link": null,
        "finalLink": null
    },
    {
        "date": "1991-09-30",
        "symbol": "PCLB",
        "reportedCurrency": "USD",
        "cik": "0000000000",
        "fillingDate": "1991-09-30",
        "acceptedDate": "1991-09-29 20:00:00",
        "calendarYear": "1991",
        "period": "Q3",
        "revenue": 1600000,
        "costOfRevenue": 0,
        "grossProfit": 1600000,
        "grossProfitRatio": 1,
        "researchAndDevelopmentExpenses": 0,
        "generalAndAdministrativeExpenses": 500000,
        "sellingAndMarketingExpenses": 0,
        "sellingGeneralAndAdministrativeExpenses": 500000,
        "otherExpenses": 1100000,
        "operatingExpenses": -1100000,
        "costAndExpenses": 1600000,
        "interestIncome": 4100000,
        "interestExpense": 2800000,
        "depreciationAndAmortization": 100000,
        "ebitda": 0,
        "ebitdaratio": 0,
        "operatingIncome": 400000,
        "operatingIncomeRatio": 0.25,
        "totalOtherIncomeExpensesNet": 100000,
        "incomeBeforeTax": 500000,
        "incomeBeforeTaxRatio": 0.3125,
        "incomeTaxExpense": 200000,
        "netIncome": 300000,
        "netIncomeRatio": 0.1875,
        "eps": 0.16,
        "epsdiluted": 0.16,
        "weightedAverageShsOut": 1875000,
        "weightedAverageShsOutDil": 1875000,
        "link": null,
        "finalLink": null
    },
    {
        "date": "1991-06-30",
        "symbol": "PCLB",
        "reportedCurrency": "USD",
        "cik": "0000000000",
        "fillingDate": "1991-06-30",
        "acceptedDate": "1991-06-29 20:00:00",
        "calendarYear": "1991",
        "period": "Q2",
        "revenue": 1500000,
        "costOfRevenue": 0,
        "grossProfit": 1500000,
        "grossProfitRatio": 1,
        "researchAndDevelopmentExpenses": 0,
        "generalAndAdministrativeExpenses": 600000,
        "sellingAndMarketingExpenses": 100000,
        "sellingGeneralAndAdministrativeExpenses": 700000,
        "otherExpenses": 800000,
        "operatingExpenses": -1200000,
        "costAndExpenses": 1500000,
        "interestIncome": 4200000,
        "interestExpense": 3000000,
        "depreciationAndAmortization": 100000,
        "ebitda": 0,
        "ebitdaratio": 0,
        "operatingIncome": 300000,
        "operatingIncomeRatio": 0.2,
        "totalOtherIncomeExpensesNet": 0,
        "incomeBeforeTax": 300000,
        "incomeBeforeTaxRatio": 0.2,
        "incomeTaxExpense": 0,
        "netIncome": 300000,
        "netIncomeRatio": 0.2,
        "eps": 0.19,
        "epsdiluted": 0.19,
        "weightedAverageShsOut": 1530000,
        "weightedAverageShsOutDil": 1530000,
        "link": null,
        "finalLink": null
    },
    {
        "date": "1991-03-31",
        "symbol": "PCLB",
        "reportedCurrency": "USD",
        "cik": "0000000000",
        "fillingDate": "1991-03-31",
        "acceptedDate": "1991-03-30 19:00:00",
        "calendarYear": "1991",
        "period": "Q1",
        "revenue": 1500000,
        "costOfRevenue": 0,
        "grossProfit": 1500000,
        "grossProfitRatio": 1,
        "researchAndDevelopmentExpenses": 0,
        "generalAndAdministrativeExpenses": 500000,
        "sellingAndMarketingExpenses": 0,
        "sellingGeneralAndAdministrativeExpenses": 500000,
        "otherExpenses": 1000000,
        "operatingExpenses": -1100000,
        "costAndExpenses": 1500000,
        "interestIncome": 4300000,
        "interestExpense": 3100000,
        "depreciationAndAmortization": 100000,
        "ebitda": 0,
        "ebitdaratio": 0,
        "operatingIncome": 400000,
        "operatingIncomeRatio": 0.2666666667,
        "totalOtherIncomeExpensesNet": 0,
        "incomeBeforeTax": 400000,
        "incomeBeforeTaxRatio": 0.2666666667,
        "incomeTaxExpense": 100000,
        "netIncome": 300000,
        "netIncomeRatio": 0.2,
        "eps": 0.16,
        "epsdiluted": 0.16,
        "weightedAverageShsOut": 1875000,
        "weightedAverageShsOutDil": 1875000,
        "link": null,
        "finalLink": null
    },
    {
        "date": "1990-12-31",
        "symbol": "PCLB",
        "reportedCurrency": "USD",
        "cik": "0000000000",
        "fillingDate": "1990-12-31",
        "acceptedDate": "1990-12-30 19:00:00",
        "calendarYear": "1990",
        "period": "Q4",
        "revenue": 1500000,
        "costOfRevenue": 0,
        "grossProfit": 1500000,
        "grossProfitRatio": 1,
        "researchAndDevelopmentExpenses": 0,
        "generalAndAdministrativeExpenses": 500000,
        "sellingAndMarketingExpenses": 0,
        "sellingGeneralAndAdministrativeExpenses": 500000,
        "otherExpenses": 1000000,
        "operatingExpenses": -1000000,
        "costAndExpenses": 1500000,
        "interestIncome": 4400000,
        "interestExpense": 3200000,
        "depreciationAndAmortization": 100000,
        "ebitda": 0,
        "ebitdaratio": 0,
        "operatingIncome": 500000,
        "operatingIncomeRatio": 0.3333333333,
        "totalOtherIncomeExpensesNet": 0,
        "incomeBeforeTax": 500000,
        "incomeBeforeTaxRatio": 0.3333333333,
        "incomeTaxExpense": 200000,
        "netIncome": 300000,
        "netIncomeRatio": 0.2,
        "eps": 0.15,
        "epsdiluted": 0.15,
        "weightedAverageShsOut": 2000000,
        "weightedAverageShsOutDil": 2000000,
        "link": null,
        "finalLink": null
    },
    {
        "date": "1990-09-30",
        "symbol": "PCLB",
        "reportedCurrency": "USD",
        "cik": "0000000000",
        "fillingDate": "1990-09-30",
        "acceptedDate": "1990-09-29 20:00:00",
        "calendarYear": "1990",
        "period": "Q3",
        "revenue": 1500000,
        "costOfRevenue": 0,
        "grossProfit": 1500000,
        "grossProfitRatio": 1,
        "researchAndDevelopmentExpenses": 0,
        "generalAndAdministrativeExpenses": 500000,
        "sellingAndMarketingExpenses": 0,
        "sellingGeneralAndAdministrativeExpenses": 500000,
        "otherExpenses": 1000000,
        "operatingExpenses": -1100000,
        "costAndExpenses": 1500000,
        "interestIncome": 4500000,
        "interestExpense": 3300000,
        "depreciationAndAmortization": 100000,
        "ebitda": 0,
        "ebitdaratio": 0,
        "operatingIncome": 400000,
        "operatingIncomeRatio": 0.2666666667,
        "totalOtherIncomeExpensesNet": 0,
        "incomeBeforeTax": 400000,
        "incomeBeforeTaxRatio": 0.2666666667,
        "incomeTaxExpense": 200000,
        "netIncome": 200000,
        "netIncomeRatio": 0.1333333333,
        "eps": 0.14,
        "epsdiluted": 0.14,
        "weightedAverageShsOut": 1429000,
        "weightedAverageShsOutDil": 1429000,
        "link": null,
        "finalLink": null
    },
    {
        "date": "1990-06-30",
        "symbol": "PCLB",
        "reportedCurrency": "USD",
        "cik": "0000000000",
        "fillingDate": "1990-06-30",
        "acceptedDate": "1990-06-29 20:00:00",
        "calendarYear": "1990",
        "period": "Q2",
        "revenue": 1300000,
        "costOfRevenue": 0,
        "grossProfit": 1300000,
        "grossProfitRatio": 1,
        "researchAndDevelopmentExpenses": 0,
        "generalAndAdministrativeExpenses": 500000,
        "sellingAndMarketingExpenses": 300000,
        "sellingGeneralAndAdministrativeExpenses": 800000,
        "otherExpenses": 500000,
        "operatingExpenses": -1000000,
        "costAndExpenses": 1300000,
        "interestIncome": 4500000,
        "interestExpense": 3400000,
        "depreciationAndAmortization": 100000,
        "ebitda": 0,
        "ebitdaratio": 0,
        "operatingIncome": 300000,
        "operatingIncomeRatio": 0.2307692308,
        "totalOtherIncomeExpensesNet": 0,
        "incomeBeforeTax": 300000,
        "incomeBeforeTaxRatio": 0.2307692308,
        "incomeTaxExpense": 0,
        "netIncome": 300000,
        "netIncomeRatio": 0.2307692308,
        "eps": 0.16,
        "epsdiluted": 0.16,
        "weightedAverageShsOut": 2381000,
        "weightedAverageShsOutDil": 2381000,
        "link": null,
        "finalLink": null
    },
    {
        "date": "1990-03-31",
        "symbol": "PCLB",
        "reportedCurrency": "USD",
        "cik": "0000000000",
        "fillingDate": "1990-03-31",
        "acceptedDate": "1990-03-30 19:00:00",
        "calendarYear": "1990",
        "period": "Q1",
        "revenue": 1300000,
        "costOfRevenue": 0,
        "grossProfit": 1300000,
        "grossProfitRatio": 1,
        "researchAndDevelopmentExpenses": 0,
        "generalAndAdministrativeExpenses": 500000,
        "sellingAndMarketingExpenses": 0,
        "sellingGeneralAndAdministrativeExpenses": 500000,
        "otherExpenses": 800000,
        "operatingExpenses": -1000000,
        "costAndExpenses": 1300000,
        "interestIncome": 4600000,
        "interestExpense": 3500000,
        "depreciationAndAmortization": 100000,
        "ebitda": 0,
        "ebitdaratio": 0,
        "operatingIncome": 200000,
        "operatingIncomeRatio": 0.1538461538,
        "totalOtherIncomeExpensesNet": 100000,
        "incomeBeforeTax": 300000,
        "incomeBeforeTaxRatio": 0.2307692308,
        "incomeTaxExpense": 100000,
        "netIncome": 200000,
        "netIncomeRatio": 0.1538461538,
        "eps": 0.11,
        "epsdiluted": 0.11,
        "weightedAverageShsOut": 1818000,
        "weightedAverageShsOutDil": 1818000,
        "link": null,
        "finalLink": null
    },
    {
        "date": "1989-12-31",
        "symbol": "PCLB",
        "reportedCurrency": "USD",
        "cik": "0000000000",
        "fillingDate": "1989-12-31",
        "acceptedDate": "1989-12-30 19:00:00",
        "calendarYear": "1989",
        "period": "Q4",
        "revenue": 1200000,
        "costOfRevenue": 0,
        "grossProfit": 1200000,
        "grossProfitRatio": 1,
        "researchAndDevelopmentExpenses": 0,
        "generalAndAdministrativeExpenses": 500000,
        "sellingAndMarketingExpenses": 0,
        "sellingGeneralAndAdministrativeExpenses": 500000,
        "otherExpenses": 700000,
        "operatingExpenses": -1400000,
        "costAndExpenses": 1200000,
        "interestIncome": 4500000,
        "interestExpense": 3600000,
        "depreciationAndAmortization": 100000,
        "ebitda": 0,
        "ebitdaratio": 0,
        "operatingIncome": -200000,
        "operatingIncomeRatio": -0.1666666667,
        "totalOtherIncomeExpensesNet": 0,
        "incomeBeforeTax": -200000,
        "incomeBeforeTaxRatio": -0.1666666667,
        "incomeTaxExpense": -100000,
        "netIncome": -100000,
        "netIncomeRatio": -0.0833333333,
        "eps": -0.0524,
        "epsdiluted": -0.0524,
        "weightedAverageShsOut": 1909000,
        "weightedAverageShsOutDil": 1909000,
        "link": null,
        "finalLink": null
    },
    {
        "date": "1989-09-30",
        "symbol": "PCLB",
        "reportedCurrency": "USD",
        "cik": "0000000000",
        "fillingDate": "1989-09-30",
        "acceptedDate": "1989-09-29 20:00:00",
        "calendarYear": "1989",
        "period": "Q3",
        "revenue": 1500000,
        "costOfRevenue": 0,
        "grossProfit": 1500000,
        "grossProfitRatio": 1,
        "researchAndDevelopmentExpenses": 0,
        "generalAndAdministrativeExpenses": 500000,
        "sellingAndMarketingExpenses": 0,
        "sellingGeneralAndAdministrativeExpenses": 500000,
        "otherExpenses": 1000000,
        "operatingExpenses": -1200000,
        "costAndExpenses": 1500000,
        "interestIncome": 4700000,
        "interestExpense": 3700000,
        "depreciationAndAmortization": 100000,
        "ebitda": 0,
        "ebitdaratio": 0,
        "operatingIncome": 400000,
        "operatingIncomeRatio": 0.2666666667,
        "totalOtherIncomeExpensesNet": -100000,
        "incomeBeforeTax": 300000,
        "incomeBeforeTaxRatio": 0.2,
        "incomeTaxExpense": 100000,
        "netIncome": 200000,
        "netIncomeRatio": 0.1333333333,
        "eps": 0.1,
        "epsdiluted": 0.1,
        "weightedAverageShsOut": 2000000,
        "weightedAverageShsOutDil": 2000000,
        "link": null,
        "finalLink": null
    },
    {
        "date": "1989-06-30",
        "symbol": "PCLB",
        "reportedCurrency": "USD",
        "cik": "0000000000",
        "fillingDate": "1989-06-30",
        "acceptedDate": "1989-06-29 20:00:00",
        "calendarYear": "1989",
        "period": "Q2",
        "revenue": 0,
        "costOfRevenue": 0,
        "grossProfit": 0,
        "grossProfitRatio": 0,
        "researchAndDevelopmentExpenses": 0,
        "generalAndAdministrativeExpenses": 0,
        "sellingAndMarketingExpenses": 0,
        "sellingGeneralAndAdministrativeExpenses": 0,
        "otherExpenses": 0,
        "operatingExpenses": 0,
        "costAndExpenses": 0,
        "interestIncome": 0,
        "interestExpense": 0,
        "depreciationAndAmortization": 0,
        "ebitda": 0,
        "ebitdaratio": 0,
        "operatingIncome": 0,
        "operatingIncomeRatio": 0,
        "totalOtherIncomeExpensesNet": 0,
        "incomeBeforeTax": 0,
        "incomeBeforeTaxRatio": 0,
        "incomeTaxExpense": 0,
        "netIncome": 0,
        "netIncomeRatio": 0,
        "eps": -2.19,
        "epsdiluted": -2.19,
        "weightedAverageShsOut": 1756000,
        "weightedAverageShsOutDil": 1756000,
        "link": null,
        "finalLink": null
    },
    {
        "date": "1989-03-31",
        "symbol": "PCLB",
        "reportedCurrency": "USD",
        "cik": "0000000000",
        "fillingDate": "1989-03-31",
        "acceptedDate": "1989-03-30 19:00:00",
        "calendarYear": "1989",
        "period": "Q1",
        "revenue": 0,
        "costOfRevenue": 0,
        "grossProfit": 0,
        "grossProfitRatio": 0,
        "researchAndDevelopmentExpenses": 0,
        "generalAndAdministrativeExpenses": 0,
        "sellingAndMarketingExpenses": 0,
        "sellingGeneralAndAdministrativeExpenses": 0,
        "otherExpenses": 0,
        "operatingExpenses": 0,
        "costAndExpenses": 0,
        "interestIncome": 0,
        "interestExpense": 0,
        "depreciationAndAmortization": 0,
        "ebitda": 0,
        "ebitdaratio": 0,
        "operatingIncome": 0,
        "operatingIncomeRatio": 0,
        "totalOtherIncomeExpensesNet": 0,
        "incomeBeforeTax": 0,
        "incomeBeforeTaxRatio": 0,
        "incomeTaxExpense": 0,
        "netIncome": -400000,
        "netIncomeRatio": 0,
        "eps": -0.23,
        "epsdiluted": -0.23,
        "weightedAverageShsOut": 1840000,
        "weightedAverageShsOutDil": 1840000,
        "link": null,
        "finalLink": null
    },
    {
        "date": "1988-12-31",
        "symbol": "PCLB",
        "reportedCurrency": "USD",
        "cik": "0000000000",
        "fillingDate": "1988-12-31",
        "acceptedDate": "1988-12-30 19:00:00",
        "calendarYear": "1988",
        "period": "Q4",
        "revenue": 0,
        "costOfRevenue": 0,
        "grossProfit": 0,
        "grossProfitRatio": 0,
        "researchAndDevelopmentExpenses": 0,
        "generalAndAdministrativeExpenses": 0,
        "sellingAndMarketingExpenses": 0,
        "sellingGeneralAndAdministrativeExpenses": 0,
        "otherExpenses": 0,
        "operatingExpenses": 0,
        "costAndExpenses": 0,
        "interestIncome": 0,
        "interestExpense": 0,
        "depreciationAndAmortization": 0,
        "ebitda": 0,
        "ebitdaratio": 0,
        "operatingIncome": 0,
        "operatingIncomeRatio": 0,
        "totalOtherIncomeExpensesNet": 0,
        "incomeBeforeTax": 0,
        "incomeBeforeTaxRatio": 0,
        "incomeTaxExpense": 0,
        "netIncome": 200000,
        "netIncomeRatio": 0,
        "eps": 0.13,
        "epsdiluted": 0.13,
        "weightedAverageShsOut": 1840000,
        "weightedAverageShsOutDil": 1840000,
        "link": null,
        "finalLink": null
    },
    {
        "date": "1988-09-30",
        "symbol": "PCLB",
        "reportedCurrency": "USD",
        "cik": "0000000000",
        "fillingDate": "1988-09-30",
        "acceptedDate": "1988-09-29 20:00:00",
        "calendarYear": "1988",
        "period": "Q3",
        "revenue": 0,
        "costOfRevenue": 0,
        "grossProfit": 0,
        "grossProfitRatio": 0,
        "researchAndDevelopmentExpenses": 0,
        "generalAndAdministrativeExpenses": 0,
        "sellingAndMarketingExpenses": 0,
        "sellingGeneralAndAdministrativeExpenses": 0,
        "otherExpenses": 0,
        "operatingExpenses": 0,
        "costAndExpenses": 0,
        "interestIncome": 0,
        "interestExpense": 0,
        "depreciationAndAmortization": 0,
        "ebitda": 0,
        "ebitdaratio": 0,
        "operatingIncome": 0,
        "operatingIncomeRatio": 0,
        "totalOtherIncomeExpensesNet": 0,
        "incomeBeforeTax": 0,
        "incomeBeforeTaxRatio": 0,
        "incomeTaxExpense": 0,
        "netIncome": 200000,
        "netIncomeRatio": 0,
        "eps": 0.1,
        "epsdiluted": 0.1,
        "weightedAverageShsOut": 1840000,
        "weightedAverageShsOutDil": 1840000,
        "link": null,
        "finalLink": null
    },
    {
        "date": "1988-06-30",
        "symbol": "PCLB",
        "reportedCurrency": "USD",
        "cik": "0000000000",
        "fillingDate": "1988-06-30",
        "acceptedDate": "1988-06-29 20:00:00",
        "calendarYear": "1988",
        "period": "Q2",
        "revenue": 0,
        "costOfRevenue": 0,
        "grossProfit": 0,
        "grossProfitRatio": 0,
        "researchAndDevelopmentExpenses": 0,
        "generalAndAdministrativeExpenses": 0,
        "sellingAndMarketingExpenses": 0,
        "sellingGeneralAndAdministrativeExpenses": 0,
        "otherExpenses": 0,
        "operatingExpenses": 0,
        "costAndExpenses": 0,
        "interestIncome": 0,
        "interestExpense": 0,
        "depreciationAndAmortization": 0,
        "ebitda": 0,
        "ebitdaratio": 0,
        "operatingIncome": 0,
        "operatingIncomeRatio": 0,
        "totalOtherIncomeExpensesNet": 0,
        "incomeBeforeTax": 0,
        "incomeBeforeTaxRatio": 0,
        "incomeTaxExpense": 0,
        "netIncome": 200000,
        "netIncomeRatio": 0,
        "eps": 0.1,
        "epsdiluted": 0.1,
        "weightedAverageShsOut": 1840000,
        "weightedAverageShsOutDil": 1840000,
        "link": null,
        "finalLink": null
    },
    {
        "date": "1988-03-31",
        "symbol": "PCLB",
        "reportedCurrency": "USD",
        "cik": "0000000000",
        "fillingDate": "1988-03-31",
        "acceptedDate": "1988-03-30 19:00:00",
        "calendarYear": "1988",
        "period": "Q1",
        "revenue": 0,
        "costOfRevenue": 0,
        "grossProfit": 0,
        "grossProfitRatio": 0,
        "researchAndDevelopmentExpenses": 0,
        "generalAndAdministrativeExpenses": 0,
        "sellingAndMarketingExpenses": 0,
        "sellingGeneralAndAdministrativeExpenses": 0,
        "otherExpenses": 0,
        "operatingExpenses": 0,
        "costAndExpenses": 0,
        "interestIncome": 0,
        "interestExpense": 0,
        "depreciationAndAmortization": 0,
        "ebitda": 0,
        "ebitdaratio": 0,
        "operatingIncome": 0,
        "operatingIncomeRatio": 0,
        "totalOtherIncomeExpensesNet": 0,
        "incomeBeforeTax": 0,
        "incomeBeforeTaxRatio": 0,
        "incomeTaxExpense": 0,
        "netIncome": 200000,
        "netIncomeRatio": 0,
        "eps": 0.1,
        "epsdiluted": 0.1,
        "weightedAverageShsOut": 1840000,
        "weightedAverageShsOutDil": 1840000,
        "link": null,
        "finalLink": null
    },
    {
        "date": "1987-12-31",
        "symbol": "PCLB",
        "reportedCurrency": "USD",
        "cik": "0000000000",
        "fillingDate": "1987-12-31",
        "acceptedDate": "1987-12-30 19:00:00",
        "calendarYear": "1987",
        "period": "Q4",
        "revenue": 0,
        "costOfRevenue": 0,
        "grossProfit": 0,
        "grossProfitRatio": 0,
        "researchAndDevelopmentExpenses": 0,
        "generalAndAdministrativeExpenses": 0,
        "sellingAndMarketingExpenses": 0,
        "sellingGeneralAndAdministrativeExpenses": 0,
        "otherExpenses": 0,
        "operatingExpenses": 0,
        "costAndExpenses": 0,
        "interestIncome": 0,
        "interestExpense": 0,
        "depreciationAndAmortization": 0,
        "ebitda": 0,
        "ebitdaratio": 0,
        "operatingIncome": 0,
        "operatingIncomeRatio": 0,
        "totalOtherIncomeExpensesNet": 0,
        "incomeBeforeTax": 0,
        "incomeBeforeTaxRatio": 0,
        "incomeTaxExpense": 0,
        "netIncome": 200000,
        "netIncomeRatio": 0,
        "eps": 0.1,
        "epsdiluted": 0.1,
        "weightedAverageShsOut": 1840000,
        "weightedAverageShsOutDil": 1840000,
        "link": null,
        "finalLink": null
    },
    {
        "date": "1987-09-30",
        "symbol": "PCLB",
        "reportedCurrency": "USD",
        "cik": "0000000000",
        "fillingDate": "1987-09-30",
        "acceptedDate": "1987-09-29 20:00:00",
        "calendarYear": "1987",
        "period": "Q3",
        "revenue": 0,
        "costOfRevenue": 0,
        "grossProfit": 0,
        "grossProfitRatio": 0,
        "researchAndDevelopmentExpenses": 0,
        "generalAndAdministrativeExpenses": 0,
        "sellingAndMarketingExpenses": 0,
        "sellingGeneralAndAdministrativeExpenses": 0,
        "otherExpenses": 0,
        "operatingExpenses": 0,
        "costAndExpenses": 0,
        "interestIncome": 0,
        "interestExpense": 0,
        "depreciationAndAmortization": 0,
        "ebitda": 0,
        "ebitdaratio": 0,
        "operatingIncome": 0,
        "operatingIncomeRatio": 0,
        "totalOtherIncomeExpensesNet": 0,
        "incomeBeforeTax": 0,
        "incomeBeforeTaxRatio": 0,
        "incomeTaxExpense": 0,
        "netIncome": 200000,
        "netIncomeRatio": 0,
        "eps": 0.1,
        "epsdiluted": 0.1,
        "weightedAverageShsOut": 1840000,
        "weightedAverageShsOutDil": 1840000,
        "link": null,
        "finalLink": null
    },
    {
        "date": "1987-06-30",
        "symbol": "PCLB",
        "reportedCurrency": "USD",
        "cik": "0000000000",
        "fillingDate": "1987-06-30",
        "acceptedDate": "1987-06-29 20:00:00",
        "calendarYear": "1987",
        "period": "Q2",
        "revenue": 0,
        "costOfRevenue": 0,
        "grossProfit": 0,
        "grossProfitRatio": 0,
        "researchAndDevelopmentExpenses": 0,
        "generalAndAdministrativeExpenses": 0,
        "sellingAndMarketingExpenses": 0,
        "sellingGeneralAndAdministrativeExpenses": 0,
        "otherExpenses": 0,
        "operatingExpenses": 0,
        "costAndExpenses": 0,
        "interestIncome": 0,
        "interestExpense": 0,
        "depreciationAndAmortization": 0,
        "ebitda": 0,
        "ebitdaratio": 0,
        "operatingIncome": 0,
        "operatingIncomeRatio": 0,
        "totalOtherIncomeExpensesNet": 0,
        "incomeBeforeTax": 0,
        "incomeBeforeTaxRatio": 0,
        "incomeTaxExpense": 0,
        "netIncome": 300000,
        "netIncomeRatio": 0,
        "eps": 0.16,
        "epsdiluted": 0.16,
        "weightedAverageShsOut": 1840000,
        "weightedAverageShsOutDil": 1840000,
        "link": null,
        "finalLink": null
    },
    {
        "date": "1987-03-31",
        "symbol": "PCLB",
        "reportedCurrency": "USD",
        "cik": "0000000000",
        "fillingDate": "1987-03-31",
        "acceptedDate": "1987-03-30 19:00:00",
        "calendarYear": "1987",
        "period": "Q1",
        "revenue": 0,
        "costOfRevenue": 0,
        "grossProfit": 0,
        "grossProfitRatio": 0,
        "researchAndDevelopmentExpenses": 0,
        "generalAndAdministrativeExpenses": 0,
        "sellingAndMarketingExpenses": 0,
        "sellingGeneralAndAdministrativeExpenses": 0,
        "otherExpenses": 0,
        "operatingExpenses": 0,
        "costAndExpenses": 0,
        "interestIncome": 0,
        "interestExpense": 0,
        "depreciationAndAmortization": 0,
        "ebitda": 0,
        "ebitdaratio": 0,
        "operatingIncome": 0,
        "operatingIncomeRatio": 0,
        "totalOtherIncomeExpensesNet": 0,
        "incomeBeforeTax": 0,
        "incomeBeforeTaxRatio": 0,
        "incomeTaxExpense": 0,
        "netIncome": 300000,
        "netIncomeRatio": 0,
        "eps": 0.15,
        "epsdiluted": 0.15,
        "weightedAverageShsOut": 1840000,
        "weightedAverageShsOutDil": 1840000,
        "link": null,
        "finalLink": null
    },
    {
        "date": "1986-12-31",
        "symbol": "PCLB",
        "reportedCurrency": "USD",
        "cik": "0000000000",
        "fillingDate": "1986-12-31",
        "acceptedDate": "1986-12-30 19:00:00",
        "calendarYear": "1986",
        "period": "Q4",
        "revenue": 0,
        "costOfRevenue": 0,
        "grossProfit": 0,
        "grossProfitRatio": 0,
        "researchAndDevelopmentExpenses": 0,
        "generalAndAdministrativeExpenses": 0,
        "sellingAndMarketingExpenses": 0,
        "sellingGeneralAndAdministrativeExpenses": 0,
        "otherExpenses": 0,
        "operatingExpenses": 0,
        "costAndExpenses": 0,
        "interestIncome": 0,
        "interestExpense": 0,
        "depreciationAndAmortization": 0,
        "ebitda": 0,
        "ebitdaratio": 0,
        "operatingIncome": 0,
        "operatingIncomeRatio": 0,
        "totalOtherIncomeExpensesNet": 0,
        "incomeBeforeTax": 0,
        "incomeBeforeTaxRatio": 0,
        "incomeTaxExpense": 0,
        "netIncome": 300000,
        "netIncomeRatio": 0,
        "eps": 0.15,
        "epsdiluted": 0.15,
        "weightedAverageShsOut": 1840000,
        "weightedAverageShsOutDil": 1840000,
        "link": null,
        "finalLink": null
    },
    {
        "date": "1986-09-30",
        "symbol": "PCLB",
        "reportedCurrency": "USD",
        "cik": "0000000000",
        "fillingDate": "1986-09-30",
        "acceptedDate": "1986-09-29 20:00:00",
        "calendarYear": "1986",
        "period": "Q3",
        "revenue": 0,
        "costOfRevenue": 0,
        "grossProfit": 0,
        "grossProfitRatio": 0,
        "researchAndDevelopmentExpenses": 0,
        "generalAndAdministrativeExpenses": 0,
        "sellingAndMarketingExpenses": 0,
        "sellingGeneralAndAdministrativeExpenses": 0,
        "otherExpenses": 0,
        "operatingExpenses": 0,
        "costAndExpenses": 0,
        "interestIncome": 0,
        "interestExpense": 0,
        "depreciationAndAmortization": 0,
        "ebitda": 0,
        "ebitdaratio": 0,
        "operatingIncome": 0,
        "operatingIncomeRatio": 0,
        "totalOtherIncomeExpensesNet": 0,
        "incomeBeforeTax": 0,
        "incomeBeforeTaxRatio": 0,
        "incomeTaxExpense": 0,
        "netIncome": 200000,
        "netIncomeRatio": 0,
        "eps": 0.15,
        "epsdiluted": 0.15,
        "weightedAverageShsOut": 1840000,
        "weightedAverageShsOutDil": 1840000,
        "link": null,
        "finalLink": null
    },
    {
        "date": "1986-06-30",
        "symbol": "PCLB",
        "reportedCurrency": "USD",
        "cik": "0000000000",
        "fillingDate": "1986-06-30",
        "acceptedDate": "1986-06-29 20:00:00",
        "calendarYear": "1986",
        "period": "Q2",
        "revenue": 0,
        "costOfRevenue": 0,
        "grossProfit": 0,
        "grossProfitRatio": 0,
        "researchAndDevelopmentExpenses": 0,
        "generalAndAdministrativeExpenses": 0,
        "sellingAndMarketingExpenses": 0,
        "sellingGeneralAndAdministrativeExpenses": 0,
        "otherExpenses": 0,
        "operatingExpenses": 0,
        "costAndExpenses": 0,
        "interestIncome": 0,
        "interestExpense": 0,
        "depreciationAndAmortization": 0,
        "ebitda": 0,
        "ebitdaratio": 0,
        "operatingIncome": 0,
        "operatingIncomeRatio": 0,
        "totalOtherIncomeExpensesNet": 0,
        "incomeBeforeTax": 0,
        "incomeBeforeTaxRatio": 0,
        "incomeTaxExpense": 0,
        "netIncome": 200000,
        "netIncomeRatio": 0,
        "eps": 0.1,
        "epsdiluted": 0.1,
        "weightedAverageShsOut": 1840000,
        "weightedAverageShsOutDil": 1840000,
        "link": null,
        "finalLink": null
    },
    {
        "date": "1986-03-31",
        "symbol": "PCLB",
        "reportedCurrency": "USD",
        "cik": "0000000000",
        "fillingDate": "1986-03-31",
        "acceptedDate": "1986-03-30 19:00:00",
        "calendarYear": "1986",
        "period": "Q1",
        "revenue": 0,
        "costOfRevenue": 0,
        "grossProfit": 0,
        "grossProfitRatio": 0,
        "researchAndDevelopmentExpenses": 0,
        "generalAndAdministrativeExpenses": 0,
        "sellingAndMarketingExpenses": 0,
        "sellingGeneralAndAdministrativeExpenses": 0,
        "otherExpenses": 0,
        "operatingExpenses": 0,
        "costAndExpenses": 0,
        "interestIncome": 0,
        "interestExpense": 0,
        "depreciationAndAmortization": 0,
        "ebitda": 0,
        "ebitdaratio": 0,
        "operatingIncome": 0,
        "operatingIncomeRatio": 0,
        "totalOtherIncomeExpensesNet": 0,
        "incomeBeforeTax": 0,
        "incomeBeforeTaxRatio": 0,
        "incomeTaxExpense": 0,
        "netIncome": 200000,
        "netIncomeRatio": 0,
        "eps": 0.11,
        "epsdiluted": 0.11,
        "weightedAverageShsOut": 1840000,
        "weightedAverageShsOutDil": 1840000,
        "link": null,
        "finalLink": null
    },
    {
        "date": "1985-12-31",
        "symbol": "PCLB",
        "reportedCurrency": "USD",
        "cik": "0000000000",
        "fillingDate": "1985-12-31",
        "acceptedDate": "1985-12-30 19:00:00",
        "calendarYear": "1985",
        "period": "Q4",
        "revenue": 0,
        "costOfRevenue": 0,
        "grossProfit": 0,
        "grossProfitRatio": 0,
        "researchAndDevelopmentExpenses": 0,
        "generalAndAdministrativeExpenses": 0,
        "sellingAndMarketingExpenses": 0,
        "sellingGeneralAndAdministrativeExpenses": 0,
        "otherExpenses": 0,
        "operatingExpenses": 0,
        "costAndExpenses": 0,
        "interestIncome": 0,
        "interestExpense": 0,
        "depreciationAndAmortization": 0,
        "ebitda": 0,
        "ebitdaratio": 0,
        "operatingIncome": 0,
        "operatingIncomeRatio": 0,
        "totalOtherIncomeExpensesNet": 0,
        "incomeBeforeTax": 0,
        "incomeBeforeTaxRatio": 0,
        "incomeTaxExpense": 0,
        "netIncome": 200000,
        "netIncomeRatio": 0,
        "eps": 0.1,
        "epsdiluted": 0.1,
        "weightedAverageShsOut": 1840000,
        "weightedAverageShsOutDil": 1840000,
        "link": null,
        "finalLink": null
    },
    {
        "date": "1985-09-30",
        "symbol": "PCLB",
        "reportedCurrency": "USD",
        "cik": "0000000000",
        "fillingDate": "1985-09-30",
        "acceptedDate": "1985-09-29 20:00:00",
        "calendarYear": "1985",
        "period": "Q3",
        "revenue": 0,
        "costOfRevenue": 0,
        "grossProfit": 0,
        "grossProfitRatio": 0,
        "researchAndDevelopmentExpenses": 0,
        "generalAndAdministrativeExpenses": 0,
        "sellingAndMarketingExpenses": 0,
        "sellingGeneralAndAdministrativeExpenses": 0,
        "otherExpenses": 0,
        "operatingExpenses": 0,
        "costAndExpenses": 0,
        "interestIncome": 0,
        "interestExpense": 0,
        "depreciationAndAmortization": 0,
        "ebitda": 0,
        "ebitdaratio": 0,
        "operatingIncome": 0,
        "operatingIncomeRatio": 0,
        "totalOtherIncomeExpensesNet": 0,
        "incomeBeforeTax": 0,
        "incomeBeforeTaxRatio": 0,
        "incomeTaxExpense": 0,
        "netIncome": 200000,
        "netIncomeRatio": 0,
        "eps": 0.1,
        "epsdiluted": 0.1,
        "weightedAverageShsOut": 1840000,
        "weightedAverageShsOutDil": 1840000,
        "link": null,
        "finalLink": null
    }
]