[
    {
        "date": "2025-07-31",
        "symbol": "PD",
        "reportedCurrency": "USD",
        "cik": "0001568100",
        "fillingDate": "2025-09-04",
        "acceptedDate": "2025-09-03 18:05:37",
        "calendarYear": "2026",
        "period": "Q2",
        "revenue": 123411000,
        "costOfRevenue": 19001000,
        "grossProfit": 104410000,
        "grossProfitRatio": 0.8460347943,
        "researchAndDevelopmentExpenses": 30897000,
        "generalAndAdministrativeExpenses": 25491000,
        "sellingAndMarketingExpenses": 44456000,
        "sellingGeneralAndAdministrativeExpenses": 69947000,
        "otherExpenses": 0,
        "operatingExpenses": 100844000,
        "costAndExpenses": 119845000,
        "interestIncome": 6149000,
        "interestExpense": 2286000,
        "depreciationAndAmortization": 3122000,
        "ebitda": 12957000,
        "ebitdaratio": 0.104990641,
        "operatingIncome": 3674000,
        "operatingIncomeRatio": 0.0297704419,
        "totalOtherIncomeExpensesNet": 3983000,
        "incomeBeforeTax": 7549000,
        "incomeBeforeTaxRatio": 0.0611695878,
        "incomeTaxExpense": -1865000,
        "netIncome": 9777000,
        "netIncomeRatio": 0.0792230838,
        "eps": 0.11,
        "epsdiluted": 0.1,
        "weightedAverageShsOut": 92600000,
        "weightedAverageShsOutDil": 94198000,
        "link": "https://www.sec.gov/Archives/edgar/data/1568100/000156810025000099/0001568100-25-000099-index.htm",
        "finalLink": "https://www.sec.gov/Archives/edgar/data/1568100/000156810025000099/pd-20250731.htm"
    },
    {
        "date": "2025-04-30",
        "symbol": "PD",
        "reportedCurrency": "USD",
        "cik": "0001568100",
        "fillingDate": "2025-05-30",
        "acceptedDate": "2025-05-30 16:09:30",
        "calendarYear": "2026",
        "period": "Q1",
        "revenue": 119805000,
        "costOfRevenue": 19184000,
        "grossProfit": 100621000,
        "grossProfitRatio": 0.8398731272,
        "researchAndDevelopmentExpenses": 34048000,
        "generalAndAdministrativeExpenses": 26855000,
        "sellingAndMarketingExpenses": 50045000,
        "sellingGeneralAndAdministrativeExpenses": 76900000,
        "otherExpenses": 0,
        "operatingExpenses": 110948000,
        "costAndExpenses": 130132000,
        "interestIncome": 6011000,
        "interestExpense": 2364000,
        "depreciationAndAmortization": 3962000,
        "ebitda": -240000,
        "ebitdaratio": -0.0020032553,
        "operatingIncome": -10327000,
        "operatingIncomeRatio": -0.0861984057,
        "totalOtherIncomeExpensesNet": 3761000,
        "incomeBeforeTax": -6566000,
        "incomeBeforeTaxRatio": -0.054805726,
        "incomeTaxExpense": 813000,
        "netIncome": -6497000,
        "netIncomeRatio": -0.0542297901,
        "eps": -0.0711,
        "epsdiluted": -0.0711,
        "weightedAverageShsOut": 91374000,
        "weightedAverageShsOutDil": 91374000,
        "link": "https://www.sec.gov/Archives/edgar/data/1568100/000156810025000051/0001568100-25-000051-index.htm",
        "finalLink": "https://www.sec.gov/Archives/edgar/data/1568100/000156810025000051/pd-20250430.htm"
    },
    {
        "date": "2025-01-31",
        "symbol": "PD",
        "reportedCurrency": "USD",
        "cik": "0001568100",
        "fillingDate": "2025-03-17",
        "acceptedDate": "2025-03-17 16:29:24",
        "calendarYear": "2025",
        "period": "Q4",
        "revenue": 121446000,
        "costOfRevenue": 19974000,
        "grossProfit": 101472000,
        "grossProfitRatio": 0.8355318413,
        "researchAndDevelopmentExpenses": 34611000,
        "generalAndAdministrativeExpenses": 25496000,
        "sellingAndMarketingExpenses": 53084000,
        "sellingGeneralAndAdministrativeExpenses": 78580000,
        "otherExpenses": 251000,
        "operatingExpenses": 113191000,
        "costAndExpenses": 133165000,
        "interestIncome": 6084000,
        "interestExpense": 2370000,
        "depreciationAndAmortization": 5077000,
        "ebitda": -1664000,
        "ebitdaratio": -0.0137015628,
        "operatingIncome": -11719000,
        "operatingIncomeRatio": -0.0964955618,
        "totalOtherIncomeExpensesNet": 3287000,
        "incomeBeforeTax": -8432000,
        "incomeBeforeTaxRatio": -0.0694300347,
        "incomeTaxExpense": 448000,
        "netIncome": -10604000,
        "netIncomeRatio": -0.0873145266,
        "eps": -0.12,
        "epsdiluted": -0.12,
        "weightedAverageShsOut": 92000000,
        "weightedAverageShsOutDil": 92000000,
        "link": "https://www.sec.gov/Archives/edgar/data/1568100/000156810025000023/0001568100-25-000023-index.htm",
        "finalLink": "https://www.sec.gov/Archives/edgar/data/1568100/000156810025000023/pd-20250131.htm"
    },
    {
        "date": "2024-10-31",
        "symbol": "PD",
        "reportedCurrency": "USD",
        "cik": "0001568100",
        "fillingDate": "2024-11-27",
        "acceptedDate": "2024-11-27 16:11:03",
        "calendarYear": "2025",
        "period": "Q3",
        "revenue": 118946000,
        "costOfRevenue": 20268000,
        "grossProfit": 98678000,
        "grossProfitRatio": 0.8296033494,
        "researchAndDevelopmentExpenses": 34267000,
        "generalAndAdministrativeExpenses": 25432000,
        "sellingAndMarketingExpenses": 49272000,
        "sellingGeneralAndAdministrativeExpenses": 74704000,
        "otherExpenses": 0,
        "operatingExpenses": 108971000,
        "costAndExpenses": 129239000,
        "interestIncome": 6912000,
        "interestExpense": 2377000,
        "depreciationAndAmortization": 5071000,
        "ebitda": 1365000,
        "ebitdaratio": 0.0114757957,
        "operatingIncome": -10293000,
        "operatingIncomeRatio": -0.0865350663,
        "totalOtherIncomeExpensesNet": 4881000,
        "incomeBeforeTax": -5412000,
        "incomeBeforeTaxRatio": -0.0454996385,
        "incomeTaxExpense": 715000,
        "netIncome": -5924000,
        "netIncomeRatio": -0.0498041128,
        "eps": -0.0709,
        "epsdiluted": -0.0709,
        "weightedAverageShsOut": 92530000,
        "weightedAverageShsOutDil": 92530000,
        "link": "https://www.sec.gov/Archives/edgar/data/1568100/000156810024000139/0001568100-24-000139-index.htm",
        "finalLink": "https://www.sec.gov/Archives/edgar/data/1568100/000156810024000139/pd-20241031.htm"
    },
    {
        "date": "2024-07-31",
        "symbol": "PD",
        "reportedCurrency": "USD",
        "cik": "0001568100",
        "fillingDate": "2024-09-04",
        "acceptedDate": "2024-09-03 19:07:13",
        "calendarYear": "2025",
        "period": "Q2",
        "revenue": 115935000,
        "costOfRevenue": 20080000,
        "grossProfit": 95855000,
        "grossProfitRatio": 0.8267994997,
        "researchAndDevelopmentExpenses": 35088000,
        "generalAndAdministrativeExpenses": 25828000,
        "sellingAndMarketingExpenses": 50966000,
        "sellingGeneralAndAdministrativeExpenses": 76794000,
        "otherExpenses": 0,
        "operatingExpenses": 111882000,
        "costAndExpenses": 131962000,
        "interestIncome": 7516000,
        "interestExpense": 2363000,
        "depreciationAndAmortization": 10463000,
        "ebitda": -3903000,
        "ebitdaratio": -0.033665416,
        "operatingIncome": -16027000,
        "operatingIncomeRatio": -0.1382412559,
        "totalOtherIncomeExpensesNet": 5270000,
        "incomeBeforeTax": -10757000,
        "incomeBeforeTaxRatio": -0.0927847501,
        "incomeTaxExpense": 427000,
        "netIncome": -10912000,
        "netIncomeRatio": -0.0941217061,
        "eps": -0.14,
        "epsdiluted": -0.14,
        "weightedAverageShsOut": 93289000,
        "weightedAverageShsOutDil": 93289000,
        "link": "https://www.sec.gov/Archives/edgar/data/1568100/000156810024000109/0001568100-24-000109-index.htm",
        "finalLink": "https://www.sec.gov/Archives/edgar/data/1568100/000156810024000109/pd-20240731.htm"
    },
    {
        "date": "2024-04-30",
        "symbol": "PD",
        "reportedCurrency": "USD",
        "cik": "0001568100",
        "fillingDate": "2024-05-31",
        "acceptedDate": "2024-05-31 16:49:55",
        "calendarYear": "2025",
        "period": "Q1",
        "revenue": 111172000,
        "costOfRevenue": 19343000,
        "grossProfit": 91829000,
        "grossProfitRatio": 0.8260083474,
        "researchAndDevelopmentExpenses": 37260000,
        "generalAndAdministrativeExpenses": 27540000,
        "sellingAndMarketingExpenses": 48499000,
        "sellingGeneralAndAdministrativeExpenses": 76031000,
        "otherExpenses": -251000,
        "operatingExpenses": 113291000,
        "costAndExpenses": 132634000,
        "interestIncome": 6980000,
        "interestExpense": 2148000,
        "depreciationAndAmortization": 5292000,
        "ebitda": -9712000,
        "ebitdaratio": -0.0873601267,
        "operatingIncome": -21462000,
        "operatingIncomeRatio": -0.1930522074,
        "totalOtherIncomeExpensesNet": 4581000,
        "incomeBeforeTax": -17152000,
        "incomeBeforeTaxRatio": -0.1542834527,
        "incomeTaxExpense": 193000,
        "netIncome": -24056000,
        "netIncomeRatio": -0.2163854208,
        "eps": -0.26,
        "epsdiluted": -0.26,
        "weightedAverageShsOut": 92876000,
        "weightedAverageShsOutDil": 92876000,
        "link": "https://www.sec.gov/Archives/edgar/data/1568100/000156810024000058/0001568100-24-000058-index.htm",
        "finalLink": "https://www.sec.gov/Archives/edgar/data/1568100/000156810024000058/pd-20240430.htm"
    },
    {
        "date": "2024-01-31",
        "symbol": "PD",
        "reportedCurrency": "USD",
        "cik": "0001568100",
        "fillingDate": "2024-03-18",
        "acceptedDate": "2024-03-15 21:46:00",
        "calendarYear": "2024",
        "period": "Q4",
        "revenue": 111117000,
        "costOfRevenue": 25640000,
        "grossProfit": 85477000,
        "grossProfitRatio": 0.7692522296,
        "researchAndDevelopmentExpenses": 35215000,
        "generalAndAdministrativeExpenses": 35028000,
        "sellingAndMarketingExpenses": 53614000,
        "sellingGeneralAndAdministrativeExpenses": 88642000,
        "otherExpenses": -3415000,
        "operatingExpenses": 110979000,
        "costAndExpenses": 136619000,
        "interestIncome": 10801000,
        "interestExpense": 2316000,
        "depreciationAndAmortization": 10419000,
        "ebitda": -15897000,
        "ebitdaratio": -0.1430654175,
        "operatingIncome": -25502000,
        "operatingIncomeRatio": -0.2295058362,
        "totalOtherIncomeExpensesNet": 4799000,
        "incomeBeforeTax": -28632000,
        "incomeBeforeTaxRatio": -0.2576743433,
        "incomeTaxExpense": 185000,
        "netIncome": -30632000,
        "netIncomeRatio": -0.2756733893,
        "eps": -0.33,
        "epsdiluted": -0.33,
        "weightedAverageShsOut": 92168000,
        "weightedAverageShsOutDil": 92168000,
        "link": "https://www.sec.gov/Archives/edgar/data/1568100/000156810024000021/0001568100-24-000021-index.htm",
        "finalLink": "https://www.sec.gov/Archives/edgar/data/1568100/000156810024000021/pd-20240131.htm"
    },
    {
        "date": "2023-10-31",
        "symbol": "PD",
        "reportedCurrency": "USD",
        "cik": "0001568100",
        "fillingDate": "2023-12-01",
        "acceptedDate": "2023-12-01 16:13:52",
        "calendarYear": "2024",
        "period": "Q3",
        "revenue": 108720000,
        "costOfRevenue": 19705000,
        "grossProfit": 89015000,
        "grossProfitRatio": 0.818754599,
        "researchAndDevelopmentExpenses": 34272000,
        "generalAndAdministrativeExpenses": 25955000,
        "sellingAndMarketingExpenses": 49630000,
        "sellingGeneralAndAdministrativeExpenses": 75585000,
        "otherExpenses": 673000,
        "operatingExpenses": 109857000,
        "costAndExpenses": 129562000,
        "interestIncome": 4522000,
        "interestExpense": 1454000,
        "depreciationAndAmortization": 5025000,
        "ebitda": -1552000,
        "ebitdaratio": -0.0142752024,
        "operatingIncome": -20842000,
        "operatingIncomeRatio": -0.1917034584,
        "totalOtherIncomeExpensesNet": 7711000,
        "incomeBeforeTax": -13131000,
        "incomeBeforeTaxRatio": -0.1207781457,
        "incomeTaxExpense": -41000,
        "netIncome": -12766000,
        "netIncomeRatio": -0.1174208977,
        "eps": -0.14,
        "epsdiluted": -0.14,
        "weightedAverageShsOut": 93104000,
        "weightedAverageShsOutDil": 93104000,
        "link": "https://www.sec.gov/Archives/edgar/data/1568100/000162828023040445/0001628280-23-040445-index.htm",
        "finalLink": "https://www.sec.gov/Archives/edgar/data/1568100/000162828023040445/pd-20231031.htm"
    },
    {
        "date": "2023-07-31",
        "symbol": "PD",
        "reportedCurrency": "USD",
        "cik": "0001568100",
        "fillingDate": "2023-09-01",
        "acceptedDate": "2023-09-01 16:10:29",
        "calendarYear": "2024",
        "period": "Q2",
        "revenue": 107616000,
        "costOfRevenue": 19833000,
        "grossProfit": 87783000,
        "grossProfitRatio": 0.815705843,
        "researchAndDevelopmentExpenses": 36441000,
        "generalAndAdministrativeExpenses": 36108000,
        "sellingAndMarketingExpenses": 41407000,
        "sellingGeneralAndAdministrativeExpenses": 77515000,
        "otherExpenses": 0,
        "operatingExpenses": 113956000,
        "costAndExpenses": 133789000,
        "interestIncome": 3655000,
        "interestExpense": 1396000,
        "depreciationAndAmortization": 5266000,
        "ebitda": -20107000,
        "ebitdaratio": -0.1868402468,
        "operatingIncome": -26173000,
        "operatingIncomeRatio": -0.2432073298,
        "totalOtherIncomeExpensesNet": 3501000,
        "incomeBeforeTax": -22672000,
        "incomeBeforeTaxRatio": -0.2106749926,
        "incomeTaxExpense": -50000,
        "netIncome": -22053000,
        "netIncomeRatio": -0.2049230598,
        "eps": -0.24,
        "epsdiluted": -0.24,
        "weightedAverageShsOut": 92542000,
        "weightedAverageShsOutDil": 92542000,
        "link": "https://www.sec.gov/Archives/edgar/data/1568100/000156810023000045/0001568100-23-000045-index.htm",
        "finalLink": "https://www.sec.gov/Archives/edgar/data/1568100/000156810023000045/pd-20230731.htm"
    },
    {
        "date": "2023-04-30",
        "symbol": "PD",
        "reportedCurrency": "USD",
        "cik": "0001568100",
        "fillingDate": "2023-06-02",
        "acceptedDate": "2023-06-02 16:14:41",
        "calendarYear": "2024",
        "period": "Q1",
        "revenue": 103246000,
        "costOfRevenue": 17936000,
        "grossProfit": 85310000,
        "grossProfitRatio": 0.8262789842,
        "researchAndDevelopmentExpenses": 33508000,
        "generalAndAdministrativeExpenses": 23801000,
        "sellingAndMarketingExpenses": 43801000,
        "sellingGeneralAndAdministrativeExpenses": 67602000,
        "otherExpenses": 0,
        "operatingExpenses": 101110000,
        "costAndExpenses": 119046000,
        "interestIncome": 3123000,
        "interestExpense": 1334000,
        "depreciationAndAmortization": 5901000,
        "ebitda": -5709000,
        "ebitdaratio": -0.0552951204,
        "operatingIncome": -15800000,
        "operatingIncomeRatio": -0.153032563,
        "totalOtherIncomeExpensesNet": 2856000,
        "incomeBeforeTax": -12944000,
        "incomeBeforeTaxRatio": -0.1253704744,
        "incomeTaxExpense": -106000,
        "netIncome": -12838000,
        "netIncomeRatio": -0.1243438002,
        "eps": -0.14,
        "epsdiluted": -0.14,
        "weightedAverageShsOut": 91522000,
        "weightedAverageShsOutDil": 91522000,
        "link": "https://www.sec.gov/Archives/edgar/data/1568100/000156810023000034/0001568100-23-000034-index.htm",
        "finalLink": "https://www.sec.gov/Archives/edgar/data/1568100/000156810023000034/pd-20230430.htm"
    },
    {
        "date": "2023-01-31",
        "symbol": "PD",
        "reportedCurrency": "USD",
        "cik": "0001568100",
        "fillingDate": "2023-03-16",
        "acceptedDate": "2023-03-16 16:14:07",
        "calendarYear": "2023",
        "period": "Q4",
        "revenue": 100966000,
        "costOfRevenue": 18344000,
        "grossProfit": 82622000,
        "grossProfitRatio": 0.8183150764,
        "researchAndDevelopmentExpenses": 34569000,
        "generalAndAdministrativeExpenses": 21922000,
        "sellingAndMarketingExpenses": 52621000,
        "sellingGeneralAndAdministrativeExpenses": 74543000,
        "otherExpenses": 0,
        "operatingExpenses": 109112000,
        "costAndExpenses": 127456000,
        "interestIncome": 2005000,
        "interestExpense": 1361000,
        "depreciationAndAmortization": 4651000,
        "ebitda": -18990000,
        "ebitdaratio": -0.1880831171,
        "operatingIncome": -26490000,
        "operatingIncomeRatio": -0.2623655488,
        "totalOtherIncomeExpensesNet": 1951000,
        "incomeBeforeTax": -24539000,
        "incomeBeforeTaxRatio": -0.2430422122,
        "incomeTaxExpense": 463000,
        "netIncome": -24562000,
        "netIncomeRatio": -0.2432700117,
        "eps": -0.27,
        "epsdiluted": -0.27,
        "weightedAverageShsOut": 90269278,
        "weightedAverageShsOutDil": 90269000,
        "link": "https://www.sec.gov/Archives/edgar/data/1568100/000156810023000013/0001568100-23-000013-index.htm",
        "finalLink": "https://www.sec.gov/Archives/edgar/data/1568100/000156810023000013/pd-20230131.htm"
    },
    {
        "date": "2022-10-31",
        "symbol": "PD",
        "reportedCurrency": "USD",
        "cik": "0001568100",
        "fillingDate": "2022-12-02",
        "acceptedDate": "2022-12-02 16:07:56",
        "calendarYear": "2023",
        "period": "Q3",
        "revenue": 94203000,
        "costOfRevenue": 18007000,
        "grossProfit": 76196000,
        "grossProfitRatio": 0.8088489751,
        "researchAndDevelopmentExpenses": 35004000,
        "generalAndAdministrativeExpenses": 26616000,
        "sellingAndMarketingExpenses": 47118000,
        "sellingGeneralAndAdministrativeExpenses": 73734000,
        "otherExpenses": -172000,
        "operatingExpenses": 108738000,
        "costAndExpenses": 126745000,
        "interestIncome": 1382000,
        "interestExpense": 1360000,
        "depreciationAndAmortization": 10031000,
        "ebitda": -28044000,
        "ebitdaratio": -0.2976975256,
        "operatingIncome": -32542000,
        "operatingIncomeRatio": -0.3454454741,
        "totalOtherIncomeExpensesNet": -150000,
        "incomeBeforeTax": -32692000,
        "incomeBeforeTaxRatio": -0.3470377801,
        "incomeTaxExpense": 112000,
        "netIncome": -32804000,
        "netIncomeRatio": -0.3482267019,
        "eps": -0.37,
        "epsdiluted": -0.37,
        "weightedAverageShsOut": 89285000,
        "weightedAverageShsOutDil": 89285000,
        "link": "https://www.sec.gov/Archives/edgar/data/1568100/000156810022000050/0001568100-22-000050-index.htm",
        "finalLink": "https://www.sec.gov/Archives/edgar/data/1568100/000156810022000050/pd-20221031.htm"
    },
    {
        "date": "2022-07-31",
        "symbol": "PD",
        "reportedCurrency": "USD",
        "cik": "0001568100",
        "fillingDate": "2022-09-02",
        "acceptedDate": "2022-09-02 16:10:37",
        "calendarYear": "2023",
        "period": "Q2",
        "revenue": 90253000,
        "costOfRevenue": 18367000,
        "grossProfit": 71886000,
        "grossProfitRatio": 0.7964942994,
        "researchAndDevelopmentExpenses": 34014000,
        "generalAndAdministrativeExpenses": 25429000,
        "sellingAndMarketingExpenses": 50331000,
        "sellingGeneralAndAdministrativeExpenses": 75760000,
        "otherExpenses": -364000,
        "operatingExpenses": 109774000,
        "costAndExpenses": 128141000,
        "interestIncome": 830000,
        "interestExpense": 1387000,
        "depreciationAndAmortization": 4689000,
        "ebitda": -33201000,
        "ebitdaratio": -0.3678658881,
        "operatingIncome": -37888000,
        "operatingIncomeRatio": -0.4197976799,
        "totalOtherIncomeExpensesNet": -921000,
        "incomeBeforeTax": -38809000,
        "incomeBeforeTaxRatio": -0.4300023268,
        "incomeTaxExpense": -210000,
        "netIncome": -38499000,
        "netIncomeRatio": -0.4265675379,
        "eps": -0.44,
        "epsdiluted": -0.44,
        "weightedAverageShsOut": 88153000,
        "weightedAverageShsOutDil": 88153000,
        "link": "https://www.sec.gov/Archives/edgar/data/1568100/000156810022000044/0001568100-22-000044-index.htm",
        "finalLink": "https://www.sec.gov/Archives/edgar/data/1568100/000156810022000044/pd-20220731.htm"
    },
    {
        "date": "2022-04-30",
        "symbol": "PD",
        "reportedCurrency": "USD",
        "cik": "0001568100",
        "fillingDate": "2022-06-03",
        "acceptedDate": "2022-06-03 16:17:00",
        "calendarYear": "2023",
        "period": "Q1",
        "revenue": 85371000,
        "costOfRevenue": 15716000,
        "grossProfit": 69655000,
        "grossProfitRatio": 0.8159093837,
        "researchAndDevelopmentExpenses": 31289000,
        "generalAndAdministrativeExpenses": 25271000,
        "sellingAndMarketingExpenses": 45552000,
        "sellingGeneralAndAdministrativeExpenses": 70823000,
        "otherExpenses": -790000,
        "operatingExpenses": 102112000,
        "costAndExpenses": 117828000,
        "interestIncome": 548000,
        "interestExpense": 1325000,
        "depreciationAndAmortization": 9201000,
        "ebitda": -29108000,
        "ebitdaratio": -0.3409588736,
        "operatingIncome": -32457000,
        "operatingIncomeRatio": -0.3801876515,
        "totalOtherIncomeExpensesNet": -1567000,
        "incomeBeforeTax": -34024000,
        "incomeBeforeTaxRatio": -0.3985428307,
        "incomeTaxExpense": -1204000,
        "netIncome": -32820000,
        "netIncomeRatio": -0.3844396809,
        "eps": -0.38,
        "epsdiluted": -0.38,
        "weightedAverageShsOut": 87127000,
        "weightedAverageShsOutDil": 87127000,
        "link": "https://www.sec.gov/Archives/edgar/data/1568100/000156810022000029/0001568100-22-000029-index.htm",
        "finalLink": "https://www.sec.gov/Archives/edgar/data/1568100/000156810022000029/pd-20220430.htm"
    },
    {
        "date": "2022-01-31",
        "symbol": "PD",
        "reportedCurrency": "USD",
        "cik": "0001568100",
        "fillingDate": "2022-03-17",
        "acceptedDate": "2022-03-17 16:22:43",
        "calendarYear": "2022",
        "period": "Q4",
        "revenue": 78509000,
        "costOfRevenue": 13928000,
        "grossProfit": 64581000,
        "grossProfitRatio": 0.822593588,
        "researchAndDevelopmentExpenses": 27628000,
        "generalAndAdministrativeExpenses": 20752000,
        "sellingAndMarketingExpenses": 43400000,
        "sellingGeneralAndAdministrativeExpenses": 64152000,
        "otherExpenses": -826000,
        "operatingExpenses": 91780000,
        "costAndExpenses": 105708000,
        "interestIncome": 640000,
        "interestExpense": 1353000,
        "depreciationAndAmortization": 3329000,
        "ebitda": -24056000,
        "ebitdaratio": -0.30641073,
        "operatingIncome": -27199000,
        "operatingIncomeRatio": -0.3464443567,
        "totalOtherIncomeExpensesNet": -1539000,
        "incomeBeforeTax": -28738000,
        "incomeBeforeTaxRatio": -0.3660472048,
        "incomeTaxExpense": 157000,
        "netIncome": -28895000,
        "netIncomeRatio": -0.3680469755,
        "eps": -0.34,
        "epsdiluted": -0.34,
        "weightedAverageShsOut": 86101000,
        "weightedAverageShsOutDil": 86101000,
        "link": "https://www.sec.gov/Archives/edgar/data/1568100/000156810022000014/0001568100-22-000014-index.htm",
        "finalLink": "https://www.sec.gov/Archives/edgar/data/1568100/000156810022000014/pd-20220131.htm"
    },
    {
        "date": "2021-10-31",
        "symbol": "PD",
        "reportedCurrency": "USD",
        "cik": "0001568100",
        "fillingDate": "2021-12-08",
        "acceptedDate": "2021-12-08 16:05:42",
        "calendarYear": "2022",
        "period": "Q3",
        "revenue": 71760000,
        "costOfRevenue": 12039000,
        "grossProfit": 59721000,
        "grossProfitRatio": 0.8322324415,
        "researchAndDevelopmentExpenses": 24554000,
        "generalAndAdministrativeExpenses": 19808000,
        "sellingAndMarketingExpenses": 40176000,
        "sellingGeneralAndAdministrativeExpenses": 59984000,
        "otherExpenses": -729000,
        "operatingExpenses": 84538000,
        "costAndExpenses": 96577000,
        "interestIncome": 705000,
        "interestExpense": 1350000,
        "depreciationAndAmortization": 7094000,
        "ebitda": -23160000,
        "ebitdaratio": -0.3227424749,
        "operatingIncome": -24817000,
        "operatingIncomeRatio": -0.3458333333,
        "totalOtherIncomeExpensesNet": -1374000,
        "incomeBeforeTax": -26191000,
        "incomeBeforeTaxRatio": -0.3649804905,
        "incomeTaxExpense": 150000,
        "netIncome": -26341000,
        "netIncomeRatio": -0.3670707915,
        "eps": -0.31,
        "epsdiluted": -0.31,
        "weightedAverageShsOut": 85092000,
        "weightedAverageShsOutDil": 85092000,
        "link": "https://www.sec.gov/Archives/edgar/data/1568100/000156810021000047/0001568100-21-000047-index.htm",
        "finalLink": "https://www.sec.gov/Archives/edgar/data/1568100/000156810021000047/pd-20211031.htm"
    },
    {
        "date": "2021-07-31",
        "symbol": "PD",
        "reportedCurrency": "USD",
        "cik": "0001568100",
        "fillingDate": "2021-09-03",
        "acceptedDate": "2021-09-03 16:08:18",
        "calendarYear": "2022",
        "period": "Q2",
        "revenue": 67536000,
        "costOfRevenue": 11976000,
        "grossProfit": 55560000,
        "grossProfitRatio": 0.8226723525,
        "researchAndDevelopmentExpenses": 22909000,
        "generalAndAdministrativeExpenses": 20294000,
        "sellingAndMarketingExpenses": 40814000,
        "sellingGeneralAndAdministrativeExpenses": 61108000,
        "otherExpenses": -586000,
        "operatingExpenses": 84017000,
        "costAndExpenses": 95993000,
        "interestIncome": 783000,
        "interestExpense": 1378000,
        "depreciationAndAmortization": 6729000,
        "ebitda": -26205000,
        "ebitdaratio": -0.3880152807,
        "operatingIncome": -28457000,
        "operatingIncomeRatio": -0.4213604596,
        "totalOtherIncomeExpensesNet": -1181000,
        "incomeBeforeTax": -29638000,
        "incomeBeforeTaxRatio": -0.4388474295,
        "incomeTaxExpense": 23000,
        "netIncome": -29661000,
        "netIncomeRatio": -0.4391879886,
        "eps": -0.35,
        "epsdiluted": -0.35,
        "weightedAverageShsOut": 83895000,
        "weightedAverageShsOutDil": 83895000,
        "link": "https://www.sec.gov/Archives/edgar/data/1568100/000156810021000037/0001568100-21-000037-index.htm",
        "finalLink": "https://www.sec.gov/Archives/edgar/data/1568100/000156810021000037/pd-20210731.htm"
    },
    {
        "date": "2021-04-30",
        "symbol": "PD",
        "reportedCurrency": "USD",
        "cik": "0001568100",
        "fillingDate": "2021-06-04",
        "acceptedDate": "2021-06-04 16:15:21",
        "calendarYear": "2022",
        "period": "Q1",
        "revenue": 63591000,
        "costOfRevenue": 10418000,
        "grossProfit": 53173000,
        "grossProfitRatio": 0.8361717853,
        "researchAndDevelopmentExpenses": 20599000,
        "generalAndAdministrativeExpenses": 16578000,
        "sellingAndMarketingExpenses": 37234000,
        "sellingGeneralAndAdministrativeExpenses": 53812000,
        "otherExpenses": -616000,
        "operatingExpenses": 74411000,
        "costAndExpenses": 84829000,
        "interestIncome": 818000,
        "interestExpense": 1317000,
        "depreciationAndAmortization": 6319000,
        "ebitda": -19064000,
        "ebitdaratio": -0.2997908509,
        "operatingIncome": -21238000,
        "operatingIncomeRatio": -0.3339780787,
        "totalOtherIncomeExpensesNet": -1115000,
        "incomeBeforeTax": -22353000,
        "incomeBeforeTaxRatio": -0.3515120064,
        "incomeTaxExpense": 205000,
        "netIncome": -22558000,
        "netIncomeRatio": -0.354735733,
        "eps": -0.27,
        "epsdiluted": -0.27,
        "weightedAverageShsOut": 82915000,
        "weightedAverageShsOutDil": 82915000,
        "link": "https://www.sec.gov/Archives/edgar/data/1568100/000156810021000029/0001568100-21-000029-index.htm",
        "finalLink": "https://www.sec.gov/Archives/edgar/data/1568100/000156810021000029/pd-20210430.htm"
    },
    {
        "date": "2021-01-31",
        "symbol": "PD",
        "reportedCurrency": "USD",
        "cik": "0001568100",
        "fillingDate": "2021-03-19",
        "acceptedDate": "2021-03-19 16:14:05",
        "calendarYear": "2021",
        "period": "Q4",
        "revenue": 59284000,
        "costOfRevenue": 9401000,
        "grossProfit": 49883000,
        "grossProfitRatio": 0.8414243303,
        "researchAndDevelopmentExpenses": 17861000,
        "generalAndAdministrativeExpenses": 16532000,
        "sellingAndMarketingExpenses": 33884000,
        "sellingGeneralAndAdministrativeExpenses": 50416000,
        "otherExpenses": 67000,
        "operatingExpenses": 68277000,
        "costAndExpenses": 77678000,
        "interestIncome": 857000,
        "interestExpense": 4224000,
        "depreciationAndAmortization": 1918000,
        "ebitda": -15147000,
        "ebitdaratio": -0.2554989542,
        "operatingIncome": -18394000,
        "operatingIncomeRatio": -0.3102692126,
        "totalOtherIncomeExpensesNet": -3300000,
        "incomeBeforeTax": -21694000,
        "incomeBeforeTaxRatio": -0.3659334728,
        "incomeTaxExpense": 454000,
        "netIncome": -22148000,
        "netIncomeRatio": -0.3735915255,
        "eps": -0.27,
        "epsdiluted": -0.27,
        "weightedAverageShsOut": 81933000,
        "weightedAverageShsOutDil": 81933000,
        "link": "https://www.sec.gov/Archives/edgar/data/1568100/000156810021000011/0001568100-21-000011-index.htm",
        "finalLink": "https://www.sec.gov/Archives/edgar/data/1568100/000156810021000011/pd-20210131.htm"
    },
    {
        "date": "2020-10-31",
        "symbol": "PD",
        "reportedCurrency": "USD",
        "cik": "0001568100",
        "fillingDate": "2020-12-04",
        "acceptedDate": "2020-12-04 16:08:06",
        "calendarYear": "2021",
        "period": "Q3",
        "revenue": 53772000,
        "costOfRevenue": 7685000,
        "grossProfit": 46087000,
        "grossProfitRatio": 0.8570817526,
        "researchAndDevelopmentExpenses": 16156000,
        "generalAndAdministrativeExpenses": 17746000,
        "sellingAndMarketingExpenses": 34024000,
        "sellingGeneralAndAdministrativeExpenses": 51770000,
        "otherExpenses": -449000,
        "operatingExpenses": 67926000,
        "costAndExpenses": 75611000,
        "interestIncome": 974000,
        "interestExpense": 4133000,
        "depreciationAndAmortization": 1313000,
        "ebitda": -21839000,
        "ebitdaratio": -0.4061407424,
        "operatingIncome": -21839000,
        "operatingIncomeRatio": -0.4061407424,
        "totalOtherIncomeExpensesNet": -3608000,
        "incomeBeforeTax": -25447000,
        "incomeBeforeTaxRatio": -0.4732388604,
        "incomeTaxExpense": -4839000,
        "netIncome": -20608000,
        "netIncomeRatio": -0.383247787,
        "eps": -0.26,
        "epsdiluted": -0.26,
        "weightedAverageShsOut": 79937000,
        "weightedAverageShsOutDil": 79937000,
        "link": "https://www.sec.gov/Archives/edgar/data/1568100/000156810020000058/0001568100-20-000058-index.htm",
        "finalLink": "https://www.sec.gov/Archives/edgar/data/1568100/000156810020000058/pd-20201031.htm"
    },
    {
        "date": "2020-07-31",
        "symbol": "PD",
        "reportedCurrency": "USD",
        "cik": "0001568100",
        "fillingDate": "2020-09-03",
        "acceptedDate": "2020-09-03 16:40:34",
        "calendarYear": "2021",
        "period": "Q2",
        "revenue": 50714000,
        "costOfRevenue": 6637000,
        "grossProfit": 44077000,
        "grossProfitRatio": 0.8691288402,
        "researchAndDevelopmentExpenses": 15535000,
        "generalAndAdministrativeExpenses": 14480000,
        "sellingAndMarketingExpenses": 27511000,
        "sellingGeneralAndAdministrativeExpenses": 41991000,
        "otherExpenses": -431000,
        "operatingExpenses": 57526000,
        "costAndExpenses": 64163000,
        "interestIncome": 1048000,
        "interestExpense": 1608000,
        "depreciationAndAmortization": 1016000,
        "ebitda": -12433000,
        "ebitdaratio": -0.2451591277,
        "operatingIncome": -13449000,
        "operatingIncomeRatio": -0.2651930433,
        "totalOtherIncomeExpensesNet": -991000,
        "incomeBeforeTax": -14440000,
        "incomeBeforeTaxRatio": -0.2847339985,
        "incomeTaxExpense": 248000,
        "netIncome": -14688000,
        "netIncomeRatio": -0.2896241669,
        "eps": -0.19,
        "epsdiluted": -0.19,
        "weightedAverageShsOut": 78775000,
        "weightedAverageShsOutDil": 78775000,
        "link": "https://www.sec.gov/Archives/edgar/data/1568100/000156810020000041/0001568100-20-000041-index.htm",
        "finalLink": "https://www.sec.gov/Archives/edgar/data/1568100/000156810020000041/pd-20200731.htm"
    },
    {
        "date": "2020-04-30",
        "symbol": "PD",
        "reportedCurrency": "USD",
        "cik": "0001568100",
        "fillingDate": "2020-06-05",
        "acceptedDate": "2020-06-05 16:15:44",
        "calendarYear": "2021",
        "period": "Q1",
        "revenue": 49786000,
        "costOfRevenue": 6963000,
        "grossProfit": 42823000,
        "grossProfitRatio": 0.8601414052,
        "researchAndDevelopmentExpenses": 15014000,
        "generalAndAdministrativeExpenses": 13673000,
        "sellingAndMarketingExpenses": 26736000,
        "sellingGeneralAndAdministrativeExpenses": 40409000,
        "otherExpenses": 19000,
        "operatingExpenses": 55423000,
        "costAndExpenses": 62386000,
        "interestIncome": 1353000,
        "interestExpense": 0,
        "depreciationAndAmortization": 1023000,
        "ebitda": -11577000,
        "ebitdaratio": -0.2325352509,
        "operatingIncome": -12600000,
        "operatingIncomeRatio": -0.2530831961,
        "totalOtherIncomeExpensesNet": 1372000,
        "incomeBeforeTax": -11228000,
        "incomeBeforeTaxRatio": -0.2255252481,
        "incomeTaxExpense": 231000,
        "netIncome": -11459000,
        "netIncomeRatio": -0.2301651067,
        "eps": -0.15,
        "epsdiluted": -0.15,
        "weightedAverageShsOut": 77770000,
        "weightedAverageShsOutDil": 77770000,
        "link": "https://www.sec.gov/Archives/edgar/data/1568100/000156810020000028/0001568100-20-000028-index.htm",
        "finalLink": "https://www.sec.gov/Archives/edgar/data/1568100/000156810020000028/pagerdutyq1fy2021-10q.htm"
    },
    {
        "date": "2020-01-31",
        "symbol": "PD",
        "reportedCurrency": "USD",
        "cik": "0001568100",
        "fillingDate": "2020-03-19",
        "acceptedDate": "2020-03-19 16:12:46",
        "calendarYear": "2020",
        "period": "Q4",
        "revenue": 45926000,
        "costOfRevenue": 6353000,
        "grossProfit": 39573000,
        "grossProfitRatio": 0.8616687715,
        "researchAndDevelopmentExpenses": 13851000,
        "generalAndAdministrativeExpenses": 12506000,
        "sellingAndMarketingExpenses": 24972000,
        "sellingGeneralAndAdministrativeExpenses": 37478000,
        "otherExpenses": -143000,
        "operatingExpenses": 51329000,
        "costAndExpenses": 57682000,
        "interestIncome": 1409000,
        "interestExpense": 0,
        "depreciationAndAmortization": 662000,
        "ebitda": -11094000,
        "ebitdaratio": -0.2415625136,
        "operatingIncome": -11756000,
        "operatingIncomeRatio": -0.2559770065,
        "totalOtherIncomeExpensesNet": 1266000,
        "incomeBeforeTax": -10490000,
        "incomeBeforeTaxRatio": -0.2284109219,
        "incomeTaxExpense": -50000,
        "netIncome": -10440000,
        "netIncomeRatio": -0.227322214,
        "eps": -0.14,
        "epsdiluted": -0.14,
        "weightedAverageShsOut": 77165000,
        "weightedAverageShsOutDil": 77165000,
        "link": "https://www.sec.gov/Archives/edgar/data/1568100/000156810020000013/0001568100-20-000013-index.htm",
        "finalLink": "https://www.sec.gov/Archives/edgar/data/1568100/000156810020000013/pagerdutyq42020-10k.htm"
    },
    {
        "date": "2019-10-31",
        "symbol": "PD",
        "reportedCurrency": "USD",
        "cik": "0001568100",
        "fillingDate": "2019-12-06",
        "acceptedDate": "2019-12-06 16:53:36",
        "calendarYear": "2020",
        "period": "Q3",
        "revenue": 42750000,
        "costOfRevenue": 6634000,
        "grossProfit": 36116000,
        "grossProfitRatio": 0.8448187135,
        "researchAndDevelopmentExpenses": 12619000,
        "generalAndAdministrativeExpenses": 12765000,
        "sellingAndMarketingExpenses": 27425000,
        "sellingGeneralAndAdministrativeExpenses": 40190000,
        "otherExpenses": 245000,
        "operatingExpenses": 52809000,
        "costAndExpenses": 59443000,
        "interestIncome": 1427000,
        "interestExpense": 0,
        "depreciationAndAmortization": 629000,
        "ebitda": -14392000,
        "ebitdaratio": -0.3366549708,
        "operatingIncome": -16693000,
        "operatingIncomeRatio": -0.3904795322,
        "totalOtherIncomeExpensesNet": 1672000,
        "incomeBeforeTax": -15021000,
        "incomeBeforeTaxRatio": -0.3513684211,
        "incomeTaxExpense": 244000,
        "netIncome": -15265000,
        "netIncomeRatio": -0.3570760234,
        "eps": -0.2,
        "epsdiluted": -0.2,
        "weightedAverageShsOut": 75992000,
        "weightedAverageShsOutDil": 75992000,
        "link": "https://www.sec.gov/Archives/edgar/data/1568100/000156810019000020/0001568100-19-000020-index.htm",
        "finalLink": "https://www.sec.gov/Archives/edgar/data/1568100/000156810019000020/pagerdutyq32019-10q.htm"
    },
    {
        "date": "2019-07-31",
        "symbol": "PD",
        "reportedCurrency": "USD",
        "cik": "0001568100",
        "fillingDate": "2019-09-06",
        "acceptedDate": "2019-09-06 17:25:47",
        "calendarYear": "2020",
        "period": "Q2",
        "revenue": 40361000,
        "costOfRevenue": 6106000,
        "grossProfit": 34255000,
        "grossProfitRatio": 0.848715344,
        "researchAndDevelopmentExpenses": 11635000,
        "generalAndAdministrativeExpenses": 13215000,
        "sellingAndMarketingExpenses": 23786000,
        "sellingGeneralAndAdministrativeExpenses": 37001000,
        "otherExpenses": 80000,
        "operatingExpenses": 48636000,
        "costAndExpenses": 54742000,
        "interestIncome": 1967000,
        "interestExpense": 0,
        "depreciationAndAmortization": 576000,
        "ebitda": -11758000,
        "ebitdaratio": -0.2913208295,
        "operatingIncome": -14381000,
        "operatingIncomeRatio": -0.3563093085,
        "totalOtherIncomeExpensesNet": 2047000,
        "incomeBeforeTax": -12334000,
        "incomeBeforeTaxRatio": -0.3055920319,
        "incomeTaxExpense": 236000,
        "netIncome": -12570000,
        "netIncomeRatio": -0.3114392607,
        "eps": -0.17,
        "epsdiluted": -0.17,
        "weightedAverageShsOut": 75433000,
        "weightedAverageShsOutDil": 75433000,
        "link": "https://www.sec.gov/Archives/edgar/data/1568100/000156810019000014/0001568100-19-000014-index.htm",
        "finalLink": "https://www.sec.gov/Archives/edgar/data/1568100/000156810019000014/pagerdutyq22019-10q.htm"
    },
    {
        "date": "2019-04-30",
        "symbol": "PD",
        "reportedCurrency": "USD",
        "cik": "0001568100",
        "fillingDate": "2019-06-07",
        "acceptedDate": "2019-06-07 16:11:54",
        "calendarYear": "2020",
        "period": "Q1",
        "revenue": 37314000,
        "costOfRevenue": 5486000,
        "grossProfit": 31828000,
        "grossProfitRatio": 0.8529774347,
        "researchAndDevelopmentExpenses": 10906000,
        "generalAndAdministrativeExpenses": 12484000,
        "sellingAndMarketingExpenses": 21167000,
        "sellingGeneralAndAdministrativeExpenses": 33651000,
        "otherExpenses": 21000,
        "operatingExpenses": 44557000,
        "costAndExpenses": 50043000,
        "interestIncome": 889000,
        "interestExpense": 0,
        "depreciationAndAmortization": 470000,
        "ebitda": -12259000,
        "ebitdaratio": -0.3285362062,
        "operatingIncome": -12729000,
        "operatingIncomeRatio": -0.3411320148,
        "totalOtherIncomeExpensesNet": 910000,
        "incomeBeforeTax": -11819000,
        "incomeBeforeTaxRatio": -0.3167443855,
        "incomeTaxExpense": 245000,
        "netIncome": -12064000,
        "netIncomeRatio": -0.3233102857,
        "eps": -0.37,
        "epsdiluted": -0.37,
        "weightedAverageShsOut": 32510000,
        "weightedAverageShsOutDil": 32510000,
        "link": "https://www.sec.gov/Archives/edgar/data/1568100/000156810019000008/0001568100-19-000008-index.htm",
        "finalLink": "https://www.sec.gov/Archives/edgar/data/1568100/000156810019000008/pagerdutyq-12019x10q.htm"
    },
    {
        "date": "2019-01-31",
        "symbol": "PD",
        "reportedCurrency": "USD",
        "cik": "0001568100",
        "fillingDate": "2019-01-31",
        "acceptedDate": "2019-01-30 19:00:00",
        "calendarYear": "2019",
        "period": "Q4",
        "revenue": 33830000,
        "costOfRevenue": 4859000,
        "grossProfit": 28971000,
        "grossProfitRatio": 0.8563700857,
        "researchAndDevelopmentExpenses": 8757000,
        "generalAndAdministrativeExpenses": 9919000,
        "sellingAndMarketingExpenses": 16709000,
        "sellingGeneralAndAdministrativeExpenses": 26628000,
        "otherExpenses": -55000,
        "operatingExpenses": 35385000,
        "costAndExpenses": 40244000,
        "interestIncome": 653000,
        "interestExpense": 0,
        "depreciationAndAmortization": 438000,
        "ebitda": -3938000,
        "ebitdaratio": -0.1164055572,
        "operatingIncome": -6414000,
        "operatingIncomeRatio": -0.189595034,
        "totalOtherIncomeExpensesNet": 598000,
        "incomeBeforeTax": -5816000,
        "incomeBeforeTaxRatio": -0.1719184156,
        "incomeTaxExpense": 391000,
        "netIncome": -6207000,
        "netIncomeRatio": -0.1834762046,
        "eps": -0.1,
        "epsdiluted": -0.1,
        "weightedAverageShsOut": 60121000,
        "weightedAverageShsOutDil": 60121000,
        "link": "",
        "finalLink": ""
    },
    {
        "date": "2018-10-31",
        "symbol": "PD",
        "reportedCurrency": "USD",
        "cik": "0001568100",
        "fillingDate": "2018-10-31",
        "acceptedDate": "2018-10-31 00:00:00",
        "calendarYear": "2019",
        "period": "Q3",
        "revenue": 31229000,
        "costOfRevenue": 4599000,
        "grossProfit": 26630000,
        "grossProfitRatio": 0.8527330366,
        "researchAndDevelopmentExpenses": 14578000,
        "generalAndAdministrativeExpenses": 9264000,
        "sellingAndMarketingExpenses": 18738000,
        "sellingGeneralAndAdministrativeExpenses": 28002000,
        "otherExpenses": 372000,
        "operatingExpenses": 42580000,
        "costAndExpenses": 47179000,
        "interestIncome": 318000,
        "interestExpense": 0,
        "depreciationAndAmortization": 459000,
        "ebitda": -15260000,
        "ebitdaratio": -0.4886483717,
        "operatingIncome": -15950000,
        "operatingIncomeRatio": -0.5107432194,
        "totalOtherIncomeExpensesNet": 690000,
        "incomeBeforeTax": -15260000,
        "incomeBeforeTaxRatio": -0.4886483717,
        "incomeTaxExpense": 115000,
        "netIncome": -15375000,
        "netIncomeRatio": -0.4923308463,
        "eps": -0.26,
        "epsdiluted": -0.26,
        "weightedAverageShsOut": 60121000,
        "weightedAverageShsOutDil": 60121000,
        "link": "",
        "finalLink": ""
    },
    {
        "date": "2018-07-31",
        "symbol": "PD",
        "reportedCurrency": "USD",
        "cik": "0001568100",
        "fillingDate": "2018-07-31",
        "acceptedDate": "2018-07-30 20:00:00",
        "calendarYear": "2019",
        "period": "Q2",
        "revenue": 27744000,
        "costOfRevenue": 3912000,
        "grossProfit": 23832000,
        "grossProfitRatio": 0.8589965398,
        "researchAndDevelopmentExpenses": 7804000,
        "generalAndAdministrativeExpenses": 13672000,
        "sellingAndMarketingExpenses": 15319000,
        "sellingGeneralAndAdministrativeExpenses": 28991000,
        "otherExpenses": 326000,
        "operatingExpenses": 36795000,
        "costAndExpenses": 40707000,
        "interestIncome": 148000,
        "interestExpense": 0,
        "depreciationAndAmortization": 412000,
        "ebitda": -12551000,
        "ebitdaratio": -0.4523861015,
        "operatingIncome": -12963000,
        "operatingIncomeRatio": -0.4672361592,
        "totalOtherIncomeExpensesNet": 474000,
        "incomeBeforeTax": -12489000,
        "incomeBeforeTaxRatio": -0.4501513841,
        "incomeTaxExpense": 91000,
        "netIncome": -12580000,
        "netIncomeRatio": -0.4534313725,
        "eps": -0.21,
        "epsdiluted": -0.21,
        "weightedAverageShsOut": 60121000,
        "weightedAverageShsOutDil": 60121000,
        "link": "",
        "finalLink": ""
    },
    {
        "date": "2018-04-30",
        "symbol": "PD",
        "reportedCurrency": "USD",
        "cik": "0001568100",
        "fillingDate": "2018-04-30",
        "acceptedDate": "2018-04-30 00:00:00",
        "calendarYear": "2019",
        "period": "Q1",
        "revenue": 25020000,
        "costOfRevenue": 3885000,
        "grossProfit": 21135000,
        "grossProfitRatio": 0.8447242206,
        "researchAndDevelopmentExpenses": 7719000,
        "generalAndAdministrativeExpenses": 7116000,
        "sellingAndMarketingExpenses": 13294000,
        "sellingGeneralAndAdministrativeExpenses": 20410000,
        "otherExpenses": 0,
        "operatingExpenses": 28129000,
        "costAndExpenses": 32014000,
        "interestIncome": 130000,
        "interestExpense": 0,
        "depreciationAndAmortization": 383000,
        "ebitda": -6611000,
        "ebitdaratio": -0.2642286171,
        "operatingIncome": -6994000,
        "operatingIncomeRatio": -0.2795363709,
        "totalOtherIncomeExpensesNet": 519000,
        "incomeBeforeTax": -6475000,
        "incomeBeforeTaxRatio": -0.2587929656,
        "incomeTaxExpense": 104000,
        "netIncome": -6579000,
        "netIncomeRatio": -0.2629496403,
        "eps": -0.11,
        "epsdiluted": -0.11,
        "weightedAverageShsOut": 60121000,
        "weightedAverageShsOutDil": 60121000,
        "link": "",
        "finalLink": ""
    },
    {
        "date": "2018-01-31",
        "symbol": "PD",
        "reportedCurrency": "USD",
        "cik": "0001568100",
        "fillingDate": "2018-01-31",
        "acceptedDate": "2018-01-30 19:00:00",
        "calendarYear": "2018",
        "period": "Q4",
        "revenue": 23023000,
        "costOfRevenue": 3965000,
        "grossProfit": 19058000,
        "grossProfitRatio": 0.8277809147,
        "researchAndDevelopmentExpenses": 6657000,
        "generalAndAdministrativeExpenses": 7562000,
        "sellingAndMarketingExpenses": 13515000,
        "sellingGeneralAndAdministrativeExpenses": 21077000,
        "otherExpenses": 0,
        "operatingExpenses": 27370000,
        "costAndExpenses": 31335000,
        "interestIncome": 109000,
        "interestExpense": 0,
        "depreciationAndAmortization": 374000,
        "ebitda": -8302000,
        "ebitdaratio": -0.3605959258,
        "operatingIncome": -8676000,
        "operatingIncomeRatio": -0.3768405508,
        "totalOtherIncomeExpensesNet": 473000,
        "incomeBeforeTax": -8203000,
        "incomeBeforeTaxRatio": -0.356295878,
        "incomeTaxExpense": 132000,
        "netIncome": -8335000,
        "netIncomeRatio": -0.3620292751,
        "eps": -0.14,
        "epsdiluted": -0.14,
        "weightedAverageShsOut": 60121000,
        "weightedAverageShsOutDil": 60121000,
        "link": null,
        "finalLink": null
    }
]