[
    {
        "date": "2025-06-30",
        "symbol": "PDI",
        "reportedCurrency": "USD",
        "cik": "0001510599",
        "fillingDate": "2025-06-30",
        "acceptedDate": "2025-06-29 20:00:00",
        "calendarYear": "2024",
        "period": "Q4",
        "revenue": 359620000,
        "costOfRevenue": 50966000,
        "grossProfit": 0,
        "grossProfitRatio": 0,
        "researchAndDevelopmentExpenses": 0,
        "generalAndAdministrativeExpenses": 0,
        "sellingAndMarketingExpenses": 0,
        "sellingGeneralAndAdministrativeExpenses": 0,
        "otherExpenses": 0,
        "operatingExpenses": 0,
        "costAndExpenses": -87873000,
        "interestIncome": 0,
        "interestExpense": 0,
        "depreciationAndAmortization": 0,
        "ebitda": 447493000,
        "ebitdaratio": 1.2443495912,
        "operatingIncome": 447493000,
        "operatingIncomeRatio": 1.2443495912,
        "totalOtherIncomeExpensesNet": -99889000,
        "incomeBeforeTax": 347604000,
        "incomeBeforeTaxRatio": 0.9665869529,
        "incomeTaxExpense": 0,
        "netIncome": 347604000,
        "netIncomeRatio": 0.9665869529,
        "eps": 0.95,
        "epsdiluted": 0.95,
        "weightedAverageShsOut": 365898947,
        "weightedAverageShsOutDil": 365898947,
        "link": null,
        "finalLink": null
    },
    {
        "date": "2024-12-31",
        "symbol": "PDI",
        "reportedCurrency": "USD",
        "cik": "0001510599",
        "fillingDate": "2024-12-31",
        "acceptedDate": "2024-12-30 19:00:00",
        "calendarYear": "2024",
        "period": "Q2",
        "revenue": 660163000,
        "costOfRevenue": 49662000,
        "grossProfit": 610501000,
        "grossProfitRatio": 0.9247731242,
        "researchAndDevelopmentExpenses": 0,
        "generalAndAdministrativeExpenses": 0,
        "sellingAndMarketingExpenses": 0,
        "sellingGeneralAndAdministrativeExpenses": 66371000,
        "otherExpenses": 0,
        "operatingExpenses": 66371000,
        "costAndExpenses": 116033000,
        "interestIncome": 0,
        "interestExpense": 0,
        "depreciationAndAmortization": 0,
        "ebitda": 544130000,
        "ebitdaratio": 0.8242358327,
        "operatingIncome": 544130000,
        "operatingIncomeRatio": 0.8242358327,
        "totalOtherIncomeExpensesNet": -85622000,
        "incomeBeforeTax": 458508000,
        "incomeBeforeTaxRatio": 0.6945375612,
        "incomeTaxExpense": 0,
        "netIncome": 458508000,
        "netIncomeRatio": 0.6945375612,
        "eps": 1.4,
        "epsdiluted": 1.4,
        "weightedAverageShsOut": 327505714,
        "weightedAverageShsOutDil": 327505714,
        "link": null,
        "finalLink": null
    },
    {
        "date": "2024-06-30",
        "symbol": "PDI",
        "reportedCurrency": "USD",
        "cik": "0001510599",
        "fillingDate": "2024-06-30",
        "acceptedDate": "2024-06-28 20:00:00",
        "calendarYear": "2023",
        "period": "Q4",
        "revenue": 390859000,
        "costOfRevenue": 45558000,
        "grossProfit": 345301000,
        "grossProfitRatio": 0.8834413433,
        "researchAndDevelopmentExpenses": 0,
        "generalAndAdministrativeExpenses": 0,
        "sellingAndMarketingExpenses": 0,
        "sellingGeneralAndAdministrativeExpenses": 0,
        "otherExpenses": 0,
        "operatingExpenses": 0,
        "costAndExpenses": -61478000,
        "interestIncome": 329381000,
        "interestExpense": 0,
        "depreciationAndAmortization": 236666000,
        "ebitda": 329381000,
        "ebitdaratio": 0.8427105427,
        "operatingIncome": 329381000,
        "operatingIncomeRatio": 0.8427105427,
        "totalOtherIncomeExpensesNet": -92715000,
        "incomeBeforeTax": 236666000,
        "incomeBeforeTaxRatio": 0.6055022399,
        "incomeTaxExpense": 0,
        "netIncome": 236666000,
        "netIncomeRatio": 0.6055022399,
        "eps": 0.81,
        "epsdiluted": 0.81,
        "weightedAverageShsOut": 292180246,
        "weightedAverageShsOutDil": 292180246,
        "link": null,
        "finalLink": null
    },
    {
        "date": "2023-12-31",
        "symbol": "PDI",
        "reportedCurrency": "USD",
        "cik": "0001510599",
        "fillingDate": "2023-12-31",
        "acceptedDate": "2023-12-29 19:00:00",
        "calendarYear": "2023",
        "period": "Q2",
        "revenue": 100873000,
        "costOfRevenue": 44053000,
        "grossProfit": 56820000,
        "grossProfitRatio": 0.5632825434,
        "researchAndDevelopmentExpenses": 0,
        "generalAndAdministrativeExpenses": 0,
        "sellingAndMarketingExpenses": 0,
        "sellingGeneralAndAdministrativeExpenses": 0,
        "otherExpenses": 0,
        "operatingExpenses": -376444000,
        "costAndExpenses": 433264000,
        "interestIncome": 0,
        "interestExpense": 106593000,
        "depreciationAndAmortization": 326804000,
        "ebitda": 433264000,
        "ebitdaratio": 4.2951433981,
        "operatingIncome": 326804000,
        "operatingIncomeRatio": 3.2397569221,
        "totalOtherIncomeExpensesNet": -106460000,
        "incomeBeforeTax": 0,
        "incomeBeforeTaxRatio": 0,
        "incomeTaxExpense": 0,
        "netIncome": 284177391,
        "netIncomeRatio": 2.8171799292,
        "eps": 284177391,
        "epsdiluted": -106460000,
        "weightedAverageShsOut": 284177391,
        "weightedAverageShsOutDil": 284177391,
        "link": null,
        "finalLink": null
    },
    {
        "date": "2023-06-30",
        "symbol": "PDI",
        "reportedCurrency": "USD",
        "cik": "0001510599",
        "fillingDate": "2023-06-30",
        "acceptedDate": "2023-06-30 00:00:00",
        "calendarYear": "2022",
        "period": "Q4",
        "revenue": 123391000,
        "costOfRevenue": 41769000,
        "grossProfit": 81622000,
        "grossProfitRatio": 0.6614907084,
        "researchAndDevelopmentExpenses": 0,
        "generalAndAdministrativeExpenses": 0,
        "sellingAndMarketingExpenses": 0,
        "sellingGeneralAndAdministrativeExpenses": 0,
        "otherExpenses": 0,
        "operatingExpenses": -186149000,
        "costAndExpenses": 267771000,
        "interestIncome": 0,
        "interestExpense": 86190000,
        "depreciationAndAmortization": 192111000,
        "ebitda": 267771000,
        "ebitdaratio": 2.1701015471,
        "operatingIncome": 192111000,
        "operatingIncomeRatio": 1.5569287874,
        "totalOtherIncomeExpensesNet": -75660000,
        "incomeBeforeTax": 0,
        "incomeBeforeTaxRatio": 0,
        "incomeTaxExpense": 0,
        "netIncome": 265130000,
        "netIncomeRatio": 2.1486980412,
        "eps": 265130000,
        "epsdiluted": -75660000,
        "weightedAverageShsOut": 265130000,
        "weightedAverageShsOutDil": 265130000,
        "link": null,
        "finalLink": null
    },
    {
        "date": "2022-12-31",
        "symbol": "PDI",
        "reportedCurrency": "USD",
        "cik": "0001510599",
        "fillingDate": "2023-06-30",
        "acceptedDate": "2023-06-30 00:00:00",
        "calendarYear": "2022",
        "period": "Q2",
        "revenue": 446458000,
        "costOfRevenue": 44555000,
        "grossProfit": 401903000,
        "grossProfitRatio": 0.9002033786,
        "researchAndDevelopmentExpenses": 0,
        "generalAndAdministrativeExpenses": 0,
        "sellingAndMarketingExpenses": 0,
        "sellingGeneralAndAdministrativeExpenses": 0,
        "otherExpenses": 0,
        "operatingExpenses": 332467000,
        "costAndExpenses": 69436000,
        "interestIncome": 0,
        "interestExpense": 57813000,
        "depreciationAndAmortization": -27705000,
        "ebitda": 69436000,
        "ebitdaratio": 0.1555263877,
        "operatingIncome": -27705000,
        "operatingIncomeRatio": -0.0620551093,
        "totalOtherIncomeExpensesNet": -97141000,
        "incomeBeforeTax": 0,
        "incomeBeforeTaxRatio": 0,
        "incomeTaxExpense": 0,
        "netIncome": 243090000,
        "netIncomeRatio": 0.5444857075,
        "eps": 243090000,
        "epsdiluted": -97141000,
        "weightedAverageShsOut": 243090000,
        "weightedAverageShsOutDil": 243090000,
        "link": null,
        "finalLink": null
    },
    {
        "date": "2022-06-30",
        "symbol": "PDI",
        "reportedCurrency": "USD",
        "cik": "0001510599",
        "fillingDate": "2022-12-31",
        "acceptedDate": "2022-12-31 00:00:00",
        "calendarYear": "2021",
        "period": "Q4",
        "revenue": 551379000,
        "costOfRevenue": 49741000,
        "grossProfit": 501638000,
        "grossProfitRatio": 0.9097880043,
        "researchAndDevelopmentExpenses": 0,
        "generalAndAdministrativeExpenses": 0,
        "sellingAndMarketingExpenses": 0,
        "sellingGeneralAndAdministrativeExpenses": 0,
        "otherExpenses": -1270265000,
        "operatingExpenses": 1270265000,
        "costAndExpenses": 1320006000,
        "interestIncome": 0,
        "interestExpense": 18174000,
        "depreciationAndAmortization": 71391,
        "ebitda": -768627000,
        "ebitdaratio": -1.3940084769,
        "operatingIncome": -768627000,
        "operatingIncomeRatio": -1.3940084769,
        "totalOtherIncomeExpensesNet": -15046000,
        "incomeBeforeTax": -783673000,
        "incomeBeforeTaxRatio": -1.4212964222,
        "incomeTaxExpense": -71391,
        "netIncome": -783673000,
        "netIncomeRatio": -1.4212964222,
        "eps": -3.46,
        "epsdiluted": -3.46,
        "weightedAverageShsOut": 226558000,
        "weightedAverageShsOutDil": 226558000,
        "link": null,
        "finalLink": null
    },
    {
        "date": "2021-12-31",
        "symbol": "PDI",
        "reportedCurrency": "USD",
        "cik": "0001510599",
        "fillingDate": "2021-12-31",
        "acceptedDate": "2021-12-31 00:00:00",
        "calendarYear": "2021",
        "period": "Q2",
        "revenue": 156346000,
        "costOfRevenue": 22155000,
        "grossProfit": 134191000,
        "grossProfitRatio": 0.8582950635,
        "researchAndDevelopmentExpenses": 0,
        "generalAndAdministrativeExpenses": 0,
        "sellingAndMarketingExpenses": 0,
        "sellingGeneralAndAdministrativeExpenses": 0,
        "otherExpenses": -61446000,
        "operatingExpenses": -61446000,
        "costAndExpenses": 83601000,
        "interestIncome": 0,
        "interestExpense": 0,
        "depreciationAndAmortization": 0,
        "ebitda": 72745000,
        "ebitdaratio": 0.4652821307,
        "operatingIncome": 72745000,
        "operatingIncomeRatio": 0.4652821307,
        "totalOtherIncomeExpensesNet": 4309000,
        "incomeBeforeTax": 77054000,
        "incomeBeforeTaxRatio": 0.4928427974,
        "incomeTaxExpense": 0,
        "netIncome": 77054000,
        "netIncomeRatio": 0.4928427974,
        "eps": 0.53,
        "epsdiluted": 0.53,
        "weightedAverageShsOut": 145384905,
        "weightedAverageShsOutDil": 145384905,
        "link": null,
        "finalLink": null
    },
    {
        "date": "2021-06-30",
        "symbol": "PDI",
        "reportedCurrency": "USD",
        "cik": "0001510599",
        "fillingDate": "2021-06-30",
        "acceptedDate": "2021-06-30 00:00:00",
        "calendarYear": "2020",
        "period": "Q4",
        "revenue": 100231000,
        "costOfRevenue": 17301000,
        "grossProfit": 82930000,
        "grossProfitRatio": 0.827388732,
        "researchAndDevelopmentExpenses": 0,
        "generalAndAdministrativeExpenses": 0,
        "sellingAndMarketingExpenses": 0,
        "sellingGeneralAndAdministrativeExpenses": 0,
        "otherExpenses": 27620000,
        "operatingExpenses": 27620000,
        "costAndExpenses": -10319000,
        "interestIncome": 0,
        "interestExpense": 0,
        "depreciationAndAmortization": 0,
        "ebitda": 110550000,
        "ebitdaratio": 1.1029521805,
        "operatingIncome": 110550000,
        "operatingIncomeRatio": 1.1029521805,
        "totalOtherIncomeExpensesNet": 757000,
        "incomeBeforeTax": 111307000,
        "incomeBeforeTaxRatio": 1.1105047341,
        "incomeTaxExpense": 0,
        "netIncome": 111307000,
        "netIncomeRatio": 1.1105047341,
        "eps": 1.58,
        "epsdiluted": 1.58,
        "weightedAverageShsOut": 70598000,
        "weightedAverageShsOutDil": 70598000,
        "link": null,
        "finalLink": null
    },
    {
        "date": "2020-12-31",
        "symbol": "PDI",
        "reportedCurrency": "USD",
        "cik": "0001510599",
        "fillingDate": "2020-12-31",
        "acceptedDate": "2020-12-31 00:00:00",
        "calendarYear": "2020",
        "period": "Q2",
        "revenue": 19335000,
        "costOfRevenue": 15782000,
        "grossProfit": 3553000,
        "grossProfitRatio": 0.1837600207,
        "researchAndDevelopmentExpenses": 0,
        "generalAndAdministrativeExpenses": 0,
        "sellingAndMarketingExpenses": 0,
        "sellingGeneralAndAdministrativeExpenses": 0,
        "otherExpenses": 230557000,
        "operatingExpenses": 230557000,
        "costAndExpenses": -214775000,
        "interestIncome": 0,
        "interestExpense": 0,
        "depreciationAndAmortization": 0,
        "ebitda": 234110000,
        "ebitdaratio": 12.1080941298,
        "operatingIncome": 234110000,
        "operatingIncomeRatio": 12.1080941298,
        "totalOtherIncomeExpensesNet": -12040000,
        "incomeBeforeTax": 222070000,
        "incomeBeforeTaxRatio": 11.4853891906,
        "incomeTaxExpense": 0,
        "netIncome": 222070000,
        "netIncomeRatio": 11.4853891906,
        "eps": 3.46,
        "epsdiluted": 3.46,
        "weightedAverageShsOut": 64182080,
        "weightedAverageShsOutDil": 64182080,
        "link": null,
        "finalLink": null
    },
    {
        "date": "2020-06-30",
        "symbol": "PDI",
        "reportedCurrency": "USD",
        "cik": "0001510599",
        "fillingDate": "2020-06-30",
        "acceptedDate": "2020-06-30 00:00:00",
        "calendarYear": "2019",
        "period": "Q4",
        "revenue": 54865000,
        "costOfRevenue": 13913000,
        "grossProfit": 40952000,
        "grossProfitRatio": 0.7464139251,
        "researchAndDevelopmentExpenses": 0,
        "generalAndAdministrativeExpenses": 0,
        "sellingAndMarketingExpenses": 0,
        "sellingGeneralAndAdministrativeExpenses": 138000,
        "otherExpenses": 0,
        "operatingExpenses": 138000,
        "costAndExpenses": 248340000,
        "interestIncome": 0,
        "interestExpense": 0,
        "depreciationAndAmortization": -542066000,
        "ebitda": -193475000,
        "ebitdaratio": -3.5263829399,
        "operatingIncome": -193475000,
        "operatingIncomeRatio": -3.5263829399,
        "totalOtherIncomeExpensesNet": -5215000,
        "incomeBeforeTax": -198690000,
        "incomeBeforeTaxRatio": -3.62143443,
        "incomeTaxExpense": 0,
        "netIncome": -198690000,
        "netIncomeRatio": -3.62143443,
        "eps": -3.38,
        "epsdiluted": -3.38,
        "weightedAverageShsOut": 58784023,
        "weightedAverageShsOutDil": 58784023,
        "link": null,
        "finalLink": null
    },
    {
        "date": "2019-12-31",
        "symbol": "PDI",
        "reportedCurrency": "USD",
        "cik": "0001510599",
        "fillingDate": "2019-12-31",
        "acceptedDate": "2019-12-31 00:00:00",
        "calendarYear": "2019",
        "period": "Q2",
        "revenue": 100707000,
        "costOfRevenue": 15411000,
        "grossProfit": 85296000,
        "grossProfitRatio": 0.8469719086,
        "researchAndDevelopmentExpenses": 0,
        "generalAndAdministrativeExpenses": 0,
        "sellingAndMarketingExpenses": 0,
        "sellingGeneralAndAdministrativeExpenses": 6000.000000000227,
        "otherExpenses": 0,
        "operatingExpenses": 6000.000000000227,
        "costAndExpenses": 63634000,
        "interestIncome": 0,
        "interestExpense": 0,
        "depreciationAndAmortization": -138996000,
        "ebitda": 51744000,
        "ebitdaratio": 0.5138073818,
        "operatingIncome": 51744000,
        "operatingIncomeRatio": 0.5138073818,
        "totalOtherIncomeExpensesNet": -24141000,
        "incomeBeforeTax": 27603000,
        "incomeBeforeTaxRatio": 0.2740921684,
        "incomeTaxExpense": 0,
        "netIncome": 27603000,
        "netIncomeRatio": 0.2740921684,
        "eps": 0.48,
        "epsdiluted": 0.48,
        "weightedAverageShsOut": 57871000,
        "weightedAverageShsOutDil": 57871000,
        "link": null,
        "finalLink": null
    },
    {
        "date": "2019-06-30",
        "symbol": "PDI",
        "reportedCurrency": "USD",
        "cik": "0001510599",
        "fillingDate": "2019-06-30",
        "acceptedDate": "2019-06-30 00:00:00",
        "calendarYear": "2018",
        "period": "Q4",
        "revenue": 118758000,
        "costOfRevenue": 15007000,
        "grossProfit": 103751000,
        "grossProfitRatio": 0.8736337763,
        "researchAndDevelopmentExpenses": 0,
        "generalAndAdministrativeExpenses": 0,
        "sellingAndMarketingExpenses": 0,
        "sellingGeneralAndAdministrativeExpenses": 6000.000000000227,
        "otherExpenses": 47392000,
        "operatingExpenses": -47392000,
        "costAndExpenses": -15332000,
        "interestIncome": 0,
        "interestExpense": 54303000,
        "depreciationAndAmortization": 108606000,
        "ebitda": 187076000,
        "ebitdaratio": 1.5752707186,
        "operatingIncome": 151143000,
        "operatingIncomeRatio": 1.2726974183,
        "totalOtherIncomeExpensesNet": -18370000,
        "incomeBeforeTax": 132773000,
        "incomeBeforeTaxRatio": 1.1180131023,
        "incomeTaxExpense": 0,
        "netIncome": 132773000,
        "netIncomeRatio": 1.1180131023,
        "eps": 2.34,
        "epsdiluted": 2.34,
        "weightedAverageShsOut": 56676000,
        "weightedAverageShsOutDil": 56676000,
        "link": null,
        "finalLink": null
    },
    {
        "date": "2018-12-31",
        "symbol": "PDI",
        "reportedCurrency": "USD",
        "cik": "0001510599",
        "fillingDate": "2018-12-31",
        "acceptedDate": "2018-12-31 00:00:00",
        "calendarYear": "2018",
        "period": "Q2",
        "revenue": 105784000,
        "costOfRevenue": 30664000,
        "grossProfit": 75120000,
        "grossProfitRatio": 0.7101262951,
        "researchAndDevelopmentExpenses": 0,
        "generalAndAdministrativeExpenses": 0,
        "sellingAndMarketingExpenses": 0,
        "sellingGeneralAndAdministrativeExpenses": 26999,
        "otherExpenses": 0,
        "operatingExpenses": 26999,
        "costAndExpenses": 30691000,
        "interestIncome": 0,
        "interestExpense": 0,
        "depreciationAndAmortization": -152970000,
        "ebitda": -77877000,
        "ebitdaratio": -0.7361888376,
        "operatingIncome": 75093000,
        "operatingIncomeRatio": 0.709871058,
        "totalOtherIncomeExpensesNet": -76485000,
        "incomeBeforeTax": -1392000,
        "incomeBeforeTaxRatio": -0.0131588898,
        "incomeTaxExpense": 0,
        "netIncome": -154362000,
        "netIncomeRatio": -1.4592187854,
        "eps": -2.74,
        "epsdiluted": -2.74,
        "weightedAverageShsOut": 56384000,
        "weightedAverageShsOutDil": 56384000,
        "link": null,
        "finalLink": null
    },
    {
        "date": "2018-06-30",
        "symbol": "PDI",
        "reportedCurrency": "USD",
        "cik": "0001510599",
        "fillingDate": "2018-06-30",
        "acceptedDate": "2018-06-30 00:00:00",
        "calendarYear": "2017",
        "period": "Q4",
        "revenue": 103700000,
        "costOfRevenue": 30222000,
        "grossProfit": 73478000,
        "grossProfitRatio": 0.708563163,
        "researchAndDevelopmentExpenses": 0,
        "generalAndAdministrativeExpenses": 0,
        "sellingAndMarketingExpenses": 0,
        "sellingGeneralAndAdministrativeExpenses": 46999,
        "otherExpenses": 0,
        "operatingExpenses": 46999,
        "costAndExpenses": 30269000,
        "interestIncome": 0,
        "interestExpense": 0,
        "depreciationAndAmortization": -534000,
        "ebitda": 70771000,
        "ebitdaratio": 0.6824590164,
        "operatingIncome": 73431000,
        "operatingIncomeRatio": 0.7081099325,
        "totalOtherIncomeExpensesNet": -267000,
        "incomeBeforeTax": 73164000,
        "incomeBeforeTaxRatio": 0.7055351977,
        "incomeTaxExpense": 534000,
        "netIncome": 72630000,
        "netIncomeRatio": 0.7003857281,
        "eps": 1.24,
        "epsdiluted": 1.24,
        "weightedAverageShsOut": 58508000,
        "weightedAverageShsOutDil": 58508000,
        "link": null,
        "finalLink": null
    },
    {
        "date": "2017-12-31",
        "symbol": "PDI",
        "reportedCurrency": "USD",
        "cik": "0001510599",
        "fillingDate": "2017-12-31",
        "acceptedDate": "2017-12-31 00:00:00",
        "calendarYear": "2017",
        "period": "Q2",
        "revenue": 105585000,
        "costOfRevenue": 29160000,
        "grossProfit": 76425000,
        "grossProfitRatio": 0.7238244069,
        "researchAndDevelopmentExpenses": 0,
        "generalAndAdministrativeExpenses": 0,
        "sellingAndMarketingExpenses": 0,
        "sellingGeneralAndAdministrativeExpenses": 30999,
        "otherExpenses": 0,
        "operatingExpenses": 30999,
        "costAndExpenses": 29191000,
        "interestIncome": 0,
        "interestExpense": 7610000,
        "depreciationAndAmortization": 15220000,
        "ebitda": 91614000,
        "ebitdaratio": 0.8676800682,
        "operatingIncome": 76394000,
        "operatingIncomeRatio": 0.7235308046,
        "totalOtherIncomeExpensesNet": 89000,
        "incomeBeforeTax": 84004000,
        "incomeBeforeTaxRatio": 0.7956054364,
        "incomeTaxExpense": -15220000,
        "netIncome": 99224000,
        "netIncomeRatio": 0.9397547,
        "eps": 1.98,
        "epsdiluted": 1.98,
        "weightedAverageShsOut": 50214000,
        "weightedAverageShsOutDil": 50214000,
        "link": null,
        "finalLink": null
    },
    {
        "date": "2017-06-30",
        "symbol": "PDI",
        "reportedCurrency": "USD",
        "cik": "0001510599",
        "fillingDate": "2017-06-30",
        "acceptedDate": "2017-06-29 20:00:00",
        "calendarYear": "2016",
        "period": "Q4",
        "revenue": 85500000,
        "costOfRevenue": 26300000,
        "grossProfit": 59200000,
        "grossProfitRatio": 0.6923976608,
        "researchAndDevelopmentExpenses": 0,
        "generalAndAdministrativeExpenses": 0,
        "sellingAndMarketingExpenses": 0,
        "sellingGeneralAndAdministrativeExpenses": 100000,
        "otherExpenses": 0,
        "operatingExpenses": 100000,
        "costAndExpenses": 26300000,
        "interestIncome": 0,
        "interestExpense": 116300000,
        "depreciationAndAmortization": 232700000,
        "ebitda": 291900000,
        "ebitdaratio": 3.4140350877,
        "operatingIncome": 59200000,
        "operatingIncomeRatio": 0.6923976608,
        "totalOtherIncomeExpensesNet": 116400000,
        "incomeBeforeTax": 175600000,
        "incomeBeforeTaxRatio": 2.0538011696,
        "incomeTaxExpense": -232700000,
        "netIncome": 408300000,
        "netIncomeRatio": 4.7754385965,
        "eps": 8.09,
        "epsdiluted": 8.09,
        "weightedAverageShsOut": 50500000,
        "weightedAverageShsOutDil": 50500000,
        "link": "",
        "finalLink": ""
    },
    {
        "date": "2016-12-31",
        "symbol": "PDI",
        "reportedCurrency": "USD",
        "cik": "0001510599",
        "fillingDate": "2016-12-31",
        "acceptedDate": "2016-12-30 19:00:00",
        "calendarYear": "2016",
        "period": "Q2",
        "revenue": 87100000,
        "costOfRevenue": 25200000,
        "grossProfit": 61900000,
        "grossProfitRatio": 0.7106773823,
        "researchAndDevelopmentExpenses": 0,
        "generalAndAdministrativeExpenses": 0,
        "sellingAndMarketingExpenses": 0,
        "sellingGeneralAndAdministrativeExpenses": 100000,
        "otherExpenses": 0,
        "operatingExpenses": 100000,
        "costAndExpenses": 25300000,
        "interestIncome": 0,
        "interestExpense": 33600000,
        "depreciationAndAmortization": 67200000,
        "ebitda": 129100000,
        "ebitdaratio": 1.4822043628,
        "operatingIncome": 61900000,
        "operatingIncomeRatio": 0.7106773823,
        "totalOtherIncomeExpensesNet": 33600000,
        "incomeBeforeTax": 95500000,
        "incomeBeforeTaxRatio": 1.0964408726,
        "incomeTaxExpense": -67200000,
        "netIncome": 162700000,
        "netIncomeRatio": 1.867967853,
        "eps": 3.5,
        "epsdiluted": 3.5,
        "weightedAverageShsOut": 46500000,
        "weightedAverageShsOutDil": 46500000,
        "link": "",
        "finalLink": ""
    }
]