[
    {
        "date": "2015-09-26",
        "symbol": "PMCS",
        "reportedCurrency": "USD",
        "cik": "0000767920",
        "fillingDate": "2015-11-03",
        "acceptedDate": "2015-11-03 17:15:52",
        "calendarYear": "2015",
        "period": "Q3",
        "revenue": 133574000,
        "costOfRevenue": 37999000,
        "grossProfit": 95575000,
        "grossProfitRatio": 0.7155209846,
        "researchAndDevelopmentExpenses": 47277000,
        "generalAndAdministrativeExpenses": 28050000,
        "sellingAndMarketingExpenses": 9172000,
        "sellingGeneralAndAdministrativeExpenses": 37222000,
        "otherExpenses": 0,
        "operatingExpenses": 84499000,
        "costAndExpenses": 122498000,
        "interestIncome": 0,
        "interestExpense": 0,
        "depreciationAndAmortization": 15132000,
        "ebitda": 28577000,
        "ebitdaratio": 0.2139413359,
        "operatingIncome": 11076000,
        "operatingIncomeRatio": 0.0829203288,
        "totalOtherIncomeExpensesNet": 2369000,
        "incomeBeforeTax": 13445000,
        "incomeBeforeTaxRatio": 0.1006558163,
        "incomeTaxExpense": 6727000,
        "netIncome": 6718000,
        "netIncomeRatio": 0.0502942189,
        "eps": 34.13,
        "epsdiluted": 34.13,
        "weightedAverageShsOut": 196885,
        "weightedAverageShsOutDil": 200145,
        "link": "https://www.sec.gov/Archives/edgar/data/767920/000076792015000028/0000767920-15-000028-index.htm",
        "finalLink": "https://www.sec.gov/Archives/edgar/data/767920/000076792015000028/pmcs-20150926x10q.htm"
    },
    {
        "date": "2015-06-27",
        "symbol": "PMCS",
        "reportedCurrency": "USD",
        "cik": "0000767920",
        "fillingDate": "2015-08-05",
        "acceptedDate": "2015-08-05 16:37:14",
        "calendarYear": "2015",
        "period": "Q2",
        "revenue": 124767000,
        "costOfRevenue": 38434000,
        "grossProfit": 86333000,
        "grossProfitRatio": 0.6919538019,
        "researchAndDevelopmentExpenses": 55833000,
        "generalAndAdministrativeExpenses": 30488000,
        "sellingAndMarketingExpenses": 9269000,
        "sellingGeneralAndAdministrativeExpenses": 39757000,
        "otherExpenses": 0,
        "operatingExpenses": 95590000,
        "costAndExpenses": 134024000,
        "interestIncome": 0,
        "interestExpense": 0,
        "depreciationAndAmortization": 15167000,
        "ebitda": 8103000,
        "ebitdaratio": 0.0649450576,
        "operatingIncome": -9257000,
        "operatingIncomeRatio": -0.0741942982,
        "totalOtherIncomeExpensesNet": -837000,
        "incomeBeforeTax": -10094000,
        "incomeBeforeTaxRatio": -0.0809028028,
        "incomeTaxExpense": 1515000,
        "netIncome": -8579000,
        "netIncomeRatio": -0.068760169,
        "eps": -43.58,
        "epsdiluted": -43.33,
        "weightedAverageShsOut": 196885,
        "weightedAverageShsOutDil": 200145,
        "link": "https://www.sec.gov/Archives/edgar/data/767920/000076792015000024/0000767920-15-000024-index.htm",
        "finalLink": "https://www.sec.gov/Archives/edgar/data/767920/000076792015000024/pmcs-20150627x10q.htm"
    },
    {
        "date": "2015-03-28",
        "symbol": "PMCS",
        "reportedCurrency": "USD",
        "cik": "0000767920",
        "fillingDate": "2015-05-07",
        "acceptedDate": "2015-05-07 16:35:41",
        "calendarYear": "2015",
        "period": "Q1",
        "revenue": 133071000,
        "costOfRevenue": 39980000,
        "grossProfit": 93091000,
        "grossProfitRatio": 0.6995588821,
        "researchAndDevelopmentExpenses": 48866000,
        "generalAndAdministrativeExpenses": 30051000,
        "sellingAndMarketingExpenses": 9317000,
        "sellingGeneralAndAdministrativeExpenses": 39368000,
        "otherExpenses": 0,
        "operatingExpenses": 88234000,
        "costAndExpenses": 128214000,
        "interestIncome": 0,
        "interestExpense": 0,
        "depreciationAndAmortization": 14993000,
        "ebitda": 22379000,
        "ebitdaratio": 0.1681733811,
        "operatingIncome": 4857000,
        "operatingIncomeRatio": 0.0364993124,
        "totalOtherIncomeExpensesNet": 2529000,
        "incomeBeforeTax": 7386000,
        "incomeBeforeTaxRatio": 0.0555042045,
        "incomeTaxExpense": 2731000,
        "netIncome": 4655000,
        "netIncomeRatio": 0.0349813258,
        "eps": 23.25,
        "epsdiluted": 23.25,
        "weightedAverageShsOut": 196885,
        "weightedAverageShsOutDil": 200145,
        "link": "https://www.sec.gov/Archives/edgar/data/767920/000076792015000011/0000767920-15-000011-index.htm",
        "finalLink": "https://www.sec.gov/Archives/edgar/data/767920/000076792015000011/pmcs-20150328x10q.htm"
    },
    {
        "date": "2014-12-27",
        "symbol": "PMCS",
        "reportedCurrency": "USD",
        "cik": "0000767920",
        "fillingDate": "2015-02-24",
        "acceptedDate": "2015-02-24 16:41:24",
        "calendarYear": "2014",
        "period": "Q4",
        "revenue": 136851000,
        "costOfRevenue": 40702000,
        "grossProfit": 96149000,
        "grossProfitRatio": 0.7025816399,
        "researchAndDevelopmentExpenses": 50942000,
        "generalAndAdministrativeExpenses": 29411000,
        "sellingAndMarketingExpenses": 10994000,
        "sellingGeneralAndAdministrativeExpenses": 40405000,
        "otherExpenses": 0,
        "operatingExpenses": 91347000,
        "costAndExpenses": 132049000,
        "interestIncome": 0,
        "interestExpense": 0,
        "depreciationAndAmortization": 16648000,
        "ebitda": 23985000,
        "ebitdaratio": 0.1752636079,
        "operatingIncome": 4802000,
        "operatingIncomeRatio": 0.0350892577,
        "totalOtherIncomeExpensesNet": 2535000,
        "incomeBeforeTax": 7337000,
        "incomeBeforeTaxRatio": 0.0536130536,
        "incomeTaxExpense": 5007000,
        "netIncome": 2330000,
        "netIncomeRatio": 0.0170258164,
        "eps": 11.83,
        "epsdiluted": 11.64,
        "weightedAverageShsOut": 196885,
        "weightedAverageShsOutDil": 200145,
        "link": "https://www.sec.gov/Archives/edgar/data/767920/000076792015000004/0000767920-15-000004-index.htm",
        "finalLink": "https://www.sec.gov/Archives/edgar/data/767920/000076792015000004/pmcs-20141227x10k.htm"
    },
    {
        "date": "2014-09-27",
        "symbol": "PMCS",
        "reportedCurrency": "USD",
        "cik": "0000767920",
        "fillingDate": "2014-11-05",
        "acceptedDate": "2014-11-05 16:36:17",
        "calendarYear": "2014",
        "period": "Q3",
        "revenue": 135462000,
        "costOfRevenue": 40306000,
        "grossProfit": 95156000,
        "grossProfitRatio": 0.7024553011,
        "researchAndDevelopmentExpenses": 48441000,
        "generalAndAdministrativeExpenses": 29265000,
        "sellingAndMarketingExpenses": 9948000,
        "sellingGeneralAndAdministrativeExpenses": 39213000,
        "otherExpenses": 0,
        "operatingExpenses": 87654000,
        "costAndExpenses": 127960000,
        "interestIncome": 0,
        "interestExpense": 0,
        "depreciationAndAmortization": 15223000,
        "ebitda": 23783000,
        "ebitdaratio": 0.1755695324,
        "operatingIncome": 7502000,
        "operatingIncomeRatio": 0.0553808448,
        "totalOtherIncomeExpensesNet": 1058000,
        "incomeBeforeTax": 8560000,
        "incomeBeforeTaxRatio": 0.0631911532,
        "incomeTaxExpense": 3087000,
        "netIncome": 5473000,
        "netIncomeRatio": 0.0404024745,
        "eps": 27.88,
        "epsdiluted": 27.88,
        "weightedAverageShsOut": 196305,
        "weightedAverageShsOutDil": 196305,
        "link": "https://www.sec.gov/Archives/edgar/data/767920/000076792014000003/0000767920-14-000003-index.htm",
        "finalLink": "https://www.sec.gov/Archives/edgar/data/767920/000076792014000003/pmcs-20140927x10q.htm"
    },
    {
        "date": "2014-06-28",
        "symbol": "PMCS",
        "reportedCurrency": "USD",
        "cik": "0000767920",
        "fillingDate": "2014-08-06",
        "acceptedDate": "2014-08-06 17:25:42",
        "calendarYear": "2014",
        "period": "Q2",
        "revenue": 126822000,
        "costOfRevenue": 36824000,
        "grossProfit": 89998000,
        "grossProfitRatio": 0.7096402832,
        "researchAndDevelopmentExpenses": 49388000,
        "generalAndAdministrativeExpenses": 28991000,
        "sellingAndMarketingExpenses": 9948000,
        "sellingGeneralAndAdministrativeExpenses": 38939000,
        "otherExpenses": 0,
        "operatingExpenses": 88327000,
        "costAndExpenses": 125151000,
        "interestIncome": 0,
        "interestExpense": 0,
        "depreciationAndAmortization": 15252000,
        "ebitda": 16243000,
        "ebitdaratio": 0.1280771475,
        "operatingIncome": 1671000,
        "operatingIncomeRatio": 0.0131759474,
        "totalOtherIncomeExpensesNet": -680000,
        "incomeBeforeTax": 991000,
        "incomeBeforeTaxRatio": 0.0078141017,
        "incomeTaxExpense": 4471000,
        "netIncome": -3480000,
        "netIncomeRatio": -0.0274400341,
        "eps": -17.73,
        "epsdiluted": -17.73,
        "weightedAverageShsOut": 196305,
        "weightedAverageShsOutDil": 196305,
        "link": "https://www.sec.gov/Archives/edgar/data/767920/000156276214000201/0001562762-14-000201-index.htm",
        "finalLink": "https://www.sec.gov/Archives/edgar/data/767920/000156276214000201/pmcs-20140628x10q.htm"
    },
    {
        "date": "2014-03-29",
        "symbol": "PMCS",
        "reportedCurrency": "USD",
        "cik": "0000767920",
        "fillingDate": "2014-05-07",
        "acceptedDate": "2014-05-07 16:07:27",
        "calendarYear": "2014",
        "period": "Q1",
        "revenue": 126468000,
        "costOfRevenue": 37564000,
        "grossProfit": 88904000,
        "grossProfitRatio": 0.702976247,
        "researchAndDevelopmentExpenses": 50148000,
        "generalAndAdministrativeExpenses": 29340000,
        "sellingAndMarketingExpenses": 12329000,
        "sellingGeneralAndAdministrativeExpenses": 41669000,
        "otherExpenses": 0,
        "operatingExpenses": 91817000,
        "costAndExpenses": 129381000,
        "interestIncome": 0,
        "interestExpense": 0,
        "depreciationAndAmortization": 17636000,
        "ebitda": 15242000,
        "ebitdaratio": 0.120520606,
        "operatingIncome": -2913000,
        "operatingIncomeRatio": -0.0230334946,
        "totalOtherIncomeExpensesNet": 519000,
        "incomeBeforeTax": -2394000,
        "incomeBeforeTaxRatio": -0.0189296897,
        "incomeTaxExpense": 1847000,
        "netIncome": -4241000,
        "netIncomeRatio": -0.0335341747,
        "eps": -21.73,
        "epsdiluted": -21.73,
        "weightedAverageShsOut": 195188,
        "weightedAverageShsOutDil": 195188,
        "link": "https://www.sec.gov/Archives/edgar/data/767920/000119312514187434/0001193125-14-187434-index.htm",
        "finalLink": "https://www.sec.gov/Archives/edgar/data/767920/000119312514187434/d722379d10q.htm"
    },
    {
        "date": "2013-12-28",
        "symbol": "PMCS",
        "reportedCurrency": "USD",
        "cik": "0000767920",
        "fillingDate": "2014-02-26",
        "acceptedDate": "2014-02-26 17:16:16",
        "calendarYear": "2013",
        "period": "Q4",
        "revenue": 126105000,
        "costOfRevenue": 36932000,
        "grossProfit": 89173000,
        "grossProfitRatio": 0.7071329448,
        "researchAndDevelopmentExpenses": 54009000,
        "generalAndAdministrativeExpenses": 27768000,
        "sellingAndMarketingExpenses": 13547000,
        "sellingGeneralAndAdministrativeExpenses": 41315000,
        "otherExpenses": 0,
        "operatingExpenses": 95324000,
        "costAndExpenses": 132256000,
        "interestIncome": 0,
        "interestExpense": 0,
        "depreciationAndAmortization": 19474000,
        "ebitda": 67334000,
        "ebitdaratio": 0.5339518655,
        "operatingIncome": -6151000,
        "operatingIncomeRatio": -0.048776813,
        "totalOtherIncomeExpensesNet": 2499000,
        "incomeBeforeTax": -3652000,
        "incomeBeforeTaxRatio": -0.0289599937,
        "incomeTaxExpense": 12795000,
        "netIncome": 35065000,
        "netIncomeRatio": 0.2780619325,
        "eps": 171.99,
        "epsdiluted": 171.99,
        "weightedAverageShsOut": 203882,
        "weightedAverageShsOutDil": 203882,
        "link": "https://www.sec.gov/Archives/edgar/data/767920/000119312514070030/0001193125-14-070030-index.htm",
        "finalLink": "https://www.sec.gov/Archives/edgar/data/767920/000119312514070030/d681038d10k.htm"
    },
    {
        "date": "2013-09-28",
        "symbol": "PMCS",
        "reportedCurrency": "USD",
        "cik": "0000767920",
        "fillingDate": "2013-11-12",
        "acceptedDate": "2013-11-12 06:16:29",
        "calendarYear": "2013",
        "period": "Q3",
        "revenue": 128855000,
        "costOfRevenue": 37194000,
        "grossProfit": 91661000,
        "grossProfitRatio": 0.711349967,
        "researchAndDevelopmentExpenses": 47843000,
        "generalAndAdministrativeExpenses": 26383000,
        "sellingAndMarketingExpenses": 13138000,
        "sellingGeneralAndAdministrativeExpenses": 39521000,
        "otherExpenses": 0,
        "operatingExpenses": 87364000,
        "costAndExpenses": 124558000,
        "interestIncome": 0,
        "interestExpense": 0,
        "depreciationAndAmortization": 17788000,
        "ebitda": 22149000,
        "ebitdaratio": 0.1718908851,
        "operatingIncome": 4297000,
        "operatingIncomeRatio": 0.0333475612,
        "totalOtherIncomeExpensesNet": 64000,
        "incomeBeforeTax": 4361000,
        "incomeBeforeTaxRatio": 0.0338442435,
        "incomeTaxExpense": 9191000,
        "netIncome": -4830000,
        "netIncomeRatio": -0.0374839936,
        "eps": -23.65,
        "epsdiluted": -23.65,
        "weightedAverageShsOut": 204269,
        "weightedAverageShsOutDil": 204269,
        "link": "https://www.sec.gov/Archives/edgar/data/767920/000119312513436693/0001193125-13-436693-index.htm",
        "finalLink": "https://www.sec.gov/Archives/edgar/data/767920/000119312513436693/d626713d10q.htm"
    },
    {
        "date": "2013-06-29",
        "symbol": "PMCS",
        "reportedCurrency": "USD",
        "cik": "0000767920",
        "fillingDate": "2013-08-07",
        "acceptedDate": "2013-08-07 16:43:16",
        "calendarYear": "2013",
        "period": "Q2",
        "revenue": 127907000,
        "costOfRevenue": 37827000,
        "grossProfit": 90080000,
        "grossProfitRatio": 0.7042616901,
        "researchAndDevelopmentExpenses": 54571000,
        "generalAndAdministrativeExpenses": 30277000,
        "sellingAndMarketingExpenses": 10776000,
        "sellingGeneralAndAdministrativeExpenses": 41053000,
        "otherExpenses": 0,
        "operatingExpenses": 95624000,
        "costAndExpenses": 133451000,
        "interestIncome": 0,
        "interestExpense": 0,
        "depreciationAndAmortization": 16916000,
        "ebitda": 13945000,
        "ebitdaratio": 0.1090245256,
        "operatingIncome": -5544000,
        "operatingIncomeRatio": -0.0433439921,
        "totalOtherIncomeExpensesNet": 2573000,
        "incomeBeforeTax": -2971000,
        "incomeBeforeTaxRatio": -0.023227814,
        "incomeTaxExpense": 1181000,
        "netIncome": -4152000,
        "netIncomeRatio": -0.032461085,
        "eps": -20.33,
        "epsdiluted": -20.33,
        "weightedAverageShsOut": 204269,
        "weightedAverageShsOutDil": 204269,
        "link": "https://www.sec.gov/Archives/edgar/data/767920/000119312513324365/0001193125-13-324365-index.htm",
        "finalLink": "https://www.sec.gov/Archives/edgar/data/767920/000119312513324365/d577984d10q.htm"
    },
    {
        "date": "2013-03-30",
        "symbol": "PMCS",
        "reportedCurrency": "USD",
        "cik": "0000767920",
        "fillingDate": "2013-05-08",
        "acceptedDate": "2013-05-08 17:15:20",
        "calendarYear": "2013",
        "period": "Q1",
        "revenue": 125161000,
        "costOfRevenue": 37260000,
        "grossProfit": 87901000,
        "grossProfitRatio": 0.7023034332,
        "researchAndDevelopmentExpenses": 54624000,
        "generalAndAdministrativeExpenses": 28342000,
        "sellingAndMarketingExpenses": 10784000,
        "sellingGeneralAndAdministrativeExpenses": 39126000,
        "otherExpenses": 0,
        "operatingExpenses": 93750000,
        "costAndExpenses": 131010000,
        "interestIncome": 0,
        "interestExpense": 0,
        "depreciationAndAmortization": 15674000,
        "ebitda": 11438000,
        "ebitdaratio": 0.0913862945,
        "operatingIncome": -5849000,
        "operatingIncomeRatio": -0.0467318094,
        "totalOtherIncomeExpensesNet": 1613000,
        "incomeBeforeTax": -4236000,
        "incomeBeforeTaxRatio": -0.0338444084,
        "incomeTaxExpense": 2589000,
        "netIncome": -6825000,
        "netIncomeRatio": -0.0545297657,
        "eps": -33.57,
        "epsdiluted": -33.57,
        "weightedAverageShsOut": 203307,
        "weightedAverageShsOutDil": 203307,
        "link": "https://www.sec.gov/Archives/edgar/data/767920/000119312513207816/0001193125-13-207816-index.htm",
        "finalLink": "https://www.sec.gov/Archives/edgar/data/767920/000119312513207816/d533760d10q.htm"
    },
    {
        "date": "2012-12-29",
        "symbol": "PMCS",
        "reportedCurrency": "USD",
        "cik": "0000767920",
        "fillingDate": "2013-02-28",
        "acceptedDate": "2013-02-28 07:38:50",
        "calendarYear": "2012",
        "period": "Q4",
        "revenue": 129418000,
        "costOfRevenue": 36663000,
        "grossProfit": 92755000,
        "grossProfitRatio": 0.7167086495,
        "researchAndDevelopmentExpenses": 49553000,
        "generalAndAdministrativeExpenses": 26432000,
        "sellingAndMarketingExpenses": 10784000,
        "sellingGeneralAndAdministrativeExpenses": 37216000,
        "otherExpenses": 0,
        "operatingExpenses": 86769000,
        "costAndExpenses": 123432000,
        "interestIncome": 0,
        "interestExpense": 0,
        "depreciationAndAmortization": 14554000,
        "ebitda": 23330000,
        "ebitdaratio": 0.1802685871,
        "operatingIncome": 5986000,
        "operatingIncomeRatio": 0.046253226,
        "totalOtherIncomeExpensesNet": 1152000,
        "incomeBeforeTax": 7138000,
        "incomeBeforeTaxRatio": 0.0551546153,
        "incomeTaxExpense": 819000,
        "netIncome": 7957000,
        "netIncomeRatio": 0.0614829467,
        "eps": 36.74,
        "epsdiluted": 36.74,
        "weightedAverageShsOut": 216593,
        "weightedAverageShsOutDil": 216593,
        "link": "https://www.sec.gov/Archives/edgar/data/767920/000119312513081967/0001193125-13-081967-index.htm",
        "finalLink": "https://www.sec.gov/Archives/edgar/data/767920/000119312513081967/d485892d10k.htm"
    },
    {
        "date": "2012-09-30",
        "symbol": "PMCS",
        "reportedCurrency": "USD",
        "cik": "0000767920",
        "fillingDate": "2012-11-08",
        "acceptedDate": "2012-11-08 17:07:19",
        "calendarYear": "2012",
        "period": "Q3",
        "revenue": 131723000,
        "costOfRevenue": 38990000,
        "grossProfit": 92733000,
        "grossProfitRatio": 0.7040000607,
        "researchAndDevelopmentExpenses": 55604000,
        "generalAndAdministrativeExpenses": 27786000,
        "sellingAndMarketingExpenses": 11624000,
        "sellingGeneralAndAdministrativeExpenses": 39410000,
        "otherExpenses": 0,
        "operatingExpenses": 95014000,
        "costAndExpenses": 134004000,
        "interestIncome": 0,
        "interestExpense": 0,
        "depreciationAndAmortization": 15823000,
        "ebitda": -144331000,
        "ebitdaratio": -1.0957160101,
        "operatingIncome": -278363000,
        "operatingIncomeRatio": -2.1132452191,
        "totalOtherIncomeExpensesNet": -3121000,
        "incomeBeforeTax": -281484000,
        "incomeBeforeTaxRatio": -2.1369388793,
        "incomeTaxExpense": 7098000,
        "netIncome": -167252000,
        "netIncomeRatio": -1.269725105,
        "eps": -755.69,
        "epsdiluted": -755.69,
        "weightedAverageShsOut": 221323,
        "weightedAverageShsOutDil": 221323,
        "link": "https://www.sec.gov/Archives/edgar/data/767920/000119312512460748/0001193125-12-460748-index.htm",
        "finalLink": "https://www.sec.gov/Archives/edgar/data/767920/000119312512460748/d433380d10q.htm"
    },
    {
        "date": "2012-07-01",
        "symbol": "PMCS",
        "reportedCurrency": "USD",
        "cik": "0000767920",
        "fillingDate": "2012-08-09",
        "acceptedDate": "2012-08-09 16:02:23",
        "calendarYear": "2012",
        "period": "Q2",
        "revenue": 137762000,
        "costOfRevenue": 41253000,
        "grossProfit": 96509000,
        "grossProfitRatio": 0.7005487725,
        "researchAndDevelopmentExpenses": 56699000,
        "generalAndAdministrativeExpenses": 29290000,
        "sellingAndMarketingExpenses": 11626000,
        "sellingGeneralAndAdministrativeExpenses": 40916000,
        "otherExpenses": 0,
        "operatingExpenses": 97615000,
        "costAndExpenses": 138868000,
        "interestIncome": 0,
        "interestExpense": 0,
        "depreciationAndAmortization": 14600000,
        "ebitda": 67144000,
        "ebitdaratio": 0.487391298,
        "operatingIncome": -1106000,
        "operatingIncomeRatio": -0.0080283387,
        "totalOtherIncomeExpensesNet": 1522000,
        "incomeBeforeTax": 416000,
        "incomeBeforeTaxRatio": 0.0030197006,
        "incomeTaxExpense": 26064000,
        "netIncome": 26480000,
        "netIncomeRatio": 0.1922155602,
        "eps": 116.53,
        "epsdiluted": 116.53,
        "weightedAverageShsOut": 227229,
        "weightedAverageShsOutDil": 227229,
        "link": "https://www.sec.gov/Archives/edgar/data/767920/000119312512347460/0001193125-12-347460-index.htm",
        "finalLink": "https://www.sec.gov/Archives/edgar/data/767920/000119312512347460/d392341d10q.htm"
    },
    {
        "date": "2012-04-01",
        "symbol": "PMCS",
        "reportedCurrency": "USD",
        "cik": "0000767920",
        "fillingDate": "2012-05-10",
        "acceptedDate": "2012-05-09 20:00:00",
        "calendarYear": "2012",
        "period": "Q1",
        "revenue": 132094000,
        "costOfRevenue": 41012000,
        "grossProfit": 91082000,
        "grossProfitRatio": 0.6895241268,
        "researchAndDevelopmentExpenses": 59071000,
        "generalAndAdministrativeExpenses": 28971000,
        "sellingAndMarketingExpenses": 11287000,
        "sellingGeneralAndAdministrativeExpenses": 40258000,
        "otherExpenses": 0,
        "operatingExpenses": 99329000,
        "costAndExpenses": 140341000,
        "interestIncome": 0,
        "interestExpense": 0,
        "depreciationAndAmortization": 14457000,
        "ebitda": 4915000,
        "ebitdaratio": 0.0372083516,
        "operatingIncome": -8247000,
        "operatingIncomeRatio": -0.062432813,
        "totalOtherIncomeExpensesNet": -1295000,
        "incomeBeforeTax": -9542000,
        "incomeBeforeTaxRatio": -0.0722364377,
        "incomeTaxExpense": 86729000,
        "netIncome": -96271000,
        "netIncomeRatio": -0.7288067588,
        "eps": -0.41,
        "epsdiluted": -0.41,
        "weightedAverageShsOut": 232142000,
        "weightedAverageShsOutDil": 232142000,
        "link": "https://www.sec.gov/Archives/edgar/data/767920/000119312512225998/0001193125-12-225998-index.htm",
        "finalLink": "https://www.sec.gov/Archives/edgar/data/767920/000119312512225998/d348923d10q.htm"
    },
    {
        "date": "2011-12-31",
        "symbol": "PMCS",
        "reportedCurrency": "USD",
        "cik": "0000767920",
        "fillingDate": "2012-02-28",
        "acceptedDate": "2012-02-28 17:31:08",
        "calendarYear": "2011",
        "period": "Q4",
        "revenue": 152553000,
        "costOfRevenue": 47166000,
        "grossProfit": 105387000,
        "grossProfitRatio": 0.6908222061,
        "researchAndDevelopmentExpenses": 56517000,
        "generalAndAdministrativeExpenses": 27045000,
        "sellingAndMarketingExpenses": 11099000,
        "sellingGeneralAndAdministrativeExpenses": 38144000,
        "otherExpenses": 0,
        "operatingExpenses": 94661000,
        "costAndExpenses": 141827000,
        "interestIncome": 0,
        "interestExpense": 0,
        "depreciationAndAmortization": 14590000,
        "ebitda": 61847000,
        "ebitdaratio": 0.4054132007,
        "operatingIncome": 10726000,
        "operatingIncomeRatio": 0.0703099906,
        "totalOtherIncomeExpensesNet": -1253000,
        "incomeBeforeTax": 9473000,
        "incomeBeforeTaxRatio": 0.0620964517,
        "incomeTaxExpense": 18892000,
        "netIncome": 28365000,
        "netIncomeRatio": 0.1859353798,
        "eps": 0.12,
        "epsdiluted": 0.12,
        "weightedAverageShsOut": 233210000,
        "weightedAverageShsOutDil": 235184000,
        "link": "https://www.sec.gov/Archives/edgar/data/767920/000119312512085894/0001193125-12-085894-index.htm",
        "finalLink": "https://www.sec.gov/Archives/edgar/data/767920/000119312512085894/d274695d10k.htm"
    },
    {
        "date": "2011-10-02",
        "symbol": "PMCS",
        "reportedCurrency": "USD",
        "cik": "0000767920",
        "fillingDate": "2011-11-10",
        "acceptedDate": "2011-11-10 16:51:12",
        "calendarYear": "2011",
        "period": "Q3",
        "revenue": 173299000,
        "costOfRevenue": 52640000,
        "grossProfit": 120659000,
        "grossProfitRatio": 0.696247526,
        "researchAndDevelopmentExpenses": 59669000,
        "generalAndAdministrativeExpenses": 29981000,
        "sellingAndMarketingExpenses": 11031000,
        "sellingGeneralAndAdministrativeExpenses": 41012000,
        "otherExpenses": 0,
        "operatingExpenses": 100681000,
        "costAndExpenses": 153321000,
        "interestIncome": 0,
        "interestExpense": 0,
        "depreciationAndAmortization": 14897000,
        "ebitda": 67581000,
        "ebitdaratio": 0.3899676282,
        "operatingIncome": 19978000,
        "operatingIncomeRatio": 0.1152805267,
        "totalOtherIncomeExpensesNet": 32706000,
        "incomeBeforeTax": 52684000,
        "incomeBeforeTaxRatio": 0.3040063705,
        "incomeTaxExpense": 5428000,
        "netIncome": 47256000,
        "netIncomeRatio": 0.2726847818,
        "eps": 0.2,
        "epsdiluted": 0.2,
        "weightedAverageShsOut": 233880000,
        "weightedAverageShsOutDil": 236236000,
        "link": "https://www.sec.gov/Archives/edgar/data/767920/000119312511307094/0001193125-11-307094-index.htm",
        "finalLink": "https://www.sec.gov/Archives/edgar/data/767920/000119312511307094/d233169d10q.htm"
    },
    {
        "date": "2011-06-26",
        "symbol": "PMCS",
        "reportedCurrency": "USD",
        "cik": "0000767920",
        "fillingDate": "2011-08-04",
        "acceptedDate": "2011-08-04 17:20:08",
        "calendarYear": "2011",
        "period": "Q2",
        "revenue": 171018000,
        "costOfRevenue": 52663000,
        "grossProfit": 118355000,
        "grossProfitRatio": 0.6920616543,
        "researchAndDevelopmentExpenses": 56421000,
        "generalAndAdministrativeExpenses": 29366000,
        "sellingAndMarketingExpenses": 11031000,
        "sellingGeneralAndAdministrativeExpenses": 40397000,
        "otherExpenses": 0,
        "operatingExpenses": 96818000,
        "costAndExpenses": 149481000,
        "interestIncome": 0,
        "interestExpense": 0,
        "depreciationAndAmortization": 14868000,
        "ebitda": 35328000,
        "ebitdaratio": 0.2065747465,
        "operatingIncome": 21537000,
        "operatingIncomeRatio": 0.1259341122,
        "totalOtherIncomeExpensesNet": -1077000,
        "incomeBeforeTax": 20460000,
        "incomeBeforeTaxRatio": 0.1196365295,
        "incomeTaxExpense": 3725000,
        "netIncome": 16735000,
        "netIncomeRatio": 0.0978551965,
        "eps": 0.0714,
        "epsdiluted": 0.0705,
        "weightedAverageShsOut": 234526000,
        "weightedAverageShsOutDil": 237531000,
        "link": "https://www.sec.gov/Archives/edgar/data/767920/000119312511210596/0001193125-11-210596-index.htm",
        "finalLink": "https://www.sec.gov/Archives/edgar/data/767920/000119312511210596/d10q.htm"
    },
    {
        "date": "2011-03-27",
        "symbol": "PMCS",
        "reportedCurrency": "USD",
        "cik": "0000767920",
        "fillingDate": "2011-05-05",
        "acceptedDate": "2011-05-04 21:44:16",
        "calendarYear": "2011",
        "period": "Q1",
        "revenue": 157434000,
        "costOfRevenue": 59161000,
        "grossProfit": 98273000,
        "grossProfitRatio": 0.6242171323,
        "researchAndDevelopmentExpenses": 54499000,
        "generalAndAdministrativeExpenses": 32209000,
        "sellingAndMarketingExpenses": 11021000,
        "sellingGeneralAndAdministrativeExpenses": 43230000,
        "otherExpenses": 0,
        "operatingExpenses": 97729000,
        "costAndExpenses": 156890000,
        "interestIncome": 0,
        "interestExpense": 0,
        "depreciationAndAmortization": 23669000,
        "ebitda": 33781000,
        "ebitdaratio": 0.2145724558,
        "operatingIncome": 544000,
        "operatingIncomeRatio": 0.0034554162,
        "totalOtherIncomeExpensesNet": -2278000,
        "incomeBeforeTax": -1734000,
        "incomeBeforeTaxRatio": -0.0110141393,
        "incomeTaxExpense": 5923000,
        "netIncome": 4189000,
        "netIncomeRatio": 0.0266079754,
        "eps": 0.0179,
        "epsdiluted": 0.0179,
        "weightedAverageShsOut": 234058000,
        "weightedAverageShsOutDil": 234058000,
        "link": "https://www.sec.gov/Archives/edgar/data/767920/000119312511126778/0001193125-11-126778-index.htm",
        "finalLink": "https://www.sec.gov/Archives/edgar/data/767920/000119312511126778/d10q.htm"
    },
    {
        "date": "2010-12-26",
        "symbol": "PMCS",
        "reportedCurrency": "USD",
        "cik": "0000767920",
        "fillingDate": "2011-02-24",
        "acceptedDate": "2011-02-23 19:00:00",
        "calendarYear": "2010",
        "period": "Q4",
        "revenue": 159252000,
        "costOfRevenue": 51636000,
        "grossProfit": 107616000,
        "grossProfitRatio": 0.6757591741,
        "researchAndDevelopmentExpenses": 51574000,
        "generalAndAdministrativeExpenses": 30969000,
        "sellingAndMarketingExpenses": 7396000,
        "sellingGeneralAndAdministrativeExpenses": 38365000,
        "otherExpenses": 0,
        "operatingExpenses": 89939000,
        "costAndExpenses": 141575000,
        "interestIncome": 0,
        "interestExpense": 0,
        "depreciationAndAmortization": 11529000,
        "ebitda": 35733000,
        "ebitdaratio": 0.2243802276,
        "operatingIncome": 17596000,
        "operatingIncomeRatio": 0.110491548,
        "totalOtherIncomeExpensesNet": 6608000,
        "incomeBeforeTax": 24204000,
        "incomeBeforeTaxRatio": 0.1519855324,
        "incomeTaxExpense": 13290000,
        "netIncome": 10914000,
        "netIncomeRatio": 0.0685328913,
        "eps": 0.0472,
        "epsdiluted": 0.0465,
        "weightedAverageShsOut": 231427000,
        "weightedAverageShsOutDil": 234787000,
        "link": "https://www.sec.gov/Archives/edgar/data/767920/000119312511043856/0001193125-11-043856-index.htm",
        "finalLink": "https://www.sec.gov/Archives/edgar/data/767920/000119312511043856/d10k.htm"
    },
    {
        "date": "2010-09-26",
        "symbol": "PMCS",
        "reportedCurrency": "USD",
        "cik": "0000767920",
        "fillingDate": "2010-11-04",
        "acceptedDate": "2010-11-04 16:02:19",
        "calendarYear": "2010",
        "period": "Q3",
        "revenue": 162335000,
        "costOfRevenue": 53813000,
        "grossProfit": 108522000,
        "grossProfitRatio": 0.6685064835,
        "researchAndDevelopmentExpenses": 50180000,
        "generalAndAdministrativeExpenses": 25567000,
        "sellingAndMarketingExpenses": 5884000,
        "sellingGeneralAndAdministrativeExpenses": 31451000,
        "otherExpenses": 0,
        "operatingExpenses": 81631000,
        "costAndExpenses": 135444000,
        "interestIncome": 0,
        "interestExpense": 0,
        "depreciationAndAmortization": 8878000,
        "ebitda": 35234000,
        "ebitdaratio": 0.2170449995,
        "operatingIncome": 26825000,
        "operatingIncomeRatio": 0.16524471,
        "totalOtherIncomeExpensesNet": -469000,
        "incomeBeforeTax": 26356000,
        "incomeBeforeTaxRatio": 0.1623556226,
        "incomeTaxExpense": 11201000,
        "netIncome": 15155000,
        "netIncomeRatio": 0.093356331,
        "eps": 0.0656,
        "epsdiluted": 0.0647,
        "weightedAverageShsOut": 230922000,
        "weightedAverageShsOutDil": 234290000,
        "link": "https://www.sec.gov/Archives/edgar/data/767920/000119312510248041/0001193125-10-248041-index.htm",
        "finalLink": "https://www.sec.gov/Archives/edgar/data/767920/000119312510248041/d10q.htm"
    },
    {
        "date": "2010-06-27",
        "symbol": "PMCS",
        "reportedCurrency": "USD",
        "cik": "0000767920",
        "fillingDate": "2010-08-05",
        "acceptedDate": "2010-08-05 16:04:59",
        "calendarYear": "2010",
        "period": "Q2",
        "revenue": 263939000,
        "costOfRevenue": 99069000,
        "grossProfit": 164870000,
        "grossProfitRatio": 0.6246519082,
        "researchAndDevelopmentExpenses": 85713000,
        "generalAndAdministrativeExpenses": 24170000,
        "sellingAndMarketingExpenses": 16652000,
        "sellingGeneralAndAdministrativeExpenses": 40822000,
        "otherExpenses": 0,
        "operatingExpenses": 126535000,
        "costAndExpenses": 225604000,
        "interestIncome": 0,
        "interestExpense": -16121000,
        "depreciationAndAmortization": 21324000,
        "ebitda": 60152000,
        "ebitdaratio": 0.2279011438,
        "operatingIncome": 56409000,
        "operatingIncomeRatio": 0.2137198368,
        "totalOtherIncomeExpensesNet": -1460000,
        "incomeBeforeTax": 54949000,
        "incomeBeforeTaxRatio": 0.2081882556,
        "incomeTaxExpense": 3536000,
        "netIncome": 51413000,
        "netIncomeRatio": 0.1947912207,
        "eps": 0.22,
        "epsdiluted": 0.22,
        "weightedAverageShsOut": 230401000,
        "weightedAverageShsOutDil": 234289000,
        "link": "https://www.sec.gov/Archives/edgar/data/767920/000119312510179303/0001193125-10-179303-index.htm",
        "finalLink": "https://www.sec.gov/Archives/edgar/data/767920/000119312510179303/d10q.htm"
    },
    {
        "date": "2010-03-28",
        "symbol": "PMCS",
        "reportedCurrency": "USD",
        "cik": "0000767920",
        "fillingDate": "2010-05-05",
        "acceptedDate": "2010-05-05 16:11:03",
        "calendarYear": "2010",
        "period": "Q1",
        "revenue": 152826000,
        "costOfRevenue": 49005000,
        "grossProfit": 103821000,
        "grossProfitRatio": 0.6793412116,
        "researchAndDevelopmentExpenses": 42067000,
        "generalAndAdministrativeExpenses": 22385000,
        "sellingAndMarketingExpenses": 0,
        "sellingGeneralAndAdministrativeExpenses": 22385000,
        "otherExpenses": 0,
        "operatingExpenses": 64452000,
        "costAndExpenses": 113457000,
        "interestIncome": 0,
        "interestExpense": 121000,
        "depreciationAndAmortization": 14091000,
        "ebitda": 39939000,
        "ebitdaratio": 0.2613364218,
        "operatingIncome": 29277000,
        "operatingIncomeRatio": 0.191570806,
        "totalOtherIncomeExpensesNet": -1030000,
        "incomeBeforeTax": 28247000,
        "incomeBeforeTaxRatio": 0.1848311151,
        "incomeTaxExpense": -1260000,
        "netIncome": 26987000,
        "netIncomeRatio": 0.1765864447,
        "eps": 0.12,
        "epsdiluted": 0.12,
        "weightedAverageShsOut": 229804000,
        "weightedAverageShsOutDil": 229804000,
        "link": "https://www.sec.gov/Archives/edgar/data/767920/000119312510108857/0001193125-10-108857-index.htm",
        "finalLink": "https://www.sec.gov/Archives/edgar/data/767920/000119312510108857/d10q.htm"
    },
    {
        "date": "2009-12-27",
        "symbol": "PMCS",
        "reportedCurrency": "USD",
        "cik": "0000767920",
        "fillingDate": "2010-02-24",
        "acceptedDate": "2010-02-24 17:27:11",
        "calendarYear": "2009",
        "period": "Q4",
        "revenue": 139497000,
        "costOfRevenue": 44583000,
        "grossProfit": 94914000,
        "grossProfitRatio": 0.6804017291,
        "researchAndDevelopmentExpenses": 38350000,
        "generalAndAdministrativeExpenses": 21088000,
        "sellingAndMarketingExpenses": 0,
        "sellingGeneralAndAdministrativeExpenses": 21088000,
        "otherExpenses": 0,
        "operatingExpenses": 59438000,
        "costAndExpenses": 104021000,
        "interestIncome": 0,
        "interestExpense": 0,
        "depreciationAndAmortization": 14140000,
        "ebitda": 21558000,
        "ebitdaratio": 0.1545409579,
        "operatingIncome": 25565000,
        "operatingIncomeRatio": 0.1832655899,
        "totalOtherIncomeExpensesNet": -18147000,
        "incomeBeforeTax": 7418000,
        "incomeBeforeTaxRatio": 0.0531767708,
        "incomeTaxExpense": -7708000,
        "netIncome": 15126000,
        "netIncomeRatio": 0.1084324394,
        "eps": 0.066,
        "epsdiluted": 0.066,
        "weightedAverageShsOut": 229070000,
        "weightedAverageShsOutDil": 229070000,
        "link": "https://www.sec.gov/Archives/edgar/data/767920/000119312510039096/0001193125-10-039096-index.htm",
        "finalLink": "https://www.sec.gov/Archives/edgar/data/767920/000119312510039096/d10k.htm"
    },
    {
        "date": "2009-09-27",
        "symbol": "PMCS",
        "reportedCurrency": "USD",
        "cik": "0000767920",
        "fillingDate": "2009-11-06",
        "acceptedDate": "2009-11-06 16:10:17",
        "calendarYear": "2009",
        "period": "Q3",
        "revenue": 130876000,
        "costOfRevenue": 44432000,
        "grossProfit": 86444000,
        "grossProfitRatio": 0.6605030716,
        "researchAndDevelopmentExpenses": 35823000,
        "generalAndAdministrativeExpenses": 19743000,
        "sellingAndMarketingExpenses": 0,
        "sellingGeneralAndAdministrativeExpenses": 19743000,
        "otherExpenses": 0,
        "operatingExpenses": 55566000,
        "costAndExpenses": 99998000,
        "interestIncome": 0,
        "interestExpense": 487000,
        "depreciationAndAmortization": 14148000,
        "ebitda": 51037000,
        "ebitdaratio": 0.3899645466,
        "operatingIncome": 20867000,
        "operatingIncomeRatio": 0.1594409976,
        "totalOtherIncomeExpensesNet": -1631000,
        "incomeBeforeTax": 19236000,
        "incomeBeforeTaxRatio": 0.1469788196,
        "incomeTaxExpense": 8583000,
        "netIncome": 27819000,
        "netIncomeRatio": 0.2125599804,
        "eps": 0.12,
        "epsdiluted": 0.12,
        "weightedAverageShsOut": 225276000,
        "weightedAverageShsOutDil": 225276000,
        "link": "https://www.sec.gov/Archives/edgar/data/767920/000119312509227529/0001193125-09-227529-index.htm",
        "finalLink": "https://www.sec.gov/Archives/edgar/data/767920/000119312509227529/d10q.htm"
    },
    {
        "date": "2009-06-28",
        "symbol": "PMCS",
        "reportedCurrency": "USD",
        "cik": "0000767920",
        "fillingDate": "2009-08-06",
        "acceptedDate": "2009-08-06 17:09:41",
        "calendarYear": "2009",
        "period": "Q2",
        "revenue": 123194000,
        "costOfRevenue": 39413000,
        "grossProfit": 83781000,
        "grossProfitRatio": 0.6800737049,
        "researchAndDevelopmentExpenses": 36383000,
        "generalAndAdministrativeExpenses": 22222000,
        "sellingAndMarketingExpenses": 0,
        "sellingGeneralAndAdministrativeExpenses": 22222000,
        "otherExpenses": 0,
        "operatingExpenses": 58605000,
        "costAndExpenses": 98018000,
        "interestIncome": 0,
        "interestExpense": 841000,
        "depreciationAndAmortization": 14186000,
        "ebitda": 19446000,
        "ebitdaratio": 0.1578485965,
        "operatingIncome": 15037000,
        "operatingIncomeRatio": 0.1220595159,
        "totalOtherIncomeExpensesNet": -3758000,
        "incomeBeforeTax": 11279000,
        "incomeBeforeTaxRatio": 0.0915547835,
        "incomeTaxExpense": -3430000,
        "netIncome": 7849000,
        "netIncomeRatio": 0.0637125185,
        "eps": 0.035,
        "epsdiluted": 0.035,
        "weightedAverageShsOut": 224353000,
        "weightedAverageShsOutDil": 224353000,
        "link": "https://www.sec.gov/Archives/edgar/data/767920/000119312509167359/0001193125-09-167359-index.htm",
        "finalLink": "https://www.sec.gov/Archives/edgar/data/767920/000119312509167359/d10q.htm"
    },
    {
        "date": "2009-03-29",
        "symbol": "PMCS",
        "reportedCurrency": "USD",
        "cik": "0000767920",
        "fillingDate": "2009-05-07",
        "acceptedDate": "2009-05-07 17:14:31",
        "calendarYear": "2009",
        "period": "Q1",
        "revenue": 102572000,
        "costOfRevenue": 36803000,
        "grossProfit": 65769000,
        "grossProfitRatio": 0.6411983777,
        "researchAndDevelopmentExpenses": 38628000,
        "generalAndAdministrativeExpenses": 21889000,
        "sellingAndMarketingExpenses": 0,
        "sellingGeneralAndAdministrativeExpenses": 21889000,
        "otherExpenses": 0,
        "operatingExpenses": 60517000,
        "costAndExpenses": 97320000,
        "interestIncome": 0,
        "interestExpense": 811000,
        "depreciationAndAmortization": 14103000,
        "ebitda": 9328000,
        "ebitdaratio": 0.0909409975,
        "operatingIncome": -4919000,
        "operatingIncomeRatio": -0.0479565573,
        "totalOtherIncomeExpensesNet": 2671000,
        "incomeBeforeTax": -2248000,
        "incomeBeforeTaxRatio": -0.0219163124,
        "incomeTaxExpense": -1669000,
        "netIncome": -3917000,
        "netIncomeRatio": -0.0381878095,
        "eps": -0.0175,
        "epsdiluted": -0.0175,
        "weightedAverageShsOut": 223844000,
        "weightedAverageShsOutDil": 223844000,
        "link": "https://www.sec.gov/Archives/edgar/data/767920/000119312509103572/0001193125-09-103572-index.htm",
        "finalLink": "https://www.sec.gov/Archives/edgar/data/767920/000119312509103572/d10q.htm"
    },
    {
        "date": "2008-12-28",
        "symbol": "PMCS",
        "reportedCurrency": "USD",
        "cik": "0000767920",
        "fillingDate": "2009-02-26",
        "acceptedDate": "2009-02-25 21:52:13",
        "calendarYear": "2008",
        "period": "Q4",
        "revenue": 120840000,
        "costOfRevenue": 41890000,
        "grossProfit": 78950000,
        "grossProfitRatio": 0.6533432638,
        "researchAndDevelopmentExpenses": 40649000,
        "generalAndAdministrativeExpenses": 21578000,
        "sellingAndMarketingExpenses": 0,
        "sellingGeneralAndAdministrativeExpenses": 21578000,
        "otherExpenses": 0,
        "operatingExpenses": 62227000,
        "costAndExpenses": 104117000,
        "interestIncome": 0,
        "interestExpense": 0,
        "depreciationAndAmortization": 2825000,
        "ebitda": 9084000,
        "ebitdaratio": 0.0751737835,
        "operatingIncome": 6848000,
        "operatingIncomeRatio": 0.0566699768,
        "totalOtherIncomeExpensesNet": 14267000,
        "incomeBeforeTax": 21115000,
        "incomeBeforeTaxRatio": 0.174735187,
        "incomeTaxExpense": -7428000,
        "netIncome": 13687000,
        "netIncomeRatio": 0.113265475,
        "eps": 0.0617,
        "epsdiluted": 0.0617,
        "weightedAverageShsOut": 221659000,
        "weightedAverageShsOutDil": 221659000,
        "link": "https://www.sec.gov/Archives/edgar/data/767920/000119312509037800/0001193125-09-037800-index.htm",
        "finalLink": "https://www.sec.gov/Archives/edgar/data/767920/000119312509037800/d10k.htm"
    },
    {
        "date": "2008-09-28",
        "symbol": "PMCS",
        "reportedCurrency": "USD",
        "cik": "0000767920",
        "fillingDate": "2008-11-06",
        "acceptedDate": "2008-11-06 17:15:18",
        "calendarYear": "2008",
        "period": "Q3",
        "revenue": 139356000,
        "costOfRevenue": 47373000,
        "grossProfit": 91983000,
        "grossProfitRatio": 0.660057694,
        "researchAndDevelopmentExpenses": 39688000,
        "generalAndAdministrativeExpenses": 23565000,
        "sellingAndMarketingExpenses": 0,
        "sellingGeneralAndAdministrativeExpenses": 23565000,
        "otherExpenses": 0,
        "operatingExpenses": 63253000,
        "costAndExpenses": 110626000,
        "interestIncome": 0,
        "interestExpense": 0,
        "depreciationAndAmortization": 2536000,
        "ebitda": 3984000,
        "ebitdaratio": 0.0285886507,
        "operatingIncome": 19153000,
        "operatingIncomeRatio": 0.1374393639,
        "totalOtherIncomeExpensesNet": -9173000,
        "incomeBeforeTax": 9980000,
        "incomeBeforeTaxRatio": 0.0716151439,
        "incomeTaxExpense": -4266000,
        "netIncome": 5714000,
        "netIncomeRatio": 0.041002899,
        "eps": 0.0258,
        "epsdiluted": 0.0258,
        "weightedAverageShsOut": 221091000,
        "weightedAverageShsOutDil": 221091000,
        "link": "https://www.sec.gov/Archives/edgar/data/767920/000119312508228122/0001193125-08-228122-index.htm",
        "finalLink": "https://www.sec.gov/Archives/edgar/data/767920/000119312508228122/d10q.htm"
    },
    {
        "date": "2008-06-29",
        "symbol": "PMCS",
        "reportedCurrency": "USD",
        "cik": "0000767920",
        "fillingDate": "2008-08-07",
        "acceptedDate": "2008-08-07 16:06:13",
        "calendarYear": "2008",
        "period": "Q2",
        "revenue": 139839000,
        "costOfRevenue": 49073000,
        "grossProfit": 90766000,
        "grossProfitRatio": 0.6490750077,
        "researchAndDevelopmentExpenses": 39995000,
        "generalAndAdministrativeExpenses": 24180000,
        "sellingAndMarketingExpenses": 0,
        "sellingGeneralAndAdministrativeExpenses": 24180000,
        "otherExpenses": 0,
        "operatingExpenses": 64175000,
        "costAndExpenses": 113248000,
        "interestIncome": 0,
        "interestExpense": 0,
        "depreciationAndAmortization": 2425000,
        "ebitda": 260002000,
        "ebitdaratio": 1.8592953325,
        "operatingIncome": 16598000,
        "operatingIncomeRatio": 0.1186936405,
        "totalOtherIncomeExpensesNet": 185000,
        "incomeBeforeTax": 16783000,
        "incomeBeforeTaxRatio": 0.1200165905,
        "incomeTaxExpense": 120397000,
        "netIncome": 137180000,
        "netIncomeRatio": 0.9809852759,
        "eps": 0.62,
        "epsdiluted": 0.62,
        "weightedAverageShsOut": 220470000,
        "weightedAverageShsOutDil": 220470000,
        "link": "https://www.sec.gov/Archives/edgar/data/767920/000119312508170063/0001193125-08-170063-index.htm",
        "finalLink": "https://www.sec.gov/Archives/edgar/data/767920/000119312508170063/d10q.htm"
    },
    {
        "date": "2008-03-30",
        "symbol": "PMCS",
        "reportedCurrency": "USD",
        "cik": "0000767920",
        "fillingDate": "2008-05-08",
        "acceptedDate": "2008-05-08 15:11:05",
        "calendarYear": "2008",
        "period": "Q1",
        "revenue": 125040000,
        "costOfRevenue": 43306000,
        "grossProfit": 81734000,
        "grossProfitRatio": 0.6536628279,
        "researchAndDevelopmentExpenses": 37310000,
        "generalAndAdministrativeExpenses": 24209000,
        "sellingAndMarketingExpenses": 0,
        "sellingGeneralAndAdministrativeExpenses": 24209000,
        "otherExpenses": 0,
        "operatingExpenses": 61519000,
        "costAndExpenses": 104825000,
        "interestIncome": 0,
        "interestExpense": 0,
        "depreciationAndAmortization": 2372000,
        "ebitda": -58972000,
        "ebitdaratio": -0.47162508,
        "operatingIncome": 9492000,
        "operatingIncomeRatio": 0.0759117083,
        "totalOtherIncomeExpensesNet": 6536000,
        "incomeBeforeTax": 16028000,
        "incomeBeforeTaxRatio": 0.1281829814,
        "incomeTaxExpense": -38686000,
        "netIncome": -22658000,
        "netIncomeRatio": -0.1812060141,
        "eps": -0.1,
        "epsdiluted": -0.1,
        "weightedAverageShsOut": 219931000,
        "weightedAverageShsOutDil": 219931000,
        "link": "https://www.sec.gov/Archives/edgar/data/767920/000119312508107636/0001193125-08-107636-index.htm",
        "finalLink": "https://www.sec.gov/Archives/edgar/data/767920/000119312508107636/d10q.htm"
    },
    {
        "date": "2007-12-30",
        "symbol": "PMCS",
        "reportedCurrency": "USD",
        "cik": "0000767920",
        "fillingDate": "2008-02-22",
        "acceptedDate": "2008-02-22 17:13:10",
        "calendarYear": "2007",
        "period": "Q4",
        "revenue": 123569000,
        "costOfRevenue": 43205000,
        "grossProfit": 80364000,
        "grossProfitRatio": 0.6503572903,
        "researchAndDevelopmentExpenses": 37418000,
        "generalAndAdministrativeExpenses": 24493000,
        "sellingAndMarketingExpenses": 0,
        "sellingGeneralAndAdministrativeExpenses": 24493000,
        "otherExpenses": 0,
        "operatingExpenses": 61911000,
        "costAndExpenses": 105116000,
        "interestIncome": 0,
        "interestExpense": 0,
        "depreciationAndAmortization": 37214000,
        "ebitda": 54600000,
        "ebitdaratio": 0.4418583949,
        "operatingIncome": 6024000,
        "operatingIncomeRatio": 0.048750091,
        "totalOtherIncomeExpensesNet": 124000,
        "incomeBeforeTax": 6148000,
        "incomeBeforeTaxRatio": 0.049753579,
        "incomeTaxExpense": -11229000,
        "netIncome": 28615000,
        "netIncomeRatio": 0.2315710251,
        "eps": 0.13,
        "epsdiluted": 0.13,
        "weightedAverageShsOut": 216330000,
        "weightedAverageShsOutDil": 216330000,
        "link": "https://www.sec.gov/Archives/edgar/data/767920/000119312508036415/0001193125-08-036415-index.htm",
        "finalLink": "https://www.sec.gov/Archives/edgar/data/767920/000119312508036415/d10k.htm"
    },
    {
        "date": "2007-09-30",
        "symbol": "PMCS",
        "reportedCurrency": "USD",
        "cik": "0000767920",
        "fillingDate": "2007-11-08",
        "acceptedDate": "2007-11-08 15:57:40",
        "calendarYear": "2007",
        "period": "Q3",
        "revenue": 117455000,
        "costOfRevenue": 39871000,
        "grossProfit": 77584000,
        "grossProfitRatio": 0.6605423354,
        "researchAndDevelopmentExpenses": 35557000,
        "generalAndAdministrativeExpenses": 24124000,
        "sellingAndMarketingExpenses": 0,
        "sellingGeneralAndAdministrativeExpenses": 24124000,
        "otherExpenses": 0,
        "operatingExpenses": 59681000,
        "costAndExpenses": 99552000,
        "interestIncome": 0,
        "interestExpense": 0,
        "depreciationAndAmortization": 2411000,
        "ebitda": -11407000,
        "ebitdaratio": -0.0971180452,
        "operatingIncome": 6503000,
        "operatingIncomeRatio": 0.0553658848,
        "totalOtherIncomeExpensesNet": -4567000,
        "incomeBeforeTax": 1936000,
        "incomeBeforeTaxRatio": 0.0164829083,
        "incomeTaxExpense": -7877000,
        "netIncome": -5941000,
        "netIncomeRatio": -0.0505810736,
        "eps": -0.0276,
        "epsdiluted": -0.0276,
        "weightedAverageShsOut": 215469000,
        "weightedAverageShsOutDil": 215469000,
        "link": "https://www.sec.gov/Archives/edgar/data/767920/000119312507240281/0001193125-07-240281-index.htm",
        "finalLink": "https://www.sec.gov/Archives/edgar/data/767920/000119312507240281/d10q.htm"
    },
    {
        "date": "2007-07-01",
        "symbol": "PMCS",
        "reportedCurrency": "USD",
        "cik": "0000767920",
        "fillingDate": "2007-08-09",
        "acceptedDate": "2007-08-09 16:57:52",
        "calendarYear": "2007",
        "period": "Q2",
        "revenue": 104692000,
        "costOfRevenue": 37650000,
        "grossProfit": 67042000,
        "grossProfitRatio": 0.6403736675,
        "researchAndDevelopmentExpenses": 41635000,
        "generalAndAdministrativeExpenses": 25171000,
        "sellingAndMarketingExpenses": 0,
        "sellingGeneralAndAdministrativeExpenses": 25171000,
        "otherExpenses": 0,
        "operatingExpenses": 66806000,
        "costAndExpenses": 104456000,
        "interestIncome": 0,
        "interestExpense": 0,
        "depreciationAndAmortization": 2404000,
        "ebitda": -23032000,
        "ebitdaratio": -0.2199977076,
        "operatingIncome": -13386000,
        "operatingIncomeRatio": -0.1278607726,
        "totalOtherIncomeExpensesNet": -5696000,
        "incomeBeforeTax": -19082000,
        "incomeBeforeTaxRatio": -0.1822679861,
        "incomeTaxExpense": -3177000,
        "netIncome": -22259000,
        "netIncomeRatio": -0.2126141443,
        "eps": -0.1,
        "epsdiluted": -0.1,
        "weightedAverageShsOut": 214785000,
        "weightedAverageShsOutDil": 214785000,
        "link": "https://www.sec.gov/Archives/edgar/data/767920/000119312507177607/0001193125-07-177607-index.htm",
        "finalLink": "https://www.sec.gov/Archives/edgar/data/767920/000119312507177607/d10q.htm"
    },
    {
        "date": "2007-04-01",
        "symbol": "PMCS",
        "reportedCurrency": "USD",
        "cik": "0000767920",
        "fillingDate": "2007-05-10",
        "acceptedDate": "2007-05-10 15:55:07",
        "calendarYear": "2007",
        "period": "Q1",
        "revenue": 103665000,
        "costOfRevenue": 37571000,
        "grossProfit": 66094000,
        "grossProfitRatio": 0.6375729513,
        "researchAndDevelopmentExpenses": 44524000,
        "generalAndAdministrativeExpenses": 26698000,
        "sellingAndMarketingExpenses": 0,
        "sellingGeneralAndAdministrativeExpenses": 26698000,
        "otherExpenses": 0,
        "operatingExpenses": 71222000,
        "costAndExpenses": 108793000,
        "interestIncome": 0,
        "interestExpense": 0,
        "depreciationAndAmortization": 3862000,
        "ebitda": -6526000,
        "ebitdaratio": -0.0629527806,
        "operatingIncome": -21857000,
        "operatingIncomeRatio": -0.210842618,
        "totalOtherIncomeExpensesNet": 599000,
        "incomeBeforeTax": -21258000,
        "incomeBeforeTaxRatio": -0.2050643901,
        "incomeTaxExpense": 5435000,
        "netIncome": -15823000,
        "netIncomeRatio": -0.1526358945,
        "eps": -0.074,
        "epsdiluted": -0.074,
        "weightedAverageShsOut": 213881000,
        "weightedAverageShsOutDil": 213881000,
        "link": "https://www.sec.gov/Archives/edgar/data/767920/000119312507110165/0001193125-07-110165-index.htm",
        "finalLink": "https://www.sec.gov/Archives/edgar/data/767920/000119312507110165/d10q.htm"
    },
    {
        "date": "2006-12-31",
        "symbol": "PMCS",
        "reportedCurrency": "USD",
        "cik": "0000767920",
        "fillingDate": "2007-03-01",
        "acceptedDate": "2007-03-01 15:49:43",
        "calendarYear": "2006",
        "period": "Q4",
        "revenue": 101917000,
        "costOfRevenue": 37125000,
        "grossProfit": 64792000,
        "grossProfitRatio": 0.6357329984,
        "researchAndDevelopmentExpenses": 41713000,
        "generalAndAdministrativeExpenses": 26362000,
        "sellingAndMarketingExpenses": 0,
        "sellingGeneralAndAdministrativeExpenses": 26362000,
        "otherExpenses": 0,
        "operatingExpenses": 68075000,
        "costAndExpenses": 105200000,
        "interestIncome": 0,
        "interestExpense": 0,
        "depreciationAndAmortization": 29053000,
        "ebitda": 15181000,
        "ebitdaratio": 0.1489545414,
        "operatingIncome": -13872000,
        "operatingIncomeRatio": -0.1361107568,
        "totalOtherIncomeExpensesNet": -20019000,
        "incomeBeforeTax": -33891000,
        "incomeBeforeTaxRatio": -0.3325352983,
        "incomeTaxExpense": -33891000,
        "netIncome": 0,
        "netIncomeRatio": 0,
        "eps": 0,
        "epsdiluted": 0,
        "weightedAverageShsOut": 212295000,
        "weightedAverageShsOutDil": 212295000,
        "link": "https://www.sec.gov/Archives/edgar/data/767920/000119312507044322/0001193125-07-044322-index.htm",
        "finalLink": "https://www.sec.gov/Archives/edgar/data/767920/000119312507044322/d10k.htm"
    },
    {
        "date": "2006-10-01",
        "symbol": "PMCS",
        "reportedCurrency": "USD",
        "cik": "0000767920",
        "fillingDate": "2006-11-09",
        "acceptedDate": "2006-11-08 20:46:28",
        "calendarYear": "2006",
        "period": "Q3",
        "revenue": 116514000,
        "costOfRevenue": 39146000,
        "grossProfit": 77368000,
        "grossProfitRatio": 0.6640232075,
        "researchAndDevelopmentExpenses": 41611000,
        "generalAndAdministrativeExpenses": 29235000,
        "sellingAndMarketingExpenses": 0,
        "sellingGeneralAndAdministrativeExpenses": 29235000,
        "otherExpenses": 0,
        "operatingExpenses": 70846000,
        "costAndExpenses": 109992000,
        "interestIncome": 0,
        "interestExpense": 0,
        "depreciationAndAmortization": 2638000,
        "ebitda": -7091000,
        "ebitdaratio": -0.0608596392,
        "operatingIncome": -11084000,
        "operatingIncomeRatio": -0.0951301989,
        "totalOtherIncomeExpensesNet": 1355000,
        "incomeBeforeTax": -9729000,
        "incomeBeforeTaxRatio": -0.0835006952,
        "incomeTaxExpense": -1796000,
        "netIncome": -7933000,
        "netIncomeRatio": -0.0680862386,
        "eps": -0.0389,
        "epsdiluted": -0.0389,
        "weightedAverageShsOut": 203719000,
        "weightedAverageShsOutDil": 203719000,
        "link": "https://www.sec.gov/Archives/edgar/data/767920/000119312506228782/0001193125-06-228782-index.htm",
        "finalLink": "https://www.sec.gov/Archives/edgar/data/767920/000119312506228782/d10q.htm"
    },
    {
        "date": "2006-07-02",
        "symbol": "PMCS",
        "reportedCurrency": "USD",
        "cik": "0000767920",
        "fillingDate": "2006-08-16",
        "acceptedDate": "2006-08-16 17:26:09",
        "calendarYear": "2006",
        "period": "Q2",
        "revenue": 118780000,
        "costOfRevenue": 43560000,
        "grossProfit": 75220000,
        "grossProfitRatio": 0.6332715945,
        "researchAndDevelopmentExpenses": 41587000,
        "generalAndAdministrativeExpenses": 27174000,
        "sellingAndMarketingExpenses": 0,
        "sellingGeneralAndAdministrativeExpenses": 27174000,
        "otherExpenses": 0,
        "operatingExpenses": 68761000,
        "costAndExpenses": 112321000,
        "interestIncome": 0,
        "interestExpense": 0,
        "depreciationAndAmortization": 2982000,
        "ebitda": -26464000,
        "ebitdaratio": -0.2227984509,
        "operatingIncome": -23975000,
        "operatingIncomeRatio": -0.2018437447,
        "totalOtherIncomeExpensesNet": -5471000,
        "incomeBeforeTax": -29446000,
        "incomeBeforeTaxRatio": -0.2479036875,
        "incomeTaxExpense": -2388000,
        "netIncome": -27058000,
        "netIncomeRatio": -0.2277992928,
        "eps": -0.14,
        "epsdiluted": -0.14,
        "weightedAverageShsOut": 195143000,
        "weightedAverageShsOutDil": 195143000,
        "link": "https://www.sec.gov/Archives/edgar/data/767920/000119312506174686/0001193125-06-174686-index.htm",
        "finalLink": "https://www.sec.gov/Archives/edgar/data/767920/000119312506174686/d10q.htm"
    },
    {
        "date": "2006-04-02",
        "symbol": "PMCS",
        "reportedCurrency": "USD",
        "cik": "0000767920",
        "fillingDate": "2006-05-10",
        "acceptedDate": "2006-05-10 14:19:30",
        "calendarYear": "2006",
        "period": "Q1",
        "revenue": 87781000,
        "costOfRevenue": 26625000,
        "grossProfit": 61156000,
        "grossProfitRatio": 0.6966883494,
        "researchAndDevelopmentExpenses": 33749000,
        "generalAndAdministrativeExpenses": 19593000,
        "sellingAndMarketingExpenses": 0,
        "sellingGeneralAndAdministrativeExpenses": 19593000,
        "otherExpenses": 0,
        "operatingExpenses": 53342000,
        "costAndExpenses": 79967000,
        "interestIncome": 0,
        "interestExpense": 0,
        "depreciationAndAmortization": 2317000,
        "ebitda": -855000,
        "ebitdaratio": -0.0097401488,
        "operatingIncome": -8358000,
        "operatingIncomeRatio": -0.0952142263,
        "totalOtherIncomeExpensesNet": 5186000,
        "incomeBeforeTax": -3172000,
        "incomeBeforeTaxRatio": -0.0361353824,
        "incomeTaxExpense": -11161000,
        "netIncome": 7989000,
        "netIncomeRatio": 0.0910105832,
        "eps": 0.0427,
        "epsdiluted": 0.0427,
        "weightedAverageShsOut": 187218000,
        "weightedAverageShsOutDil": 187218000,
        "link": "https://www.sec.gov/Archives/edgar/data/767920/000119312506107334/0001193125-06-107334-index.htm",
        "finalLink": "https://www.sec.gov/Archives/edgar/data/767920/000119312506107334/d10q.htm"
    },
    {
        "date": "2005-12-31",
        "symbol": "PMCS",
        "reportedCurrency": "USD",
        "cik": "0000767920",
        "fillingDate": "2006-03-09",
        "acceptedDate": "2006-03-08 20:30:26",
        "calendarYear": "2005",
        "period": "Q4",
        "revenue": 77556000,
        "costOfRevenue": 19839000,
        "grossProfit": 57717000,
        "grossProfitRatio": 0.744197741,
        "researchAndDevelopmentExpenses": 30643000,
        "generalAndAdministrativeExpenses": 14969000,
        "sellingAndMarketingExpenses": 0,
        "sellingGeneralAndAdministrativeExpenses": 14969000,
        "otherExpenses": 0,
        "operatingExpenses": 45612000,
        "costAndExpenses": 65451000,
        "interestIncome": 0,
        "interestExpense": 0,
        "depreciationAndAmortization": 2292000,
        "ebitda": 22610000,
        "ebitdaratio": 0.2915312806,
        "operatingIncome": 12105000,
        "operatingIncomeRatio": 0.1560807674,
        "totalOtherIncomeExpensesNet": -149000,
        "incomeBeforeTax": 11956000,
        "incomeBeforeTaxRatio": 0.154159575,
        "incomeTaxExpense": 2073000,
        "netIncome": 18245000,
        "netIncomeRatio": 0.2352493682,
        "eps": 0.0991,
        "epsdiluted": 0.0991,
        "weightedAverageShsOut": 184098000,
        "weightedAverageShsOutDil": 184098000,
        "link": "https://www.sec.gov/Archives/edgar/data/767920/000119312506048709/0001193125-06-048709-index.htm",
        "finalLink": "https://www.sec.gov/Archives/edgar/data/767920/000119312506048709/d10k.htm"
    },
    {
        "date": "2005-10-02",
        "symbol": "PMCS",
        "reportedCurrency": "USD",
        "cik": "0000767920",
        "fillingDate": "2005-11-09",
        "acceptedDate": "2005-11-09 12:11:45",
        "calendarYear": "2005",
        "period": "Q3",
        "revenue": 76203000,
        "costOfRevenue": 20131000,
        "grossProfit": 56072000,
        "grossProfitRatio": 0.7358240489,
        "researchAndDevelopmentExpenses": 27205000,
        "generalAndAdministrativeExpenses": 14839000,
        "sellingAndMarketingExpenses": 0,
        "sellingGeneralAndAdministrativeExpenses": 14839000,
        "otherExpenses": 0,
        "operatingExpenses": 42044000,
        "costAndExpenses": 62175000,
        "interestIncome": 0,
        "interestExpense": 0,
        "depreciationAndAmortization": 2839000,
        "ebitda": 6544000,
        "ebitdaratio": 0.0858758842,
        "operatingIncome": 8669000,
        "operatingIncomeRatio": 0.1137619254,
        "totalOtherIncomeExpensesNet": -504000,
        "incomeBeforeTax": 8165000,
        "incomeBeforeTaxRatio": 0.1071480125,
        "incomeTaxExpense": -2230000,
        "netIncome": 5935000,
        "netIncomeRatio": 0.0778840728,
        "eps": 0.0323,
        "epsdiluted": 0.0323,
        "weightedAverageShsOut": 183563000,
        "weightedAverageShsOutDil": 183563000,
        "link": "https://www.sec.gov/Archives/edgar/data/767920/000119312505221086/0001193125-05-221086-index.htm",
        "finalLink": "https://www.sec.gov/Archives/edgar/data/767920/000119312505221086/d10q.htm"
    },
    {
        "date": "2005-07-03",
        "symbol": "PMCS",
        "reportedCurrency": "USD",
        "cik": "0000767920",
        "fillingDate": "2005-08-05",
        "acceptedDate": "2005-08-04 19:26:49",
        "calendarYear": "2005",
        "period": "Q2",
        "revenue": 71541000,
        "costOfRevenue": 21372000,
        "grossProfit": 50169000,
        "grossProfitRatio": 0.7012622133,
        "researchAndDevelopmentExpenses": 29456000,
        "generalAndAdministrativeExpenses": 13251000,
        "sellingAndMarketingExpenses": 0,
        "sellingGeneralAndAdministrativeExpenses": 13251000,
        "otherExpenses": 0,
        "operatingExpenses": 42707000,
        "costAndExpenses": 64079000,
        "interestIncome": 0,
        "interestExpense": 0,
        "depreciationAndAmortization": 1744000,
        "ebitda": 147000,
        "ebitdaratio": 0.0020547658,
        "operatingIncome": -359000,
        "operatingIncomeRatio": -0.0050181015,
        "totalOtherIncomeExpensesNet": 3014000,
        "incomeBeforeTax": 2655000,
        "incomeBeforeTaxRatio": 0.0371115864,
        "incomeTaxExpense": -2126000,
        "netIncome": 529000,
        "netIncomeRatio": 0.0073943613,
        "eps": 0.0029,
        "epsdiluted": 0.0029,
        "weightedAverageShsOut": 182789000,
        "weightedAverageShsOutDil": 182789000,
        "link": "https://www.sec.gov/Archives/edgar/data/767920/000119312505157997/0001193125-05-157997-index.htm",
        "finalLink": "https://www.sec.gov/Archives/edgar/data/767920/000119312505157997/d10q.htm"
    },
    {
        "date": "2005-04-03",
        "symbol": "PMCS",
        "reportedCurrency": "USD",
        "cik": "0000767920",
        "fillingDate": "2005-05-12",
        "acceptedDate": "2005-05-11 20:21:21",
        "calendarYear": "2005",
        "period": "Q1",
        "revenue": 66111000,
        "costOfRevenue": 19621000,
        "grossProfit": 46490000,
        "grossProfitRatio": 0.7032112659,
        "researchAndDevelopmentExpenses": 31416000,
        "generalAndAdministrativeExpenses": 13004000,
        "sellingAndMarketingExpenses": 0,
        "sellingGeneralAndAdministrativeExpenses": 13004000,
        "otherExpenses": 0,
        "operatingExpenses": 44420000,
        "costAndExpenses": 64041000,
        "interestIncome": 0,
        "interestExpense": 0,
        "depreciationAndAmortization": 2688000,
        "ebitda": 6140000,
        "ebitdaratio": 0.0928741057,
        "operatingIncome": 1202000,
        "operatingIncomeRatio": 0.0181815432,
        "totalOtherIncomeExpensesNet": 1900000,
        "incomeBeforeTax": 3102000,
        "incomeBeforeTaxRatio": 0.0469210873,
        "incomeTaxExpense": 175000,
        "netIncome": 3277000,
        "netIncomeRatio": 0.0495681505,
        "eps": 0.018,
        "epsdiluted": 0.018,
        "weightedAverageShsOut": 182192000,
        "weightedAverageShsOutDil": 182192000,
        "link": "https://www.sec.gov/Archives/edgar/data/767920/000110465905022674/0001104659-05-022674-index.htm",
        "finalLink": "https://www.sec.gov/Archives/edgar/data/767920/000110465905022674/a05-7925_110q.htm"
    }
]