[
    {
        "date": "2025-06-30",
        "symbol": "PT",
        "reportedCurrency": "CNY",
        "cik": "0001716338",
        "fillingDate": "2025-09-19",
        "acceptedDate": "2025-09-19 17:00:13",
        "calendarYear": "2025",
        "period": "Q2",
        "revenue": 7663000,
        "costOfRevenue": 2995000,
        "grossProfit": 4668000,
        "grossProfitRatio": 0.609160903,
        "researchAndDevelopmentExpenses": 1184500,
        "generalAndAdministrativeExpenses": 3016000,
        "sellingAndMarketingExpenses": 4074499,
        "sellingGeneralAndAdministrativeExpenses": 7090500,
        "otherExpenses": 0,
        "operatingExpenses": 8275000,
        "costAndExpenses": 11270000,
        "interestIncome": 263000,
        "interestExpense": 0,
        "depreciationAndAmortization": 3607000,
        "ebitda": 0,
        "ebitdaratio": 0,
        "operatingIncome": -3607000,
        "operatingIncomeRatio": -0.4707033799,
        "totalOtherIncomeExpensesNet": 332500,
        "incomeBeforeTax": -3274500,
        "incomeBeforeTaxRatio": -0.4273130628,
        "incomeTaxExpense": 907500,
        "netIncome": -2438000,
        "netIncomeRatio": -0.3181521597,
        "eps": -5.25,
        "epsdiluted": -5.95,
        "weightedAverageShsOut": 398040,
        "weightedAverageShsOutDil": 452805,
        "link": "https://www.sec.gov/Archives/edgar/data/1716338/000110465925091715/0001104659-25-091715-index.htm",
        "finalLink": "https://www.sec.gov/Archives/edgar/data/1716338/000110465925091715/tm2526439d1_ex99-1.htm"
    },
    {
        "date": "2025-03-31",
        "symbol": "PT",
        "reportedCurrency": "CNY",
        "cik": "0001716338",
        "fillingDate": "2025-03-31",
        "acceptedDate": "2025-03-31 00:00:00",
        "calendarYear": "2025",
        "period": "Q1",
        "revenue": 7663000,
        "costOfRevenue": 2995000,
        "grossProfit": 4668000,
        "grossProfitRatio": 0.609160903,
        "researchAndDevelopmentExpenses": 1184500,
        "generalAndAdministrativeExpenses": 3016000,
        "sellingAndMarketingExpenses": 4074499,
        "sellingGeneralAndAdministrativeExpenses": 7090500,
        "otherExpenses": 0,
        "operatingExpenses": 8275000,
        "costAndExpenses": 11270000,
        "interestIncome": 263000,
        "interestExpense": 0,
        "depreciationAndAmortization": 3607000,
        "ebitda": 0,
        "ebitdaratio": 0,
        "operatingIncome": -3607000,
        "operatingIncomeRatio": -0.4707033799,
        "totalOtherIncomeExpensesNet": 332500,
        "incomeBeforeTax": -3274500,
        "incomeBeforeTaxRatio": -0.4273130628,
        "incomeTaxExpense": 907500,
        "netIncome": -2438000,
        "netIncomeRatio": -0.3181521597,
        "eps": -5.25,
        "epsdiluted": -5.95,
        "weightedAverageShsOut": 398040,
        "weightedAverageShsOutDil": 452805,
        "link": null,
        "finalLink": null
    },
    {
        "date": "2024-12-31",
        "symbol": "PT",
        "reportedCurrency": "CNY",
        "cik": "0001716338",
        "fillingDate": "2025-04-17",
        "acceptedDate": "2025-04-17 06:05:15",
        "calendarYear": "2024",
        "period": "Q4",
        "revenue": 10110000,
        "costOfRevenue": 3410000,
        "grossProfit": 6700000,
        "grossProfitRatio": 0.6627101879,
        "researchAndDevelopmentExpenses": 2500,
        "generalAndAdministrativeExpenses": 4043999,
        "sellingAndMarketingExpenses": 5185000,
        "sellingGeneralAndAdministrativeExpenses": 9229000,
        "otherExpenses": 716000,
        "operatingExpenses": 9947500,
        "costAndExpenses": 13357500,
        "interestIncome": 0,
        "interestExpense": 10000,
        "depreciationAndAmortization": 473000,
        "ebitda": -2058500,
        "ebitdaratio": -0.2036102868,
        "operatingIncome": -3247500,
        "operatingIncomeRatio": -0.3212166172,
        "totalOtherIncomeExpensesNet": 144000,
        "incomeBeforeTax": -3103500,
        "incomeBeforeTaxRatio": -0.3069732938,
        "incomeTaxExpense": 113000,
        "netIncome": -3512500,
        "netIncomeRatio": -0.3474282888,
        "eps": -7.7,
        "epsdiluted": -7.7,
        "weightedAverageShsOut": 452807,
        "weightedAverageShsOutDil": 452805,
        "link": "https://www.sec.gov/Archives/edgar/data/1716338/000141057825000773/0001410578-25-000773-index.htm",
        "finalLink": "https://www.sec.gov/Archives/edgar/data/1716338/000141057825000773/pt-20241231x20f.htm"
    },
    {
        "date": "2024-09-30",
        "symbol": "PT",
        "reportedCurrency": "CNY",
        "cik": "0001716338",
        "fillingDate": "2024-09-30",
        "acceptedDate": "2024-09-30 00:00:00",
        "calendarYear": "2024",
        "period": "Q3",
        "revenue": 10110000,
        "costOfRevenue": 3410000,
        "grossProfit": 6700000,
        "grossProfitRatio": 0.6627101879,
        "researchAndDevelopmentExpenses": 2500,
        "generalAndAdministrativeExpenses": 4043999,
        "sellingAndMarketingExpenses": 5185000,
        "sellingGeneralAndAdministrativeExpenses": 9229000,
        "otherExpenses": 716000,
        "operatingExpenses": 9947500,
        "costAndExpenses": 13357500,
        "interestIncome": 0,
        "interestExpense": 10000,
        "depreciationAndAmortization": 473000,
        "ebitda": -2058500,
        "ebitdaratio": -0.2036102868,
        "operatingIncome": -3247500,
        "operatingIncomeRatio": -0.3212166172,
        "totalOtherIncomeExpensesNet": 144000,
        "incomeBeforeTax": -3103500,
        "incomeBeforeTaxRatio": -0.3069732938,
        "incomeTaxExpense": 113000,
        "netIncome": -3512500,
        "netIncomeRatio": -0.3474282888,
        "eps": -7.7,
        "epsdiluted": -7.7,
        "weightedAverageShsOut": 452807,
        "weightedAverageShsOutDil": 452805,
        "link": null,
        "finalLink": null
    },
    {
        "date": "2024-06-30",
        "symbol": "PT",
        "reportedCurrency": "CNY",
        "cik": "0001716338",
        "fillingDate": "2024-06-30",
        "acceptedDate": "2024-06-30 00:00:00",
        "calendarYear": "2024",
        "period": "Q2",
        "revenue": 7461000,
        "costOfRevenue": 3010000,
        "grossProfit": 4451000,
        "grossProfitRatio": 0.5965688246,
        "researchAndDevelopmentExpenses": 1132000,
        "generalAndAdministrativeExpenses": 2854000,
        "sellingAndMarketingExpenses": 4268500,
        "sellingGeneralAndAdministrativeExpenses": 7122500,
        "otherExpenses": 0,
        "operatingExpenses": 8254500,
        "costAndExpenses": 11264500,
        "interestIncome": 0,
        "interestExpense": 0,
        "depreciationAndAmortization": 473000,
        "ebitda": -3330500,
        "ebitdaratio": -0.4463878837,
        "operatingIncome": -3803500,
        "operatingIncomeRatio": -0.5097842112,
        "totalOtherIncomeExpensesNet": -138500,
        "incomeBeforeTax": -3942000,
        "incomeBeforeTaxRatio": -0.5283474065,
        "incomeTaxExpense": 229500,
        "netIncome": -4214500,
        "netIncomeRatio": -0.5648706608,
        "eps": -12.25,
        "epsdiluted": -9.45,
        "weightedAverageShsOut": 344041,
        "weightedAverageShsOutDil": 452805,
        "link": null,
        "finalLink": null
    },
    {
        "date": "2024-03-31",
        "symbol": "PT",
        "reportedCurrency": "CNY",
        "cik": "0001716338",
        "fillingDate": "2024-03-31",
        "acceptedDate": "2024-03-31 00:00:00",
        "calendarYear": "2024",
        "period": "Q1",
        "revenue": 7461000,
        "costOfRevenue": 3010000,
        "grossProfit": 4451000,
        "grossProfitRatio": 0.5965688246,
        "researchAndDevelopmentExpenses": 1132000,
        "generalAndAdministrativeExpenses": 2854000,
        "sellingAndMarketingExpenses": 4268500,
        "sellingGeneralAndAdministrativeExpenses": 7122500,
        "otherExpenses": 0,
        "operatingExpenses": 8254500,
        "costAndExpenses": 11264500,
        "interestIncome": 0,
        "interestExpense": 0,
        "depreciationAndAmortization": 473000,
        "ebitda": -3330500,
        "ebitdaratio": -0.4463878837,
        "operatingIncome": -3803500,
        "operatingIncomeRatio": -0.5097842112,
        "totalOtherIncomeExpensesNet": -138500,
        "incomeBeforeTax": -3942000,
        "incomeBeforeTaxRatio": -0.5283474065,
        "incomeTaxExpense": 229500,
        "netIncome": -4214500,
        "netIncomeRatio": -0.5648706608,
        "eps": -12.25,
        "epsdiluted": -9.45,
        "weightedAverageShsOut": 344041,
        "weightedAverageShsOutDil": 452805,
        "link": null,
        "finalLink": null
    },
    {
        "date": "2023-12-31",
        "symbol": "PT",
        "reportedCurrency": "CNY",
        "cik": "0001716338",
        "fillingDate": "2024-04-30",
        "acceptedDate": "2024-04-30 17:08:52",
        "calendarYear": "2023",
        "period": "Q4",
        "revenue": 17254566,
        "costOfRevenue": 3655500,
        "grossProfit": 5159000,
        "grossProfitRatio": 0.2989933215,
        "researchAndDevelopmentExpenses": 1302500,
        "generalAndAdministrativeExpenses": 8804000,
        "sellingAndMarketingExpenses": 5563000,
        "sellingGeneralAndAdministrativeExpenses": 14367000,
        "otherExpenses": 4292000,
        "operatingExpenses": 19961500,
        "costAndExpenses": 23617000,
        "interestIncome": 0,
        "interestExpense": 192814,
        "depreciationAndAmortization": 473000,
        "ebitda": -7432500,
        "ebitdaratio": -0.4307555461,
        "operatingIncome": -14802500,
        "operatingIncomeRatio": -0.8578888626,
        "totalOtherIncomeExpensesNet": 0,
        "incomeBeforeTax": -18739500,
        "incomeBeforeTaxRatio": -1.0860603506,
        "incomeTaxExpense": 1262000,
        "netIncome": -39750500,
        "netIncomeRatio": -2.3037670145,
        "eps": 35,
        "epsdiluted": 35,
        "weightedAverageShsOut": 453617,
        "weightedAverageShsOutDil": 453617,
        "link": "https://www.sec.gov/Archives/edgar/data/1716338/000110465924055026/0001104659-24-055026-index.htm",
        "finalLink": "https://www.sec.gov/Archives/edgar/data/1716338/000110465924055026/pt-20231231x20f.htm"
    },
    {
        "date": "2023-09-30",
        "symbol": "PT",
        "reportedCurrency": "CNY",
        "cik": "0001716338",
        "fillingDate": "2023-12-28",
        "acceptedDate": "2023-12-28 17:00:19",
        "calendarYear": "2023",
        "period": "Q3",
        "revenue": 8814500,
        "costOfRevenue": 3655500,
        "grossProfit": 5159000,
        "grossProfitRatio": 0.5852856089,
        "researchAndDevelopmentExpenses": 1302500,
        "generalAndAdministrativeExpenses": 8804000,
        "sellingAndMarketingExpenses": 5563000,
        "sellingGeneralAndAdministrativeExpenses": 14367000,
        "otherExpenses": 0,
        "operatingExpenses": 46597000,
        "costAndExpenses": 50252499,
        "interestIncome": 98500,
        "interestExpense": 0,
        "depreciationAndAmortization": 1391000,
        "ebitda": -6514500,
        "ebitdaratio": -0.7390663112,
        "operatingIncome": -7905500,
        "operatingIncomeRatio": -0.8968744682,
        "totalOtherIncomeExpensesNet": -33631000,
        "incomeBeforeTax": -41536500,
        "incomeBeforeTaxRatio": -4.7122922457,
        "incomeTaxExpense": 1262000,
        "netIncome": -39750500,
        "netIncomeRatio": -4.5096715639,
        "eps": -87.5,
        "epsdiluted": -87.5,
        "weightedAverageShsOut": 453617,
        "weightedAverageShsOutDil": 453617,
        "link": "https://www.sec.gov/Archives/edgar/data/1716338/000110465923130102/0001104659-23-130102-index.htm",
        "finalLink": "https://www.sec.gov/Archives/edgar/data/1716338/000110465923130102/tm2333756d1_ex99-1.htm"
    },
    {
        "date": "2023-06-30",
        "symbol": "PT",
        "reportedCurrency": "CNY",
        "cik": "0001716338",
        "fillingDate": "2023-06-30",
        "acceptedDate": "2023-06-29 20:00:00",
        "calendarYear": "2023",
        "period": "Q2",
        "revenue": 36666223,
        "costOfRevenue": 31873948,
        "grossProfit": 4792274.83,
        "grossProfitRatio": 0.1306999859,
        "researchAndDevelopmentExpenses": 9879201.93,
        "generalAndAdministrativeExpenses": 18320704,
        "sellingAndMarketingExpenses": 30814563,
        "sellingGeneralAndAdministrativeExpenses": 49135268,
        "otherExpenses": 0,
        "operatingExpenses": 43518463,
        "costAndExpenses": -12631689,
        "interestIncome": 0,
        "interestExpense": 0,
        "depreciationAndAmortization": -60270208,
        "ebitda": -11888721,
        "ebitdaratio": -0.3242417688,
        "operatingIncome": -46872532,
        "operatingIncomeRatio": -1.2783572499,
        "totalOtherIncomeExpensesNet": 3118677.19,
        "incomeBeforeTax": 0,
        "incomeBeforeTaxRatio": 0,
        "incomeTaxExpense": 0,
        "netIncome": 89757851,
        "netIncomeRatio": 2.4479710114,
        "eps": 253.4,
        "epsdiluted": 253.4,
        "weightedAverageShsOut": 354528,
        "weightedAverageShsOutDil": 354526,
        "link": null,
        "finalLink": null
    },
    {
        "date": "2023-03-31",
        "symbol": "PT",
        "reportedCurrency": "CNY",
        "cik": "0001716338",
        "fillingDate": "2023-03-31",
        "acceptedDate": "2023-03-30 20:00:00",
        "calendarYear": "2023",
        "period": "Q1",
        "revenue": 17544000,
        "costOfRevenue": 15440000,
        "grossProfit": 2104000,
        "grossProfitRatio": 0.1199270406,
        "researchAndDevelopmentExpenses": 1364000,
        "generalAndAdministrativeExpenses": 2529500,
        "sellingAndMarketingExpenses": 4254500,
        "sellingGeneralAndAdministrativeExpenses": 6784000,
        "otherExpenses": 0,
        "operatingExpenses": 6008500,
        "costAndExpenses": 21448500,
        "interestIncome": 2136500,
        "interestExpense": 0,
        "depreciationAndAmortization": 1391000,
        "ebitda": -4653000,
        "ebitdaratio": -0.2652188782,
        "operatingIncome": -6044000,
        "operatingIncomeRatio": -0.344505244,
        "totalOtherIncomeExpensesNet": 3000,
        "incomeBeforeTax": -6041000,
        "incomeBeforeTaxRatio": -0.3443342453,
        "incomeTaxExpense": 5688500,
        "netIncome": 369500,
        "netIncomeRatio": 0.0210613315,
        "eps": 1.04,
        "epsdiluted": 1.04,
        "weightedAverageShsOut": 354528,
        "weightedAverageShsOutDil": 354526,
        "link": null,
        "finalLink": null
    },
    {
        "date": "2022-12-31",
        "symbol": "PT",
        "reportedCurrency": "CNY",
        "cik": "0001716338",
        "fillingDate": "2023-05-15",
        "acceptedDate": "2023-05-12 18:29:20",
        "calendarYear": "2022",
        "period": "Q4",
        "revenue": 34096174,
        "costOfRevenue": 21520222,
        "grossProfit": 12575952,
        "grossProfitRatio": 0.3688376297,
        "researchAndDevelopmentExpenses": 18558596,
        "generalAndAdministrativeExpenses": 105277297,
        "sellingAndMarketingExpenses": 45456057,
        "sellingGeneralAndAdministrativeExpenses": 150733355,
        "otherExpenses": 0,
        "operatingExpenses": 172577478,
        "costAndExpenses": 321183292,
        "interestIncome": 0,
        "interestExpense": 0,
        "depreciationAndAmortization": -70499316,
        "ebitda": 1089204.97,
        "ebitdaratio": 0.0319450789,
        "operatingIncome": -66870581,
        "operatingIncomeRatio": -1.9612341549,
        "totalOtherIncomeExpensesNet": -179269789,
        "incomeBeforeTax": 0,
        "incomeBeforeTaxRatio": 0,
        "incomeTaxExpense": 0,
        "netIncome": 58771811,
        "netIncomeRatio": 1.723706918,
        "eps": 239.75,
        "epsdiluted": 239.75,
        "weightedAverageShsOut": 245032,
        "weightedAverageShsOutDil": 245032,
        "link": "https://www.sec.gov/Archives/edgar/data/1716338/000110465923059935/0001104659-23-059935-index.htm",
        "finalLink": "https://www.sec.gov/Archives/edgar/data/1716338/000110465923059935/pt-20221231x20f.htm"
    },
    {
        "date": "2022-09-30",
        "symbol": "PT",
        "reportedCurrency": "CNY",
        "cik": "0001716338",
        "fillingDate": "2022-09-30",
        "acceptedDate": "2022-09-29 20:00:00",
        "calendarYear": "2022",
        "period": "Q3",
        "revenue": 17373500,
        "costOfRevenue": 21688000,
        "grossProfit": -4314500,
        "grossProfitRatio": -0.248337986,
        "researchAndDevelopmentExpenses": 2708500,
        "generalAndAdministrativeExpenses": 15364500,
        "sellingAndMarketingExpenses": 6634000,
        "sellingGeneralAndAdministrativeExpenses": 21998500,
        "otherExpenses": 0,
        "operatingExpenses": 25186500,
        "costAndExpenses": 46874500,
        "interestIncome": 6421500,
        "interestExpense": 0,
        "depreciationAndAmortization": 3089000,
        "ebitda": -25932500,
        "ebitdaratio": -1.4926468472,
        "operatingIncome": -29021500,
        "operatingIncomeRatio": -1.6704463695,
        "totalOtherIncomeExpensesNet": -6901000,
        "incomeBeforeTax": -35922500,
        "incomeBeforeTaxRatio": -2.0676605175,
        "incomeTaxExpense": 555000,
        "netIncome": -34073500,
        "netIncomeRatio": -1.9612340634,
        "eps": -138.95,
        "epsdiluted": -138.95,
        "weightedAverageShsOut": 245032,
        "weightedAverageShsOutDil": 245032,
        "link": null,
        "finalLink": null
    },
    {
        "date": "2022-06-30",
        "symbol": "PT",
        "reportedCurrency": "CNY",
        "cik": "0001716338",
        "fillingDate": "2022-06-30",
        "acceptedDate": "2022-06-29 20:00:00",
        "calendarYear": "2022",
        "period": "Q2",
        "revenue": 133407982,
        "costOfRevenue": 64698901,
        "grossProfit": 68709080,
        "grossProfitRatio": 0.5150297529,
        "researchAndDevelopmentExpenses": 35321070,
        "generalAndAdministrativeExpenses": 65559900,
        "sellingAndMarketingExpenses": 46520761,
        "sellingGeneralAndAdministrativeExpenses": 112080662,
        "otherExpenses": 0,
        "operatingExpenses": 478069000,
        "costAndExpenses": 542767902,
        "interestIncome": 0,
        "interestExpense": 0,
        "depreciationAndAmortization": 20697484,
        "ebitda": -57995167,
        "ebitdaratio": -0.4347203678,
        "operatingIncome": -78692652,
        "operatingIncomeRatio": -0.5898646454,
        "totalOtherIncomeExpensesNet": -330667267,
        "incomeBeforeTax": -409359919,
        "incomeBeforeTaxRatio": -3.0684814571,
        "incomeTaxExpense": 4730470.63,
        "netIncome": -408843990,
        "netIncomeRatio": -3.0646141548,
        "eps": -1669.85,
        "epsdiluted": -1669.85,
        "weightedAverageShsOut": 244946,
        "weightedAverageShsOutDil": 244946,
        "link": "",
        "finalLink": ""
    },
    {
        "date": "2022-03-31",
        "symbol": "PT",
        "reportedCurrency": "CNY",
        "cik": "0001716338",
        "fillingDate": "2022-03-31",
        "acceptedDate": "2022-03-30 20:00:00",
        "calendarYear": "2022",
        "period": "Q1",
        "revenue": 19910500,
        "costOfRevenue": 9656000,
        "grossProfit": 10254500,
        "grossProfitRatio": 0.5150297582,
        "researchAndDevelopmentExpenses": 5271500,
        "generalAndAdministrativeExpenses": 9784500,
        "sellingAndMarketingExpenses": 6943000,
        "sellingGeneralAndAdministrativeExpenses": 16727500,
        "otherExpenses": 0,
        "operatingExpenses": 71349500,
        "costAndExpenses": 81005500,
        "interestIncome": 0,
        "interestExpense": 0,
        "depreciationAndAmortization": 3089000,
        "ebitda": -8655500,
        "ebitdaratio": -0.4347203737,
        "operatingIncome": -11744500,
        "operatingIncomeRatio": -0.5898646443,
        "totalOtherIncomeExpensesNet": -49350500,
        "incomeBeforeTax": -61095000,
        "incomeBeforeTaxRatio": -3.0684814545,
        "incomeTaxExpense": 706000,
        "netIncome": -61018000,
        "netIncomeRatio": -3.0646141483,
        "eps": -249.2,
        "epsdiluted": -249.2,
        "weightedAverageShsOut": 244946,
        "weightedAverageShsOutDil": 244946,
        "link": null,
        "finalLink": null
    },
    {
        "date": "2021-12-31",
        "symbol": "PT",
        "reportedCurrency": "CNY",
        "cik": "0001716338",
        "fillingDate": "2022-04-28",
        "acceptedDate": "2022-04-28 06:03:56",
        "calendarYear": "2021",
        "period": "Q4",
        "revenue": -4827460808,
        "costOfRevenue": 3689394638,
        "grossProfit": -8516855447,
        "grossProfitRatio": 1.7642515985,
        "researchAndDevelopmentExpenses": -439970048,
        "generalAndAdministrativeExpenses": 5951394770,
        "sellingAndMarketingExpenses": -434699115,
        "sellingGeneralAndAdministrativeExpenses": -6597007559,
        "otherExpenses": 0,
        "operatingExpenses": -7036977607,
        "costAndExpenses": -3347582968,
        "interestIncome": 0,
        "interestExpense": 0,
        "depreciationAndAmortization": 19664141,
        "ebitda": 5687997763,
        "ebitdaratio": -1.1782587139,
        "operatingIncome": 5687997763,
        "operatingIncomeRatio": -1.1782587139,
        "totalOtherIncomeExpensesNet": 354447901,
        "incomeBeforeTax": 6042445665,
        "incomeBeforeTaxRatio": -1.2516819722,
        "incomeTaxExpense": 166101202,
        "netIncome": 5872766850,
        "netIncomeRatio": -1.2165333047,
        "eps": 23980.6,
        "epsdiluted": 23980.6,
        "weightedAverageShsOut": 244888,
        "weightedAverageShsOutDil": 244888,
        "link": "https://www.sec.gov/Archives/edgar/data/1716338/000119312522125009/0001193125-22-125009-index.htm",
        "finalLink": "https://www.sec.gov/Archives/edgar/data/1716338/000119312522125009/d244669d20f.htm"
    },
    {
        "date": "2021-09-30",
        "symbol": "PT",
        "reportedCurrency": "CNY",
        "cik": "0001716338",
        "fillingDate": "2021-09-30",
        "acceptedDate": "2021-09-29 20:00:00",
        "calendarYear": "2021",
        "period": "Q3",
        "revenue": 40816000,
        "costOfRevenue": 20045500,
        "grossProfit": 20770500,
        "grossProfitRatio": 0.5088813211,
        "researchAndDevelopmentExpenses": 3260500,
        "generalAndAdministrativeExpenses": 25095500,
        "sellingAndMarketingExpenses": 10534000,
        "sellingGeneralAndAdministrativeExpenses": 35629500,
        "otherExpenses": 0,
        "operatingExpenses": 34205000,
        "costAndExpenses": 54250500,
        "interestIncome": 16226500,
        "interestExpense": 0,
        "depreciationAndAmortization": 3806250,
        "ebitda": -14313250,
        "ebitdaratio": -0.3506774304,
        "operatingIncome": -18119500,
        "operatingIncomeRatio": -0.4439313015,
        "totalOtherIncomeExpensesNet": -11541500,
        "incomeBeforeTax": -29661000,
        "incomeBeforeTaxRatio": -0.7267003136,
        "incomeTaxExpense": 4270500,
        "netIncome": -31481500,
        "netIncomeRatio": -0.7713029204,
        "eps": -128.45,
        "epsdiluted": -128.45,
        "weightedAverageShsOut": 244888,
        "weightedAverageShsOutDil": 244888,
        "link": null,
        "finalLink": null
    },
    {
        "date": "2021-06-30",
        "symbol": "PT",
        "reportedCurrency": "CNY",
        "cik": "0001716338",
        "fillingDate": "2021-06-30",
        "acceptedDate": "2021-06-30 00:00:00",
        "calendarYear": "2021",
        "period": "Q2",
        "revenue": 45804000,
        "costOfRevenue": 24814500,
        "grossProfit": 20989500,
        "grossProfitRatio": 0.4582460047,
        "researchAndDevelopmentExpenses": 8096500,
        "generalAndAdministrativeExpenses": 18960000,
        "sellingAndMarketingExpenses": 9934000,
        "sellingGeneralAndAdministrativeExpenses": 28894000,
        "otherExpenses": 0,
        "operatingExpenses": 42302499,
        "costAndExpenses": 67117000,
        "interestIncome": 0,
        "interestExpense": 0,
        "depreciationAndAmortization": 3806250,
        "ebitda": -12194750,
        "ebitdaratio": -0.2662376648,
        "operatingIncome": -16001000,
        "operatingIncomeRatio": -0.3493363025,
        "totalOtherIncomeExpensesNet": -5312000,
        "incomeBeforeTax": -21313000,
        "incomeBeforeTaxRatio": -0.4653087067,
        "incomeTaxExpense": 834500,
        "netIncome": -19383000,
        "netIncomeRatio": -0.4231726487,
        "eps": -79.45,
        "epsdiluted": -79.45,
        "weightedAverageShsOut": 244442,
        "weightedAverageShsOutDil": 244442,
        "link": null,
        "finalLink": null
    },
    {
        "date": "2021-03-31",
        "symbol": "PT",
        "reportedCurrency": "CNY",
        "cik": "0001716338",
        "fillingDate": "2021-03-31",
        "acceptedDate": "2021-03-30 20:00:00",
        "calendarYear": "2021",
        "period": "Q1",
        "revenue": 45804000,
        "costOfRevenue": 24814500,
        "grossProfit": 20989500,
        "grossProfitRatio": 0.4582460047,
        "researchAndDevelopmentExpenses": 8096500,
        "generalAndAdministrativeExpenses": 18960000,
        "sellingAndMarketingExpenses": 9934000,
        "sellingGeneralAndAdministrativeExpenses": 28894000,
        "otherExpenses": 0,
        "operatingExpenses": 42302499,
        "costAndExpenses": 67117000,
        "interestIncome": 0,
        "interestExpense": 0,
        "depreciationAndAmortization": 3806250,
        "ebitda": -12194750,
        "ebitdaratio": -0.2662376648,
        "operatingIncome": -16001000,
        "operatingIncomeRatio": -0.3493363025,
        "totalOtherIncomeExpensesNet": -5312000,
        "incomeBeforeTax": -21313000,
        "incomeBeforeTaxRatio": -0.4653087067,
        "incomeTaxExpense": 834500,
        "netIncome": -19383000,
        "netIncomeRatio": -0.4231726487,
        "eps": -79.45,
        "epsdiluted": -79.45,
        "weightedAverageShsOut": 244442,
        "weightedAverageShsOutDil": 244442,
        "link": null,
        "finalLink": null
    },
    {
        "date": "2020-12-31",
        "symbol": "PT",
        "reportedCurrency": "CNY",
        "cik": "0001716338",
        "fillingDate": "2021-04-30",
        "acceptedDate": "2021-04-30 16:09:18",
        "calendarYear": "2020",
        "period": "Q4",
        "revenue": -3610609790,
        "costOfRevenue": 2502545964,
        "grossProfit": -6113155755,
        "grossProfitRatio": 1.6931089513,
        "researchAndDevelopmentExpenses": -547622289,
        "generalAndAdministrativeExpenses": 5711403375,
        "sellingAndMarketingExpenses": -470139096,
        "sellingGeneralAndAdministrativeExpenses": -6397743680,
        "otherExpenses": 0,
        "operatingExpenses": -6945365970,
        "costAndExpenses": -4442820005,
        "interestIncome": 0,
        "interestExpense": 0,
        "depreciationAndAmortization": 24837494,
        "ebitda": 4095489878,
        "ebitdaratio": -1.1342931295,
        "operatingIncome": 4095489878,
        "operatingIncomeRatio": -1.1342931295,
        "totalOtherIncomeExpensesNet": 1152273749,
        "incomeBeforeTax": 5247763627,
        "incomeBeforeTaxRatio": -1.4534286262,
        "incomeTaxExpense": 446448449,
        "netIncome": 4797647874,
        "netIncomeRatio": -1.3287638801,
        "eps": 19703.25,
        "epsdiluted": 19703.25,
        "weightedAverageShsOut": 243490,
        "weightedAverageShsOutDil": 243490,
        "link": "https://www.sec.gov/Archives/edgar/data/1716338/000119312521145037/0001193125-21-145037-index.htm",
        "finalLink": "https://www.sec.gov/Archives/edgar/data/1716338/000119312521145037/d31964d20f.htm"
    },
    {
        "date": "2020-09-30",
        "symbol": "PT",
        "reportedCurrency": "CNY",
        "cik": "0001716338",
        "fillingDate": "2020-09-30",
        "acceptedDate": "2020-09-29 20:00:00",
        "calendarYear": "2020",
        "period": "Q3",
        "revenue": 63338000,
        "costOfRevenue": 38418500,
        "grossProfit": 24919500,
        "grossProfitRatio": 0.3934367994,
        "researchAndDevelopmentExpenses": 6348500,
        "generalAndAdministrativeExpenses": 27385000,
        "sellingAndMarketingExpenses": 9915500,
        "sellingGeneralAndAdministrativeExpenses": 37300500,
        "otherExpenses": 0,
        "operatingExpenses": 78554000,
        "costAndExpenses": 116972500,
        "interestIncome": 17166000,
        "interestExpense": 0,
        "depreciationAndAmortization": 3072250,
        "ebitda": -15657250,
        "ebitdaratio": -0.247201522,
        "operatingIncome": -18729500,
        "operatingIncomeRatio": -0.2957071584,
        "totalOtherIncomeExpensesNet": -52071000,
        "incomeBeforeTax": -70800500,
        "incomeBeforeTaxRatio": -1.1178202659,
        "incomeTaxExpense": 25171500,
        "netIncome": -94836500,
        "netIncomeRatio": -1.4973080931,
        "eps": -389.55,
        "epsdiluted": -389.55,
        "weightedAverageShsOut": 243490,
        "weightedAverageShsOutDil": 243490,
        "link": null,
        "finalLink": null
    },
    {
        "date": "2020-06-30",
        "symbol": "PT",
        "reportedCurrency": "CNY",
        "cik": "0001716338",
        "fillingDate": "2020-06-30",
        "acceptedDate": "2020-06-30 00:00:00",
        "calendarYear": "2020",
        "period": "Q2",
        "revenue": 125794000,
        "costOfRevenue": 104468500,
        "grossProfit": 21325500,
        "grossProfitRatio": 0.1695271635,
        "researchAndDevelopmentExpenses": 12412000,
        "generalAndAdministrativeExpenses": 58924500,
        "sellingAndMarketingExpenses": 33132000,
        "sellingGeneralAndAdministrativeExpenses": 92056500,
        "otherExpenses": 0,
        "operatingExpenses": 104468500,
        "costAndExpenses": 208937000,
        "interestIncome": 0,
        "interestExpense": 0,
        "depreciationAndAmortization": 3072250,
        "ebitda": -52704500,
        "ebitdaratio": -0.4189746729,
        "operatingIncome": -50011000,
        "operatingIncomeRatio": -0.3975626818,
        "totalOtherIncomeExpensesNet": -2660500,
        "incomeBeforeTax": -52671500,
        "incomeBeforeTaxRatio": -0.4187123392,
        "incomeTaxExpense": -573500,
        "netIncome": -52131000,
        "netIncomeRatio": -0.4144156319,
        "eps": -215.6,
        "epsdiluted": -215.6,
        "weightedAverageShsOut": 241953,
        "weightedAverageShsOutDil": 241953,
        "link": null,
        "finalLink": null
    },
    {
        "date": "2020-03-31",
        "symbol": "PT",
        "reportedCurrency": "CNY",
        "cik": "0001716338",
        "fillingDate": "2020-06-16",
        "acceptedDate": "2020-06-16 08:05:33",
        "calendarYear": "2020",
        "period": "Q1",
        "revenue": 125794000,
        "costOfRevenue": 104468500,
        "grossProfit": 21325500,
        "grossProfitRatio": 0.1695271635,
        "researchAndDevelopmentExpenses": 12412000,
        "generalAndAdministrativeExpenses": 46491500,
        "sellingAndMarketingExpenses": 12433000,
        "sellingGeneralAndAdministrativeExpenses": 58924500,
        "otherExpenses": 0,
        "operatingExpenses": 73997000,
        "costAndExpenses": 178465500,
        "interestIncome": 0,
        "interestExpense": 0,
        "depreciationAndAmortization": 3072250,
        "ebitda": -46938750,
        "ebitdaratio": -0.3731398159,
        "operatingIncome": -50011000,
        "operatingIncomeRatio": -0.3975626818,
        "totalOtherIncomeExpensesNet": -2660500,
        "incomeBeforeTax": -52671500,
        "incomeBeforeTaxRatio": -0.4187123392,
        "incomeTaxExpense": 573500,
        "netIncome": -52131000,
        "netIncomeRatio": -0.4144156319,
        "eps": -215.6,
        "epsdiluted": -215.6,
        "weightedAverageShsOut": 241953,
        "weightedAverageShsOutDil": 241953,
        "link": "https://www.sec.gov/Archives/edgar/data/1716338/000119312520169946/0001193125-20-169946-index.htm",
        "finalLink": "https://www.sec.gov/Archives/edgar/data/1716338/000119312520169946/d932755dex991.htm"
    },
    {
        "date": "2019-12-31",
        "symbol": "PT",
        "reportedCurrency": "CNY",
        "cik": "0001716338",
        "fillingDate": "2020-06-29",
        "acceptedDate": "2020-06-29 16:06:17",
        "calendarYear": "2019",
        "period": "Q4",
        "revenue": 508958000,
        "costOfRevenue": 467090000,
        "grossProfit": 41868000,
        "grossProfitRatio": 0.0822621906,
        "researchAndDevelopmentExpenses": 17904000,
        "generalAndAdministrativeExpenses": 873723000,
        "sellingAndMarketingExpenses": 9818000,
        "sellingGeneralAndAdministrativeExpenses": 883541000,
        "otherExpenses": 0,
        "operatingExpenses": 901445000,
        "costAndExpenses": 1368535000,
        "interestIncome": 6926000,
        "interestExpense": 0,
        "depreciationAndAmortization": 3072250,
        "ebitda": -856504750,
        "ebitdaratio": -1.6828593911,
        "operatingIncome": -859577000,
        "operatingIncomeRatio": -1.6888957439,
        "totalOtherIncomeExpensesNet": -156087000,
        "incomeBeforeTax": -1015664000,
        "incomeBeforeTaxRatio": -1.9955752734,
        "incomeTaxExpense": 6052000,
        "netIncome": -1021716000,
        "netIncomeRatio": -2.0074662349,
        "eps": -4211.9,
        "epsdiluted": -4211.9,
        "weightedAverageShsOut": 242574,
        "weightedAverageShsOutDil": 242574,
        "link": "https://www.sec.gov/Archives/edgar/data/1716338/000119312520182324/0001193125-20-182324-index.htm",
        "finalLink": "https://www.sec.gov/Archives/edgar/data/1716338/000119312520182324/d884955d20f.htm"
    },
    {
        "date": "2019-09-30",
        "symbol": "PT",
        "reportedCurrency": "CNY",
        "cik": "0001716338",
        "fillingDate": "2019-10-18",
        "acceptedDate": "2019-10-18 16:16:43",
        "calendarYear": "2019",
        "period": "Q3",
        "revenue": 296824000,
        "costOfRevenue": 97721000,
        "grossProfit": 199103000,
        "grossProfitRatio": 0.6707779694,
        "researchAndDevelopmentExpenses": 16084000,
        "generalAndAdministrativeExpenses": 90356000,
        "sellingAndMarketingExpenses": 17532000,
        "sellingGeneralAndAdministrativeExpenses": 107888000,
        "otherExpenses": 0,
        "operatingExpenses": 123972000,
        "costAndExpenses": 221693000,
        "interestIncome": 3518000,
        "interestExpense": 0,
        "depreciationAndAmortization": 1175250,
        "ebitda": 75131000,
        "ebitdaratio": 0.2531163248,
        "operatingIncome": 75131000,
        "operatingIncomeRatio": 0.2531163248,
        "totalOtherIncomeExpensesNet": -57939000,
        "incomeBeforeTax": 17192000,
        "incomeBeforeTaxRatio": 0.0579198448,
        "incomeTaxExpense": -24699000,
        "netIncome": 41891000,
        "netIncomeRatio": 0.1411307711,
        "eps": 182.35,
        "epsdiluted": 148.05,
        "weightedAverageShsOut": 273856,
        "weightedAverageShsOutDil": 282658,
        "link": "https://www.sec.gov/Archives/edgar/data/1716338/000110465919054967/0001104659-19-054967-index.html",
        "finalLink": "https://www.sec.gov/Archives/edgar/data/1716338/000110465919054967/a19-20446_16k.htm"
    },
    {
        "date": "2019-06-30",
        "symbol": "PT",
        "reportedCurrency": "CNY",
        "cik": "0001716338",
        "fillingDate": "2019-08-01",
        "acceptedDate": "2019-08-01 06:03:13",
        "calendarYear": "2019",
        "period": "Q2",
        "revenue": 479454000,
        "costOfRevenue": 204877000,
        "grossProfit": 274577000,
        "grossProfitRatio": 0.572686848,
        "researchAndDevelopmentExpenses": 45091000,
        "generalAndAdministrativeExpenses": 173475000,
        "sellingAndMarketingExpenses": 0,
        "sellingGeneralAndAdministrativeExpenses": 173475000,
        "otherExpenses": 0,
        "operatingExpenses": 218566000,
        "costAndExpenses": 423443000,
        "interestIncome": 0,
        "interestExpense": 27918000,
        "depreciationAndAmortization": 1175250,
        "ebitda": 121868000,
        "ebitdaratio": 0.2541807973,
        "operatingIncome": 56011000,
        "operatingIncomeRatio": 0.1168224689,
        "totalOtherIncomeExpensesNet": 37939000,
        "incomeBeforeTax": 93950000,
        "incomeBeforeTaxRatio": 0.1959520621,
        "incomeTaxExpense": 20615000,
        "netIncome": 73335000,
        "netIncomeRatio": 0.1529552366,
        "eps": 318.5,
        "epsdiluted": 313.95,
        "weightedAverageShsOut": 230251,
        "weightedAverageShsOutDil": 233495,
        "link": "https://www.sec.gov/Archives/edgar/data/1716338/000110465919043114/0001104659-19-043114-index.html",
        "finalLink": "https://www.sec.gov/Archives/edgar/data/1716338/000110465919043114/a19-16343_16k.htm"
    },
    {
        "date": "2019-03-31",
        "symbol": "PT",
        "reportedCurrency": "CNY",
        "cik": "0001716338",
        "fillingDate": "2019-03-31",
        "acceptedDate": "2019-03-30 20:00:00",
        "calendarYear": "2019",
        "period": "Q1",
        "revenue": 239727000,
        "costOfRevenue": 102438500,
        "grossProfit": 137288500,
        "grossProfitRatio": 0.572686848,
        "researchAndDevelopmentExpenses": 22545500,
        "generalAndAdministrativeExpenses": 65616000,
        "sellingAndMarketingExpenses": 21121500,
        "sellingGeneralAndAdministrativeExpenses": 86737500,
        "otherExpenses": 0,
        "operatingExpenses": 106669500,
        "costAndExpenses": 209108000,
        "interestIncome": 16356000,
        "interestExpense": 0,
        "depreciationAndAmortization": 1175250,
        "ebitda": 29180750,
        "ebitdaratio": 0.1217249204,
        "operatingIncome": 28005500,
        "operatingIncomeRatio": 0.1168224689,
        "totalOtherIncomeExpensesNet": 18969500,
        "incomeBeforeTax": 46975000,
        "incomeBeforeTaxRatio": 0.1959520621,
        "incomeTaxExpense": 10307500,
        "netIncome": 36667500,
        "netIncomeRatio": 0.1529552366,
        "eps": 159.25,
        "epsdiluted": 157.15,
        "weightedAverageShsOut": 230251,
        "weightedAverageShsOutDil": 233495,
        "link": null,
        "finalLink": null
    },
    {
        "date": "2018-12-31",
        "symbol": "PT",
        "reportedCurrency": "CNY",
        "cik": "0001716338",
        "fillingDate": "2019-07-30",
        "acceptedDate": "2019-07-30 16:18:48",
        "calendarYear": "2018",
        "period": "Q4",
        "revenue": 226015000,
        "costOfRevenue": 90475000,
        "grossProfit": 135540000,
        "grossProfitRatio": 0.5996947105,
        "researchAndDevelopmentExpenses": 35523000,
        "generalAndAdministrativeExpenses": 153388000,
        "sellingAndMarketingExpenses": 30001000,
        "sellingGeneralAndAdministrativeExpenses": 183389000,
        "otherExpenses": 0,
        "operatingExpenses": 218912000,
        "costAndExpenses": 309387000,
        "interestIncome": 0,
        "interestExpense": 0,
        "depreciationAndAmortization": 1175250,
        "ebitda": -73775750,
        "ebitdaratio": -0.3264197067,
        "operatingIncome": -83372000,
        "operatingIncomeRatio": -0.3688781718,
        "totalOtherIncomeExpensesNet": 7169000,
        "incomeBeforeTax": -62601000,
        "incomeBeforeTaxRatio": -0.2769771918,
        "incomeTaxExpense": -54192000,
        "netIncome": -17802000,
        "netIncomeRatio": -0.0787646838,
        "eps": -82.25,
        "epsdiluted": -82.25,
        "weightedAverageShsOut": 216811,
        "weightedAverageShsOutDil": 216811,
        "link": "https://www.sec.gov/Archives/edgar/data/1716338/000110465919042643/0001104659-19-042643-index.htm",
        "finalLink": "https://www.sec.gov/Archives/edgar/data/1716338/000110465919042643/a19-6469_120f.htm"
    },
    {
        "date": "2018-09-30",
        "symbol": "PT",
        "reportedCurrency": "CNY",
        "cik": "0001716338",
        "fillingDate": "2018-11-28",
        "acceptedDate": "2018-11-28 16:15:50",
        "calendarYear": "2018",
        "period": "Q3",
        "revenue": 246754000,
        "costOfRevenue": 120933000,
        "grossProfit": 125821000,
        "grossProfitRatio": 0.5099046013,
        "researchAndDevelopmentExpenses": 20404000,
        "generalAndAdministrativeExpenses": 63003000,
        "sellingAndMarketingExpenses": 18405000,
        "sellingGeneralAndAdministrativeExpenses": 81408000,
        "otherExpenses": 0,
        "operatingExpenses": 101812000,
        "costAndExpenses": 222745000,
        "interestIncome": 0,
        "interestExpense": 0,
        "depreciationAndAmortization": 1231000,
        "ebitda": 24009000,
        "ebitdaratio": 0.0972993346,
        "operatingIncome": 24009000,
        "operatingIncomeRatio": 0.0972993346,
        "totalOtherIncomeExpensesNet": 7599000,
        "incomeBeforeTax": 31608000,
        "incomeBeforeTaxRatio": 0.1280951879,
        "incomeTaxExpense": 28236000,
        "netIncome": -30828000,
        "netIncomeRatio": -0.1249341449,
        "eps": -449.4,
        "epsdiluted": -449.4,
        "weightedAverageShsOut": 68571,
        "weightedAverageShsOutDil": 68571,
        "link": "https://www.sec.gov/Archives/edgar/data/1716338/000110465918070311/0001104659-18-070311-index.html",
        "finalLink": "https://www.sec.gov/Archives/edgar/data/1716338/000110465918070311/a18-40809_16k.htm"
    },
    {
        "date": "2018-06-30",
        "symbol": "PT",
        "reportedCurrency": "CNY",
        "cik": "0001716338",
        "fillingDate": "2018-06-30",
        "acceptedDate": "2018-06-30 00:00:00",
        "calendarYear": "2018",
        "period": "Q2",
        "revenue": 298264000,
        "costOfRevenue": 170745000,
        "grossProfit": 127519000,
        "grossProfitRatio": 0.4275373495,
        "researchAndDevelopmentExpenses": 20349000,
        "generalAndAdministrativeExpenses": 52703000,
        "sellingAndMarketingExpenses": 29222000,
        "sellingGeneralAndAdministrativeExpenses": 81925000,
        "otherExpenses": 0,
        "operatingExpenses": 102274000,
        "costAndExpenses": 273019000,
        "interestIncome": 0,
        "interestExpense": 0,
        "depreciationAndAmortization": 1231000,
        "ebitda": 26476000,
        "ebitdaratio": 0.0887669984,
        "operatingIncome": 25245000,
        "operatingIncomeRatio": 0.0846397822,
        "totalOtherIncomeExpensesNet": -7497000,
        "incomeBeforeTax": 17748000,
        "incomeBeforeTaxRatio": 0.0595043317,
        "incomeTaxExpense": 19967000,
        "netIncome": -23981000,
        "netIncomeRatio": -0.0804019258,
        "eps": -438.9,
        "epsdiluted": -438.9,
        "weightedAverageShsOut": 54617,
        "weightedAverageShsOutDil": 54617,
        "link": null,
        "finalLink": null
    },
    {
        "date": "2018-03-31",
        "symbol": "PT",
        "reportedCurrency": "CNY",
        "cik": "0001716338",
        "fillingDate": "2018-03-31",
        "acceptedDate": "2018-03-31 00:00:00",
        "calendarYear": "2018",
        "period": "Q1",
        "revenue": 279400000,
        "costOfRevenue": 170775000,
        "grossProfit": 108625000,
        "grossProfitRatio": 0.3887795276,
        "researchAndDevelopmentExpenses": 18714000,
        "generalAndAdministrativeExpenses": 43886000,
        "sellingAndMarketingExpenses": 22042000,
        "sellingGeneralAndAdministrativeExpenses": 65928000,
        "otherExpenses": 0,
        "operatingExpenses": 84642000,
        "costAndExpenses": 255417000,
        "interestIncome": 0,
        "interestExpense": 0,
        "depreciationAndAmortization": 1083000,
        "ebitda": 25066000,
        "ebitdaratio": 0.0897136722,
        "operatingIncome": 23983000,
        "operatingIncomeRatio": 0.0858375089,
        "totalOtherIncomeExpensesNet": 2322000,
        "incomeBeforeTax": 26305000,
        "incomeBeforeTaxRatio": 0.0941481747,
        "incomeTaxExpense": 11700000,
        "netIncome": 3190000,
        "netIncomeRatio": 0.0114173228,
        "eps": 58.45,
        "epsdiluted": 58.45,
        "weightedAverageShsOut": 54617,
        "weightedAverageShsOutDil": 54617,
        "link": null,
        "finalLink": null
    },
    {
        "date": "2017-12-31",
        "symbol": "PT",
        "reportedCurrency": "CNY",
        "cik": "0001716338",
        "fillingDate": "2017-12-31",
        "acceptedDate": "2017-12-31 00:00:00",
        "calendarYear": "2017",
        "period": "Q4",
        "revenue": 222600000,
        "costOfRevenue": 141341000,
        "grossProfit": 81259000,
        "grossProfitRatio": 0.3650449236,
        "researchAndDevelopmentExpenses": 18670000,
        "generalAndAdministrativeExpenses": 28843000,
        "sellingAndMarketingExpenses": 22124000,
        "sellingGeneralAndAdministrativeExpenses": 50967000,
        "otherExpenses": 0,
        "operatingExpenses": 69637000,
        "costAndExpenses": 210978000,
        "interestIncome": 0,
        "interestExpense": 0,
        "depreciationAndAmortization": 1019750,
        "ebitda": 11622000,
        "ebitdaratio": 0.0522102426,
        "operatingIncome": 11622000,
        "operatingIncomeRatio": 0.0522102426,
        "totalOtherIncomeExpensesNet": -11284000,
        "incomeBeforeTax": 338000,
        "incomeBeforeTaxRatio": 0.0015184187,
        "incomeTaxExpense": 9675000,
        "netIncome": -20513000,
        "netIncomeRatio": -0.0921518419,
        "eps": -385.7,
        "epsdiluted": -375.55,
        "weightedAverageShsOut": 53190,
        "weightedAverageShsOutDil": 54617,
        "link": null,
        "finalLink": null
    },
    {
        "date": "2017-09-30",
        "symbol": "PT",
        "reportedCurrency": "CNY",
        "cik": "0001716338",
        "fillingDate": "2017-09-30",
        "acceptedDate": "2017-09-29 20:00:00",
        "calendarYear": "2017",
        "period": "Q3",
        "revenue": 172073000,
        "costOfRevenue": 115099000,
        "grossProfit": 56974000,
        "grossProfitRatio": 0.3311036595,
        "researchAndDevelopmentExpenses": 19175000,
        "generalAndAdministrativeExpenses": 28262000,
        "sellingAndMarketingExpenses": 19375000,
        "sellingGeneralAndAdministrativeExpenses": 47637000,
        "otherExpenses": -379000,
        "operatingExpenses": 66812000,
        "costAndExpenses": 181911000,
        "interestIncome": 0,
        "interestExpense": 0,
        "depreciationAndAmortization": 899000,
        "ebitda": -8939000,
        "ebitdaratio": -0.0519488822,
        "operatingIncome": -9838000,
        "operatingIncomeRatio": -0.057173409,
        "totalOtherIncomeExpensesNet": -379000,
        "incomeBeforeTax": -10217000,
        "incomeBeforeTaxRatio": -0.0593759625,
        "incomeTaxExpense": 8835000,
        "netIncome": -30337000,
        "netIncomeRatio": -0.1763030807,
        "eps": -555.45,
        "epsdiluted": -555.45,
        "weightedAverageShsOut": 54617,
        "weightedAverageShsOutDil": 54617,
        "link": null,
        "finalLink": null
    },
    {
        "date": "2017-06-30",
        "symbol": "PT",
        "reportedCurrency": "CNY",
        "cik": "0001716338",
        "fillingDate": "2017-06-30",
        "acceptedDate": "2017-06-29 20:00:00",
        "calendarYear": "2017",
        "period": "Q2",
        "revenue": 110462000,
        "costOfRevenue": 72978000,
        "grossProfit": 37484000,
        "grossProfitRatio": 0.339338415,
        "researchAndDevelopmentExpenses": 17119000,
        "generalAndAdministrativeExpenses": 24173000,
        "sellingAndMarketingExpenses": 16114000,
        "sellingGeneralAndAdministrativeExpenses": 40287000,
        "otherExpenses": 0,
        "operatingExpenses": 57406000,
        "costAndExpenses": 130384000,
        "interestIncome": 0,
        "interestExpense": 0,
        "depreciationAndAmortization": 899000,
        "ebitda": -19023000,
        "ebitdaratio": -0.1722130687,
        "operatingIncome": -19922000,
        "operatingIncomeRatio": -0.1803516141,
        "totalOtherIncomeExpensesNet": -1009000,
        "incomeBeforeTax": -20931000,
        "incomeBeforeTaxRatio": -0.1894859771,
        "incomeTaxExpense": 6000,
        "netIncome": -32394000,
        "netIncomeRatio": -0.2932592204,
        "eps": -593.25,
        "epsdiluted": -593.25,
        "weightedAverageShsOut": 54617,
        "weightedAverageShsOutDil": 54617,
        "link": null,
        "finalLink": null
    },
    {
        "date": "2017-03-31",
        "symbol": "PT",
        "reportedCurrency": "CNY",
        "cik": "0001716338",
        "fillingDate": "2017-03-31",
        "acceptedDate": "2017-03-30 20:00:00",
        "calendarYear": "2017",
        "period": "Q1",
        "revenue": 63585000,
        "costOfRevenue": 42995000,
        "grossProfit": 20590000,
        "grossProfitRatio": 0.3238185107,
        "researchAndDevelopmentExpenses": 16553000,
        "generalAndAdministrativeExpenses": 25045000,
        "sellingAndMarketingExpenses": 14463000,
        "sellingGeneralAndAdministrativeExpenses": 39508000,
        "otherExpenses": -63000,
        "operatingExpenses": 56061000,
        "costAndExpenses": 99056000,
        "interestIncome": 0,
        "interestExpense": 0,
        "depreciationAndAmortization": 757000,
        "ebitda": -34714000,
        "ebitdaratio": -0.545946371,
        "operatingIncome": -35471000,
        "operatingIncomeRatio": -0.5578516946,
        "totalOtherIncomeExpensesNet": -63000,
        "incomeBeforeTax": -35534000,
        "incomeBeforeTaxRatio": -0.5588424943,
        "incomeTaxExpense": 0,
        "netIncome": -47109000,
        "netIncomeRatio": -0.7408822836,
        "eps": -862.4,
        "epsdiluted": -862.4,
        "weightedAverageShsOut": 54617,
        "weightedAverageShsOutDil": 54617,
        "link": null,
        "finalLink": null
    }
]