[
    {
        "date": "2024-03-31",
        "symbol": "PXD",
        "reportedCurrency": "USD",
        "cik": "0001038357",
        "fillingDate": "2024-05-02",
        "acceptedDate": "2024-05-02 17:12:45",
        "calendarYear": "2024",
        "period": "Q1",
        "revenue": 4903000000,
        "costOfRevenue": 3226000000,
        "grossProfit": 1677000000,
        "grossProfitRatio": 0.3420354885,
        "researchAndDevelopmentExpenses": 0,
        "generalAndAdministrativeExpenses": 92000000,
        "sellingAndMarketingExpenses": 0,
        "sellingGeneralAndAdministrativeExpenses": 92000000,
        "otherExpenses": 25000000,
        "operatingExpenses": 117000000,
        "costAndExpenses": 3343000000,
        "interestIncome": 28000000,
        "interestExpense": 40000000,
        "depreciationAndAmortization": 779000000,
        "ebitda": 2212000000,
        "ebitdaratio": 0.4511523557,
        "operatingIncome": -302000000,
        "operatingIncomeRatio": -0.0615949419,
        "totalOtherIncomeExpensesNet": 1706000000,
        "incomeBeforeTax": 1404000000,
        "incomeBeforeTaxRatio": 0.2863552927,
        "incomeTaxExpense": 309000000,
        "netIncome": 1093000000,
        "netIncomeRatio": 0.22292474,
        "eps": 4.68,
        "epsdiluted": 4.57,
        "weightedAverageShsOut": 234000000,
        "weightedAverageShsOutDil": 239000000,
        "link": "https://www.sec.gov/Archives/edgar/data/1038357/000103835724000043/0001038357-24-000043-index.htm",
        "finalLink": "https://www.sec.gov/Archives/edgar/data/1038357/000103835724000043/pxd-20240331.htm"
    },
    {
        "date": "2023-12-31",
        "symbol": "PXD",
        "reportedCurrency": "USD",
        "cik": "0001038357",
        "fillingDate": "2024-02-22",
        "acceptedDate": "2024-02-22 08:21:54",
        "calendarYear": "2023",
        "period": "Q4",
        "revenue": 5076000000,
        "costOfRevenue": 3294000000,
        "grossProfit": 1782000000,
        "grossProfitRatio": 0.3510638298,
        "researchAndDevelopmentExpenses": 0,
        "generalAndAdministrativeExpenses": 202000000,
        "sellingAndMarketingExpenses": 0,
        "sellingGeneralAndAdministrativeExpenses": 202000000,
        "otherExpenses": 28000000,
        "operatingExpenses": 230000000,
        "costAndExpenses": 3524000000,
        "interestIncome": 2000000,
        "interestExpense": 0,
        "depreciationAndAmortization": 780000000,
        "ebitda": 2514000000,
        "ebitdaratio": 0.4952718676,
        "operatingIncome": 1514000000,
        "operatingIncomeRatio": 0.2982663515,
        "totalOtherIncomeExpensesNet": 4154000000,
        "incomeBeforeTax": 1616000000,
        "incomeBeforeTaxRatio": 0.3183609141,
        "incomeTaxExpense": 347000000,
        "netIncome": 1265000000,
        "netIncomeRatio": 0.2492119779,
        "eps": 5.43,
        "epsdiluted": 5.27,
        "weightedAverageShsOut": 233000000,
        "weightedAverageShsOutDil": 240000000,
        "link": "https://www.sec.gov/Archives/edgar/data/1038357/000103835724000020/0001038357-24-000020-index.htm",
        "finalLink": "https://www.sec.gov/Archives/edgar/data/1038357/000103835724000020/pxd-20231231.htm"
    },
    {
        "date": "2023-09-30",
        "symbol": "PXD",
        "reportedCurrency": "USD",
        "cik": "0001038357",
        "fillingDate": "2023-11-02",
        "acceptedDate": "2023-11-02 16:32:34",
        "calendarYear": "2023",
        "period": "Q3",
        "revenue": 5141000000,
        "costOfRevenue": 3159000000,
        "grossProfit": 1982000000,
        "grossProfitRatio": 0.3855281074,
        "researchAndDevelopmentExpenses": 0,
        "generalAndAdministrativeExpenses": 87000000,
        "sellingAndMarketingExpenses": 0,
        "sellingGeneralAndAdministrativeExpenses": 87000000,
        "otherExpenses": 22000000,
        "operatingExpenses": 109000000,
        "costAndExpenses": 3268000000,
        "interestIncome": 12000000,
        "interestExpense": 44000000,
        "depreciationAndAmortization": 732000000,
        "ebitda": 2390000000,
        "ebitdaratio": 0.4648900992,
        "operatingIncome": -221000000,
        "operatingIncomeRatio": -0.0429877456,
        "totalOtherIncomeExpensesNet": 1888000000,
        "incomeBeforeTax": 1667000000,
        "incomeBeforeTaxRatio": 0.3242559813,
        "incomeTaxExpense": 366000000,
        "netIncome": 1298000000,
        "netIncomeRatio": 0.2524800622,
        "eps": 5.57,
        "epsdiluted": 5.41,
        "weightedAverageShsOut": 233000000,
        "weightedAverageShsOutDil": 240000000,
        "link": "https://www.sec.gov/Archives/edgar/data/1038357/000103835723000094/0001038357-23-000094-index.htm",
        "finalLink": "https://www.sec.gov/Archives/edgar/data/1038357/000103835723000094/pxd-20230930.htm"
    },
    {
        "date": "2023-06-30",
        "symbol": "PXD",
        "reportedCurrency": "USD",
        "cik": "0001038357",
        "fillingDate": "2023-08-01",
        "acceptedDate": "2023-08-01 16:42:53",
        "calendarYear": "2023",
        "period": "Q2",
        "revenue": 4560000000,
        "costOfRevenue": 3009000000,
        "grossProfit": 1551000000,
        "grossProfitRatio": 0.3401315789,
        "researchAndDevelopmentExpenses": 0,
        "generalAndAdministrativeExpenses": 88000000,
        "sellingAndMarketingExpenses": 0,
        "sellingGeneralAndAdministrativeExpenses": 88000000,
        "otherExpenses": 27000000,
        "operatingExpenses": 115000000,
        "costAndExpenses": 3124000000,
        "interestIncome": 42000000,
        "interestExpense": 41000000,
        "depreciationAndAmortization": 699000000,
        "ebitda": 2120000000,
        "ebitdaratio": 0.4649122807,
        "operatingIncome": -289000000,
        "operatingIncomeRatio": -0.063377193,
        "totalOtherIncomeExpensesNet": 1696000000,
        "incomeBeforeTax": 1407000000,
        "incomeBeforeTaxRatio": 0.3085526316,
        "incomeTaxExpense": 305000000,
        "netIncome": 1100000000,
        "netIncomeRatio": 0.2412280702,
        "eps": 4.7,
        "epsdiluted": 4.55,
        "weightedAverageShsOut": 234000000,
        "weightedAverageShsOutDil": 242000000,
        "link": "https://www.sec.gov/Archives/edgar/data/1038357/000103835723000084/0001038357-23-000084-index.htm",
        "finalLink": "https://www.sec.gov/Archives/edgar/data/1038357/000103835723000084/pxd-20230630.htm"
    },
    {
        "date": "2023-03-31",
        "symbol": "PXD",
        "reportedCurrency": "USD",
        "cik": "0001038357",
        "fillingDate": "2023-04-27",
        "acceptedDate": "2023-04-27 16:50:22",
        "calendarYear": "2023",
        "period": "Q1",
        "revenue": 4597000000,
        "costOfRevenue": 2812000000,
        "grossProfit": 1785000000,
        "grossProfitRatio": 0.3882967152,
        "researchAndDevelopmentExpenses": 0,
        "generalAndAdministrativeExpenses": 84000000,
        "sellingAndMarketingExpenses": 0,
        "sellingGeneralAndAdministrativeExpenses": 84000000,
        "otherExpenses": 19000000,
        "operatingExpenses": 103000000,
        "costAndExpenses": 2915000000,
        "interestIncome": 28000000,
        "interestExpense": 65000000,
        "depreciationAndAmortization": 668000000,
        "ebitda": 2341000000,
        "ebitdaratio": 0.5092451599,
        "operatingIncome": 1641000000,
        "operatingIncomeRatio": 0.3569719382,
        "totalOtherIncomeExpensesNet": 1940000000,
        "incomeBeforeTax": 1557000000,
        "incomeBeforeTaxRatio": 0.3386991516,
        "incomeTaxExpense": 335000000,
        "netIncome": 1219000000,
        "netIncomeRatio": 0.2651729389,
        "eps": 5.19,
        "epsdiluted": 5,
        "weightedAverageShsOut": 235000000,
        "weightedAverageShsOutDil": 244000000,
        "link": "https://www.sec.gov/Archives/edgar/data/1038357/000103835723000064/0001038357-23-000064-index.htm",
        "finalLink": "https://www.sec.gov/Archives/edgar/data/1038357/000103835723000064/pxd-20230331.htm"
    },
    {
        "date": "2022-12-31",
        "symbol": "PXD",
        "reportedCurrency": "USD",
        "cik": "0001038357",
        "fillingDate": "2023-02-23",
        "acceptedDate": "2023-02-23 17:22:54",
        "calendarYear": "2022",
        "period": "Q4",
        "revenue": 5174000000,
        "costOfRevenue": 3062000000,
        "grossProfit": 2112000000,
        "grossProfitRatio": 0.4081948203,
        "researchAndDevelopmentExpenses": 0,
        "generalAndAdministrativeExpenses": 83000000,
        "sellingAndMarketingExpenses": 0,
        "sellingGeneralAndAdministrativeExpenses": 83000000,
        "otherExpenses": 13000000,
        "operatingExpenses": 96000000,
        "costAndExpenses": 3158000000,
        "interestIncome": 61000000,
        "interestExpense": 28000000,
        "depreciationAndAmortization": 666000000,
        "ebitda": 2575000000,
        "ebitdaratio": 0.4976807112,
        "operatingIncome": 2023000000,
        "operatingIncomeRatio": 0.3909934287,
        "totalOtherIncomeExpensesNet": -148000000,
        "incomeBeforeTax": 1868000000,
        "incomeBeforeTaxRatio": 0.361035949,
        "incomeTaxExpense": 387000000,
        "netIncome": 1481000000,
        "netIncomeRatio": 0.2862388867,
        "eps": 6.23,
        "epsdiluted": 5.98,
        "weightedAverageShsOut": 237000000,
        "weightedAverageShsOutDil": 247000000,
        "link": "https://www.sec.gov/Archives/edgar/data/1038357/000103835723000039/0001038357-23-000039-index.htm",
        "finalLink": "https://www.sec.gov/Archives/edgar/data/1038357/000103835723000039/pxd-20221231.htm"
    },
    {
        "date": "2022-09-30",
        "symbol": "PXD",
        "reportedCurrency": "USD",
        "cik": "0001038357",
        "fillingDate": "2022-10-28",
        "acceptedDate": "2022-10-28 17:29:54",
        "calendarYear": "2022",
        "period": "Q3",
        "revenue": 6057000000,
        "costOfRevenue": 3431000000,
        "grossProfit": 2626000000,
        "grossProfitRatio": 0.433547961,
        "researchAndDevelopmentExpenses": 0,
        "generalAndAdministrativeExpenses": 90000000,
        "sellingAndMarketingExpenses": 0,
        "sellingGeneralAndAdministrativeExpenses": 90000000,
        "otherExpenses": 12000000,
        "operatingExpenses": 102000000,
        "costAndExpenses": 3533000000,
        "interestIncome": 15000000,
        "interestExpense": 42000000,
        "depreciationAndAmortization": 641000000,
        "ebitda": 3129000000,
        "ebitdaratio": 0.5165923725,
        "operatingIncome": 2488000000,
        "operatingIncomeRatio": 0.4107644048,
        "totalOtherIncomeExpensesNet": 2991000000,
        "incomeBeforeTax": 2494000000,
        "incomeBeforeTaxRatio": 0.4117549942,
        "incomeTaxExpense": 510000000,
        "netIncome": 1984000000,
        "netIncomeRatio": 0.3275548952,
        "eps": 8.3,
        "epsdiluted": 7.94,
        "weightedAverageShsOut": 239000000,
        "weightedAverageShsOutDil": 250000000,
        "link": "https://www.sec.gov/Archives/edgar/data/1038357/000103835722000136/0001038357-22-000136-index.htm",
        "finalLink": "https://www.sec.gov/Archives/edgar/data/1038357/000103835722000136/pxd-20220930.htm"
    },
    {
        "date": "2022-06-30",
        "symbol": "PXD",
        "reportedCurrency": "USD",
        "cik": "0001038357",
        "fillingDate": "2022-08-02",
        "acceptedDate": "2022-08-02 16:52:23",
        "calendarYear": "2022",
        "period": "Q2",
        "revenue": 7005000000,
        "costOfRevenue": 3751000000,
        "grossProfit": 3254000000,
        "grossProfitRatio": 0.464525339,
        "researchAndDevelopmentExpenses": 0,
        "generalAndAdministrativeExpenses": 88000000,
        "sellingAndMarketingExpenses": 0,
        "sellingGeneralAndAdministrativeExpenses": 88000000,
        "otherExpenses": 15000000,
        "operatingExpenses": 103000000,
        "costAndExpenses": 3854000000,
        "interestIncome": 0,
        "interestExpense": 33000000,
        "depreciationAndAmortization": 625000000,
        "ebitda": 3674000000,
        "ebitdaratio": 0.5244825125,
        "operatingIncome": 3085000000,
        "operatingIncomeRatio": 0.4403997145,
        "totalOtherIncomeExpensesNet": 3459000000,
        "incomeBeforeTax": 3028000000,
        "incomeBeforeTaxRatio": 0.4322626695,
        "incomeTaxExpense": 657000000,
        "netIncome": 2371000000,
        "netIncomeRatio": 0.3384725196,
        "eps": 9.8,
        "epsdiluted": 9.33,
        "weightedAverageShsOut": 242000000,
        "weightedAverageShsOutDil": 254000000,
        "link": "https://www.sec.gov/Archives/edgar/data/1038357/000103835722000118/0001038357-22-000118-index.htm",
        "finalLink": "https://www.sec.gov/Archives/edgar/data/1038357/000103835722000118/pxd-20220630.htm"
    },
    {
        "date": "2022-03-31",
        "symbol": "PXD",
        "reportedCurrency": "USD",
        "cik": "0001038357",
        "fillingDate": "2022-05-05",
        "acceptedDate": "2022-05-05 16:49:37",
        "calendarYear": "2022",
        "period": "Q1",
        "revenue": 6147000000,
        "costOfRevenue": 3406000000,
        "grossProfit": 2741000000,
        "grossProfitRatio": 0.4459085733,
        "researchAndDevelopmentExpenses": 0,
        "generalAndAdministrativeExpenses": 73000000,
        "sellingAndMarketingExpenses": 0,
        "sellingGeneralAndAdministrativeExpenses": 73000000,
        "otherExpenses": 0,
        "operatingExpenses": 73000000,
        "costAndExpenses": 3497000000,
        "interestIncome": 126000000,
        "interestExpense": 37000000,
        "depreciationAndAmortization": 623000000,
        "ebitda": 3124000000,
        "ebitdaratio": 0.5082153896,
        "operatingIncome": 2699000000,
        "operatingIncomeRatio": 0.439075972,
        "totalOtherIncomeExpensesNet": 2667000000,
        "incomeBeforeTax": 2561000000,
        "incomeBeforeTaxRatio": 0.4166259964,
        "incomeTaxExpense": 552000000,
        "netIncome": 2009000000,
        "netIncomeRatio": 0.326826094,
        "eps": 7.85,
        "epsdiluted": 7.85,
        "weightedAverageShsOut": 255872327,
        "weightedAverageShsOutDil": 256000000,
        "link": "https://www.sec.gov/Archives/edgar/data/1038357/000103835722000076/0001038357-22-000076-index.htm",
        "finalLink": "https://www.sec.gov/Archives/edgar/data/1038357/000103835722000076/pxd-20220331.htm"
    },
    {
        "date": "2021-12-31",
        "symbol": "PXD",
        "reportedCurrency": "USD",
        "cik": "0001038357",
        "fillingDate": "2022-02-22",
        "acceptedDate": "2022-02-22 16:49:37",
        "calendarYear": "2021",
        "period": "Q4",
        "revenue": 5576000000,
        "costOfRevenue": 3170000000,
        "grossProfit": 2406000000,
        "grossProfitRatio": 0.431492109,
        "researchAndDevelopmentExpenses": 0,
        "generalAndAdministrativeExpenses": 76000000,
        "sellingAndMarketingExpenses": 0,
        "sellingGeneralAndAdministrativeExpenses": 76000000,
        "otherExpenses": 14000000,
        "operatingExpenses": 90000000,
        "costAndExpenses": 3260000000,
        "interestIncome": 0,
        "interestExpense": 58000000,
        "depreciationAndAmortization": 672000000,
        "ebitda": 2824000000,
        "ebitdaratio": 0.506456241,
        "operatingIncome": 2281000000,
        "operatingIncomeRatio": 0.4090746055,
        "totalOtherIncomeExpensesNet": 0,
        "incomeBeforeTax": 991000000,
        "incomeBeforeTaxRatio": 0.1777259684,
        "incomeTaxExpense": 228000000,
        "netIncome": 763000000,
        "netIncomeRatio": 0.1368364419,
        "eps": 3.12,
        "epsdiluted": 2.97,
        "weightedAverageShsOut": 244000000,
        "weightedAverageShsOutDil": 257000000,
        "link": "https://www.sec.gov/Archives/edgar/data/1038357/000103835722000039/0001038357-22-000039-index.htm",
        "finalLink": "https://www.sec.gov/Archives/edgar/data/1038357/000103835722000039/pxd-20211231.htm"
    },
    {
        "date": "2021-09-30",
        "symbol": "PXD",
        "reportedCurrency": "USD",
        "cik": "0001038357",
        "fillingDate": "2021-11-05",
        "acceptedDate": "2021-11-05 13:01:08",
        "calendarYear": "2021",
        "period": "Q3",
        "revenue": 4961000000,
        "costOfRevenue": 2968000000,
        "grossProfit": 1993000000,
        "grossProfitRatio": 0.4017335215,
        "researchAndDevelopmentExpenses": 0,
        "generalAndAdministrativeExpenses": 72000000,
        "sellingAndMarketingExpenses": 0,
        "sellingGeneralAndAdministrativeExpenses": 72000000,
        "otherExpenses": 12000000,
        "operatingExpenses": 84000000,
        "costAndExpenses": 3052000000,
        "interestIncome": 2000000,
        "interestExpense": 41000000,
        "depreciationAndAmortization": 704000000,
        "ebitda": 2089000000,
        "ebitdaratio": 0.4210844588,
        "operatingIncome": 1909000000,
        "operatingIncomeRatio": 0.3848014513,
        "totalOtherIncomeExpensesNet": -573000000,
        "incomeBeforeTax": 1336000000,
        "incomeBeforeTaxRatio": 0.2693005442,
        "incomeTaxExpense": 291000000,
        "netIncome": 1045000000,
        "netIncomeRatio": 0.2106430155,
        "eps": 4.27,
        "epsdiluted": 4.07,
        "weightedAverageShsOut": 244000000,
        "weightedAverageShsOutDil": 257000000,
        "link": "https://www.sec.gov/Archives/edgar/data/1038357/000103835721000067/0001038357-21-000067-index.htm",
        "finalLink": "https://www.sec.gov/Archives/edgar/data/1038357/000103835721000067/pxd-20210930.htm"
    },
    {
        "date": "2021-06-30",
        "symbol": "PXD",
        "reportedCurrency": "USD",
        "cik": "0001038357",
        "fillingDate": "2021-08-05",
        "acceptedDate": "2021-08-05 17:21:50",
        "calendarYear": "2021",
        "period": "Q2",
        "revenue": 4269000000,
        "costOfRevenue": 2744000000,
        "grossProfit": 1525000000,
        "grossProfitRatio": 0.3572265167,
        "researchAndDevelopmentExpenses": 0,
        "generalAndAdministrativeExpenses": 75000000,
        "sellingAndMarketingExpenses": 0,
        "sellingGeneralAndAdministrativeExpenses": 75000000,
        "otherExpenses": 12000000,
        "operatingExpenses": 87000000,
        "costAndExpenses": 2831000000,
        "interestIncome": 0,
        "interestExpense": 61000000,
        "depreciationAndAmortization": 648000000,
        "ebitda": 1241000000,
        "ebitdaratio": 0.2907003982,
        "operatingIncome": 1438000000,
        "operatingIncomeRatio": 0.3368470368,
        "totalOtherIncomeExpensesNet": -938000000,
        "incomeBeforeTax": 500000000,
        "incomeBeforeTaxRatio": 0.1171234481,
        "incomeTaxExpense": 120000000,
        "netIncome": 380000000,
        "netIncomeRatio": 0.0890138206,
        "eps": 1.62,
        "epsdiluted": 1.54,
        "weightedAverageShsOut": 234000000,
        "weightedAverageShsOutDil": 247000000,
        "link": "https://www.sec.gov/Archives/edgar/data/1038357/000103835721000053/0001038357-21-000053-index.htm",
        "finalLink": "https://www.sec.gov/Archives/edgar/data/1038357/000103835721000053/pxd-20210630.htm"
    },
    {
        "date": "2021-03-31",
        "symbol": "PXD",
        "reportedCurrency": "USD",
        "cik": "0001038357",
        "fillingDate": "2021-05-10",
        "acceptedDate": "2021-05-07 18:57:40",
        "calendarYear": "2021",
        "period": "Q1",
        "revenue": 3064000000,
        "costOfRevenue": 2094000000,
        "grossProfit": 970000000,
        "grossProfitRatio": 0.3165796345,
        "researchAndDevelopmentExpenses": 0,
        "generalAndAdministrativeExpenses": 68000000,
        "sellingAndMarketingExpenses": 0,
        "sellingGeneralAndAdministrativeExpenses": 68000000,
        "otherExpenses": 20000000,
        "operatingExpenses": 88000000,
        "costAndExpenses": 2182000000,
        "interestIncome": 60000000,
        "interestExpense": 39000000,
        "depreciationAndAmortization": 474000000,
        "ebitda": 643000000,
        "ebitdaratio": 0.2098563969,
        "operatingIncome": 878000000,
        "operatingIncomeRatio": 0.2865535248,
        "totalOtherIncomeExpensesNet": 0,
        "incomeBeforeTax": -81000000,
        "incomeBeforeTaxRatio": -0.0264360313,
        "incomeTaxExpense": -11000000,
        "netIncome": -70000000,
        "netIncomeRatio": -0.022845953,
        "eps": -0.33,
        "epsdiluted": -0.33,
        "weightedAverageShsOut": 210000000,
        "weightedAverageShsOutDil": 210000000,
        "link": "https://www.sec.gov/Archives/edgar/data/1038357/000103835721000036/0001038357-21-000036-index.htm",
        "finalLink": "https://www.sec.gov/Archives/edgar/data/1038357/000103835721000036/pxd-20210331.htm"
    },
    {
        "date": "2020-12-31",
        "symbol": "PXD",
        "reportedCurrency": "USD",
        "cik": "0001038357",
        "fillingDate": "2021-03-01",
        "acceptedDate": "2021-03-01 16:48:00",
        "calendarYear": "2020",
        "period": "Q4",
        "revenue": 2016000000,
        "costOfRevenue": 1666000000,
        "grossProfit": 350000000,
        "grossProfitRatio": 0.1736111111,
        "researchAndDevelopmentExpenses": 0,
        "generalAndAdministrativeExpenses": 64000000,
        "sellingAndMarketingExpenses": 0,
        "sellingGeneralAndAdministrativeExpenses": 64000000,
        "otherExpenses": 14000000,
        "operatingExpenses": 78000000,
        "costAndExpenses": 1744000000,
        "interestIncome": 78000000,
        "interestExpense": 36000000,
        "depreciationAndAmortization": 400000000,
        "ebitda": 336000000,
        "ebitdaratio": 0.1666666667,
        "operatingIncome": 255000000,
        "operatingIncomeRatio": 0.1264880952,
        "totalOtherIncomeExpensesNet": 0,
        "incomeBeforeTax": 28000000,
        "incomeBeforeTaxRatio": 0.0138888889,
        "incomeTaxExpense": -15000000,
        "netIncome": 43000000,
        "netIncomeRatio": 0.0213293651,
        "eps": 0.26,
        "epsdiluted": 0.26,
        "weightedAverageShsOut": 165000000,
        "weightedAverageShsOutDil": 165000000,
        "link": "https://www.sec.gov/Archives/edgar/data/1038357/000103835721000016/0001038357-21-000016-index.htm",
        "finalLink": "https://www.sec.gov/Archives/edgar/data/1038357/000103835721000016/pxd-20201231.htm"
    },
    {
        "date": "2020-09-30",
        "symbol": "PXD",
        "reportedCurrency": "USD",
        "cik": "0001038357",
        "fillingDate": "2020-11-06",
        "acceptedDate": "2020-11-05 18:23:47",
        "calendarYear": "2020",
        "period": "Q3",
        "revenue": 1857000000,
        "costOfRevenue": 1617000000,
        "grossProfit": 240000000,
        "grossProfitRatio": 0.1292407108,
        "researchAndDevelopmentExpenses": 0,
        "generalAndAdministrativeExpenses": 64000000,
        "sellingAndMarketingExpenses": 0,
        "sellingGeneralAndAdministrativeExpenses": 64000000,
        "otherExpenses": 18000000,
        "operatingExpenses": 82000000,
        "costAndExpenses": 1699000000,
        "interestIncome": 13000000,
        "interestExpense": 21000000,
        "depreciationAndAmortization": 401000000,
        "ebitda": 408000000,
        "ebitdaratio": 0.2197092084,
        "operatingIncome": 140000000,
        "operatingIncomeRatio": 0.0753904146,
        "totalOtherIncomeExpensesNet": -837000000,
        "incomeBeforeTax": -16000000,
        "incomeBeforeTaxRatio": -0.0086160474,
        "incomeTaxExpense": 4000000,
        "netIncome": -20000000,
        "netIncomeRatio": -0.0107700592,
        "eps": -0.12,
        "epsdiluted": -0.12,
        "weightedAverageShsOut": 163461538,
        "weightedAverageShsOutDil": 165000000,
        "link": "https://www.sec.gov/Archives/edgar/data/1038357/000103835720000070/0001038357-20-000070-index.htm",
        "finalLink": "https://www.sec.gov/Archives/edgar/data/1038357/000103835720000070/pxd-20200930.htm"
    },
    {
        "date": "2020-06-30",
        "symbol": "PXD",
        "reportedCurrency": "USD",
        "cik": "0001038357",
        "fillingDate": "2020-08-05",
        "acceptedDate": "2020-08-05 16:45:42",
        "calendarYear": "2020",
        "period": "Q2",
        "revenue": 1141000000,
        "costOfRevenue": 1202000000,
        "grossProfit": -61000000,
        "grossProfitRatio": -0.0534618755,
        "researchAndDevelopmentExpenses": 0,
        "generalAndAdministrativeExpenses": 60000000,
        "sellingAndMarketingExpenses": 0,
        "sellingGeneralAndAdministrativeExpenses": 60000000,
        "otherExpenses": 12000000,
        "operatingExpenses": 72000000,
        "costAndExpenses": 1274000000,
        "interestIncome": 33000000,
        "interestExpense": 0,
        "depreciationAndAmortization": 420000000,
        "ebitda": -83000000,
        "ebitdaratio": -0.0727432077,
        "operatingIncome": -179000000,
        "operatingIncomeRatio": -0.1568799299,
        "totalOtherIncomeExpensesNet": -1020000000,
        "incomeBeforeTax": -538000000,
        "incomeBeforeTaxRatio": -0.4715162138,
        "incomeTaxExpense": -99000000,
        "netIncome": -439000000,
        "netIncomeRatio": -0.3847502191,
        "eps": -2.67,
        "epsdiluted": -2.66,
        "weightedAverageShsOut": 164468864,
        "weightedAverageShsOutDil": 165000000,
        "link": "https://www.sec.gov/Archives/edgar/data/1038357/000103835720000050/0001038357-20-000050-index.htm",
        "finalLink": "https://www.sec.gov/Archives/edgar/data/1038357/000103835720000050/pxd-20200630.htm"
    },
    {
        "date": "2020-03-31",
        "symbol": "PXD",
        "reportedCurrency": "USD",
        "cik": "0001038357",
        "fillingDate": "2020-05-08",
        "acceptedDate": "2020-05-08 14:35:44",
        "calendarYear": "2020",
        "period": "Q1",
        "revenue": 2010000000,
        "costOfRevenue": 1713000000,
        "grossProfit": 297000000,
        "grossProfitRatio": 0.147761194,
        "researchAndDevelopmentExpenses": 0,
        "generalAndAdministrativeExpenses": 56000000,
        "sellingAndMarketingExpenses": 0,
        "sellingGeneralAndAdministrativeExpenses": 56000000,
        "otherExpenses": 11000000,
        "operatingExpenses": 67000000,
        "costAndExpenses": 1780000000,
        "interestIncome": 25000000,
        "interestExpense": 0,
        "depreciationAndAmortization": 438000000,
        "ebitda": 1134000000,
        "ebitdaratio": 0.5641791045,
        "operatingIncome": 219000000,
        "operatingIncomeRatio": 0.1089552239,
        "totalOtherIncomeExpensesNet": -213000000,
        "incomeBeforeTax": 365000000,
        "incomeBeforeTaxRatio": 0.1815920398,
        "incomeTaxExpense": 76000000,
        "netIncome": 289000000,
        "netIncomeRatio": 0.1437810945,
        "eps": 1.75,
        "epsdiluted": 1.75,
        "weightedAverageShsOut": 166000000,
        "weightedAverageShsOutDil": 166000000,
        "link": "https://www.sec.gov/Archives/edgar/data/1038357/000103835720000034/0001038357-20-000034-index.htm",
        "finalLink": "https://www.sec.gov/Archives/edgar/data/1038357/000103835720000034/pxd-20200331.htm"
    },
    {
        "date": "2019-12-31",
        "symbol": "PXD",
        "reportedCurrency": "USD",
        "cik": "0001038357",
        "fillingDate": "2020-02-24",
        "acceptedDate": "2020-02-24 06:08:44",
        "calendarYear": "2019",
        "period": "Q4",
        "revenue": 2641000000,
        "costOfRevenue": 2011000000,
        "grossProfit": 630000000,
        "grossProfitRatio": 0.2385460053,
        "researchAndDevelopmentExpenses": 0,
        "generalAndAdministrativeExpenses": 78000000,
        "sellingAndMarketingExpenses": 0,
        "sellingGeneralAndAdministrativeExpenses": 78000000,
        "otherExpenses": 15000000,
        "operatingExpenses": 93000000,
        "costAndExpenses": 2103000000,
        "interestIncome": 118000000,
        "interestExpense": 34000000,
        "depreciationAndAmortization": 447000000,
        "ebitda": 861000000,
        "ebitdaratio": 0.3260128739,
        "operatingIncome": 523000000,
        "operatingIncomeRatio": 0.1980310488,
        "totalOtherIncomeExpensesNet": -2427000000,
        "incomeBeforeTax": 448000000,
        "incomeBeforeTaxRatio": 0.1696327149,
        "incomeTaxExpense": 104000000,
        "netIncome": 344000000,
        "netIncomeRatio": 0.1302536918,
        "eps": 2.06,
        "epsdiluted": 2.06,
        "weightedAverageShsOut": 164000000,
        "weightedAverageShsOutDil": 166000000,
        "link": "https://www.sec.gov/Archives/edgar/data/1038357/000103835720000009/0001038357-20-000009-index.htm",
        "finalLink": "https://www.sec.gov/Archives/edgar/data/1038357/000103835720000009/pxd-20191231.htm"
    },
    {
        "date": "2019-09-30",
        "symbol": "PXD",
        "reportedCurrency": "USD",
        "cik": "0001038357",
        "fillingDate": "2019-11-06",
        "acceptedDate": "2019-11-06 16:58:21",
        "calendarYear": "2019",
        "period": "Q3",
        "revenue": 2406000000,
        "costOfRevenue": 1876000000,
        "grossProfit": 530000000,
        "grossProfitRatio": 0.2202826268,
        "researchAndDevelopmentExpenses": 0,
        "generalAndAdministrativeExpenses": 72000000,
        "sellingAndMarketingExpenses": 0,
        "sellingGeneralAndAdministrativeExpenses": 72000000,
        "otherExpenses": 14000000,
        "operatingExpenses": 86000000,
        "costAndExpenses": 1961000000,
        "interestIncome": 0,
        "interestExpense": 251000000,
        "depreciationAndAmortization": 438000000,
        "ebitda": 1000000000,
        "ebitdaratio": 0.4156275977,
        "operatingIncome": 436000000,
        "operatingIncomeRatio": 0.1812136326,
        "totalOtherIncomeExpensesNet": -488000000,
        "incomeBeforeTax": 303000000,
        "incomeBeforeTaxRatio": 0.1259351621,
        "incomeTaxExpense": 72000000,
        "netIncome": 231000000,
        "netIncomeRatio": 0.0960099751,
        "eps": 1.38,
        "epsdiluted": 1.38,
        "weightedAverageShsOut": 167000000,
        "weightedAverageShsOutDil": 167000000,
        "link": "https://www.sec.gov/Archives/edgar/data/1038357/000103835719000062/0001038357-19-000062-index.htm",
        "finalLink": "https://www.sec.gov/Archives/edgar/data/1038357/000103835719000062/pxd-20190930.htm"
    },
    {
        "date": "2019-06-30",
        "symbol": "PXD",
        "reportedCurrency": "USD",
        "cik": "0001038357",
        "fillingDate": "2019-08-09",
        "acceptedDate": "2019-08-08 18:45:31",
        "calendarYear": "2019",
        "period": "Q2",
        "revenue": 2379000000,
        "costOfRevenue": 1802000000,
        "grossProfit": 577000000,
        "grossProfitRatio": 0.2425388819,
        "researchAndDevelopmentExpenses": 0,
        "generalAndAdministrativeExpenses": 80000000,
        "sellingAndMarketingExpenses": 0,
        "sellingGeneralAndAdministrativeExpenses": 80000000,
        "otherExpenses": 18000000,
        "operatingExpenses": 98000000,
        "costAndExpenses": 1899000000,
        "interestIncome": 24000000,
        "interestExpense": 0,
        "depreciationAndAmortization": 415000000,
        "ebitda": 905000000,
        "ebitdaratio": 0.3804119378,
        "operatingIncome": 470000000,
        "operatingIncomeRatio": 0.1975620008,
        "totalOtherIncomeExpensesNet": 0,
        "incomeBeforeTax": -216000000,
        "incomeBeforeTaxRatio": -0.0907944515,
        "incomeTaxExpense": -47000000,
        "netIncome": -169000000,
        "netIncomeRatio": -0.0710382514,
        "eps": -1.01,
        "epsdiluted": -1.01,
        "weightedAverageShsOut": 167326732,
        "weightedAverageShsOutDil": 168000000,
        "link": "https://www.sec.gov/Archives/edgar/data/1038357/000103835719000046/0001038357-19-000046-index.htm",
        "finalLink": "https://www.sec.gov/Archives/edgar/data/1038357/000103835719000046/pxd-20190630.htm"
    },
    {
        "date": "2019-03-31",
        "symbol": "PXD",
        "reportedCurrency": "USD",
        "cik": "0001038357",
        "fillingDate": "2019-05-10",
        "acceptedDate": "2019-05-09 18:55:07",
        "calendarYear": "2019",
        "period": "Q1",
        "revenue": 2244000000,
        "costOfRevenue": 1667000000,
        "grossProfit": 577000000,
        "grossProfitRatio": 0.2571301248,
        "researchAndDevelopmentExpenses": 0,
        "generalAndAdministrativeExpenses": 94000000,
        "sellingAndMarketingExpenses": 0,
        "sellingGeneralAndAdministrativeExpenses": 94000000,
        "otherExpenses": 24000000,
        "operatingExpenses": 118000000,
        "costAndExpenses": 1784000000,
        "interestIncome": 191000000,
        "interestExpense": 29000000,
        "depreciationAndAmortization": 424000000,
        "ebitda": 788000000,
        "ebitdaratio": 0.3511586453,
        "operatingIncome": 428000000,
        "operatingIncomeRatio": 0.1907308378,
        "totalOtherIncomeExpensesNet": -685000000,
        "incomeBeforeTax": 453000000,
        "incomeBeforeTaxRatio": 0.2018716578,
        "incomeTaxExpense": 103000000,
        "netIncome": 350000000,
        "netIncomeRatio": 0.1559714795,
        "eps": 2.06,
        "epsdiluted": 2.06,
        "weightedAverageShsOut": 169000000,
        "weightedAverageShsOutDil": 169000000,
        "link": "https://www.sec.gov/Archives/edgar/data/1038357/000103835719000028/0001038357-19-000028-index.htm",
        "finalLink": "https://www.sec.gov/Archives/edgar/data/1038357/000103835719000028/pxd-20190331.htm"
    },
    {
        "date": "2018-12-31",
        "symbol": "PXD",
        "reportedCurrency": "USD",
        "cik": "0001038357",
        "fillingDate": "2019-02-26",
        "acceptedDate": "2019-02-26 17:08:48",
        "calendarYear": "2018",
        "period": "Q4",
        "revenue": 2204000000,
        "costOfRevenue": 1569000000,
        "grossProfit": 635000000,
        "grossProfitRatio": 0.2881125227,
        "researchAndDevelopmentExpenses": 0,
        "generalAndAdministrativeExpenses": 99000000,
        "sellingAndMarketingExpenses": 0,
        "sellingGeneralAndAdministrativeExpenses": 99000000,
        "otherExpenses": 35000000,
        "operatingExpenses": 134000000,
        "costAndExpenses": 1703000000,
        "interestIncome": 14000000,
        "interestExpense": 29000000,
        "depreciationAndAmortization": 342000000,
        "ebitda": 1206000000,
        "ebitdaratio": 0.5471869328,
        "operatingIncome": 57000000,
        "operatingIncomeRatio": 0.025862069,
        "totalOtherIncomeExpensesNet": -1518000000,
        "incomeBeforeTax": 412000000,
        "incomeBeforeTaxRatio": 0.1869328494,
        "incomeTaxExpense": 88000000,
        "netIncome": 324000000,
        "netIncomeRatio": 0.1470054446,
        "eps": 1.89,
        "epsdiluted": 1.89,
        "weightedAverageShsOut": 171000000,
        "weightedAverageShsOutDil": 171000000,
        "link": "https://www.sec.gov/Archives/edgar/data/1038357/000103835719000010/0001038357-19-000010-index.htm",
        "finalLink": "https://www.sec.gov/Archives/edgar/data/1038357/000103835719000010/pxd-20181231x10k.htm"
    },
    {
        "date": "2018-09-30",
        "symbol": "PXD",
        "reportedCurrency": "USD",
        "cik": "0001038357",
        "fillingDate": "2018-11-09",
        "acceptedDate": "2018-11-08 18:33:38",
        "calendarYear": "2018",
        "period": "Q3",
        "revenue": 2458000000,
        "costOfRevenue": 1616000000,
        "grossProfit": 842000000,
        "grossProfitRatio": 0.3425549227,
        "researchAndDevelopmentExpenses": 0,
        "generalAndAdministrativeExpenses": 96000000,
        "sellingAndMarketingExpenses": 0,
        "sellingGeneralAndAdministrativeExpenses": 96000000,
        "otherExpenses": 23000000,
        "operatingExpenses": 119000000,
        "costAndExpenses": 1735000000,
        "interestIncome": 10000000,
        "interestExpense": 30000000,
        "depreciationAndAmortization": 400000000,
        "ebitda": 924000000,
        "ebitdaratio": 0.3759153784,
        "operatingIncome": 717000000,
        "operatingIncomeRatio": 0.2917005696,
        "totalOtherIncomeExpensesNet": -443000000,
        "incomeBeforeTax": 529000000,
        "incomeBeforeTaxRatio": 0.2152156225,
        "incomeTaxExpense": 118000000,
        "netIncome": 411000000,
        "netIncomeRatio": 0.1672091131,
        "eps": 2.4,
        "epsdiluted": 2.39,
        "weightedAverageShsOut": 171000000,
        "weightedAverageShsOutDil": 171000000,
        "link": "https://www.sec.gov/Archives/edgar/data/1038357/000103835718000075/0001038357-18-000075-index.htm",
        "finalLink": "https://www.sec.gov/Archives/edgar/data/1038357/000103835718000075/pxd-20180930.htm"
    },
    {
        "date": "2018-06-30",
        "symbol": "PXD",
        "reportedCurrency": "USD",
        "cik": "0001038357",
        "fillingDate": "2018-08-09",
        "acceptedDate": "2018-08-09 17:08:59",
        "calendarYear": "2018",
        "period": "Q2",
        "revenue": 2381000000,
        "costOfRevenue": 1717000000,
        "grossProfit": 664000000,
        "grossProfitRatio": 0.2788744225,
        "researchAndDevelopmentExpenses": 0,
        "generalAndAdministrativeExpenses": 95000000,
        "sellingAndMarketingExpenses": 0,
        "sellingGeneralAndAdministrativeExpenses": 95000000,
        "otherExpenses": 32000000,
        "operatingExpenses": 127000000,
        "costAndExpenses": 1844000000,
        "interestIncome": 9000000,
        "interestExpense": 32000000,
        "depreciationAndAmortization": 451000000,
        "ebitda": 490000000,
        "ebitdaratio": 0.2057958841,
        "operatingIncome": 530000000,
        "operatingIncomeRatio": 0.2225955481,
        "totalOtherIncomeExpensesNet": 0,
        "incomeBeforeTax": 82000000,
        "incomeBeforeTaxRatio": 0.0344393112,
        "incomeTaxExpense": 19000000,
        "netIncome": 66000000,
        "netIncomeRatio": 0.0277194456,
        "eps": 0.38,
        "epsdiluted": 0.38,
        "weightedAverageShsOut": 170000000,
        "weightedAverageShsOutDil": 171000000,
        "link": "https://www.sec.gov/Archives/edgar/data/1038357/000103835718000061/0001038357-18-000061-index.htm",
        "finalLink": "https://www.sec.gov/Archives/edgar/data/1038357/000103835718000061/pxd-20180630.htm"
    },
    {
        "date": "2018-03-31",
        "symbol": "PXD",
        "reportedCurrency": "USD",
        "cik": "0001038357",
        "fillingDate": "2018-05-04",
        "acceptedDate": "2018-05-04 16:17:55",
        "calendarYear": "2018",
        "period": "Q1",
        "revenue": 2336000000,
        "costOfRevenue": 1700000000,
        "grossProfit": 636000000,
        "grossProfitRatio": 0.272260274,
        "researchAndDevelopmentExpenses": 0,
        "generalAndAdministrativeExpenses": 90000000,
        "sellingAndMarketingExpenses": 0,
        "sellingGeneralAndAdministrativeExpenses": 90000000,
        "otherExpenses": 39000000,
        "operatingExpenses": 129000000,
        "costAndExpenses": 1829000000,
        "interestIncome": 18000000,
        "interestExpense": 36000000,
        "depreciationAndAmortization": 361000000,
        "ebitda": 614000000,
        "ebitdaratio": 0.2628424658,
        "operatingIncome": 507000000,
        "operatingIncomeRatio": 0.2170376712,
        "totalOtherIncomeExpensesNet": -694000000,
        "incomeBeforeTax": 228000000,
        "incomeBeforeTaxRatio": 0.0976027397,
        "incomeTaxExpense": 50000000,
        "netIncome": 178000000,
        "netIncomeRatio": 0.0761986301,
        "eps": 1.04,
        "epsdiluted": 1.04,
        "weightedAverageShsOut": 170000000,
        "weightedAverageShsOutDil": 171000000,
        "link": "https://www.sec.gov/Archives/edgar/data/1038357/000103835718000032/0001038357-18-000032-index.htm",
        "finalLink": "https://www.sec.gov/Archives/edgar/data/1038357/000103835718000032/pxd-20180331.htm"
    },
    {
        "date": "2017-12-31",
        "symbol": "PXD",
        "reportedCurrency": "USD",
        "cik": "0001038357",
        "fillingDate": "2018-02-20",
        "acceptedDate": "2018-02-20 16:54:07",
        "calendarYear": "2017",
        "period": "Q4",
        "revenue": 1767000000,
        "costOfRevenue": 1249000000,
        "grossProfit": 518000000,
        "grossProfitRatio": 0.2931522354,
        "researchAndDevelopmentExpenses": 0,
        "generalAndAdministrativeExpenses": 80000000,
        "sellingAndMarketingExpenses": 0,
        "sellingGeneralAndAdministrativeExpenses": 80000000,
        "otherExpenses": 33000000,
        "operatingExpenses": 113000000,
        "costAndExpenses": 1362000000,
        "interestIncome": 10000000,
        "interestExpense": 35000000,
        "depreciationAndAmortization": 376000000,
        "ebitda": 475000000,
        "ebitdaratio": 0.2688172043,
        "operatingIncome": 406000000,
        "operatingIncomeRatio": 0.2297679683,
        "totalOtherIncomeExpensesNet": 0,
        "incomeBeforeTax": 62000000,
        "incomeBeforeTaxRatio": 0.0350877193,
        "incomeTaxExpense": -603000000,
        "netIncome": 665000000,
        "netIncomeRatio": 0.376344086,
        "eps": 3.88,
        "epsdiluted": 3.87,
        "weightedAverageShsOut": 170000000,
        "weightedAverageShsOutDil": 170000000,
        "link": "https://www.sec.gov/Archives/edgar/data/1038357/000103835718000015/0001038357-18-000015-index.htm",
        "finalLink": "https://www.sec.gov/Archives/edgar/data/1038357/000103835718000015/pxd-20171231x10k.htm"
    },
    {
        "date": "2017-09-30",
        "symbol": "PXD",
        "reportedCurrency": "USD",
        "cik": "0001038357",
        "fillingDate": "2017-11-03",
        "acceptedDate": "2017-11-03 11:57:17",
        "calendarYear": "2017",
        "period": "Q3",
        "revenue": 1576000000,
        "costOfRevenue": 1295000000,
        "grossProfit": 281000000,
        "grossProfitRatio": 0.1782994924,
        "researchAndDevelopmentExpenses": 0,
        "generalAndAdministrativeExpenses": 81000000,
        "sellingAndMarketingExpenses": 0,
        "sellingGeneralAndAdministrativeExpenses": 81000000,
        "otherExpenses": 23000000,
        "operatingExpenses": 104000000,
        "costAndExpenses": 1399000000,
        "interestIncome": 17000000,
        "interestExpense": 37000000,
        "depreciationAndAmortization": 359000000,
        "ebitda": 345000000,
        "ebitdaratio": 0.2189086294,
        "operatingIncome": 177000000,
        "operatingIncomeRatio": 0.1123096447,
        "totalOtherIncomeExpensesNet": 0,
        "incomeBeforeTax": -34000000,
        "incomeBeforeTaxRatio": -0.0215736041,
        "incomeTaxExpense": -11000000,
        "netIncome": -23000000,
        "netIncomeRatio": -0.0145939086,
        "eps": -0.14,
        "epsdiluted": -0.14,
        "weightedAverageShsOut": 170000000,
        "weightedAverageShsOutDil": 170000000,
        "link": "https://www.sec.gov/Archives/edgar/data/1038357/000103835717000083/0001038357-17-000083-index.htm",
        "finalLink": "https://www.sec.gov/Archives/edgar/data/1038357/000103835717000083/pxd-20170930.htm"
    },
    {
        "date": "2017-06-30",
        "symbol": "PXD",
        "reportedCurrency": "USD",
        "cik": "0001038357",
        "fillingDate": "2017-08-01",
        "acceptedDate": "2017-08-01 17:15:21",
        "calendarYear": "2017",
        "period": "Q2",
        "revenue": 1285000000,
        "costOfRevenue": 1070000000,
        "grossProfit": 215000000,
        "grossProfitRatio": 0.1673151751,
        "researchAndDevelopmentExpenses": 0,
        "generalAndAdministrativeExpenses": 81000000,
        "sellingAndMarketingExpenses": 0,
        "sellingGeneralAndAdministrativeExpenses": 81000000,
        "otherExpenses": 31000000,
        "operatingExpenses": 112000000,
        "costAndExpenses": 1182000000,
        "interestIncome": 10000000,
        "interestExpense": 35000000,
        "depreciationAndAmortization": 354000000,
        "ebitda": 818000000,
        "ebitdaratio": 0.6365758755,
        "operatingIncome": 103000000,
        "operatingIncomeRatio": 0.080155642,
        "totalOtherIncomeExpensesNet": -47000000,
        "incomeBeforeTax": 354000000,
        "incomeBeforeTaxRatio": 0.2754863813,
        "incomeTaxExpense": 121000000,
        "netIncome": 233000000,
        "netIncomeRatio": 0.1813229572,
        "eps": 1.36,
        "epsdiluted": 1.36,
        "weightedAverageShsOut": 170000000,
        "weightedAverageShsOutDil": 170000000,
        "link": "https://www.sec.gov/Archives/edgar/data/1038357/000103835717000065/0001038357-17-000065-index.htm",
        "finalLink": "https://www.sec.gov/Archives/edgar/data/1038357/000103835717000065/pxd-20170630.htm"
    },
    {
        "date": "2017-03-31",
        "symbol": "PXD",
        "reportedCurrency": "USD",
        "cik": "0001038357",
        "fillingDate": "2017-05-03",
        "acceptedDate": "2017-05-03 16:29:07",
        "calendarYear": "2017",
        "period": "Q1",
        "revenue": 1293000000,
        "costOfRevenue": 1028000000,
        "grossProfit": 265000000,
        "grossProfitRatio": 0.2049497293,
        "researchAndDevelopmentExpenses": 0,
        "generalAndAdministrativeExpenses": 84000000,
        "sellingAndMarketingExpenses": 0,
        "sellingGeneralAndAdministrativeExpenses": 84000000,
        "otherExpenses": 38000000,
        "operatingExpenses": 122000000,
        "costAndExpenses": 1150000000,
        "interestIncome": 6000000,
        "interestExpense": 46000000,
        "depreciationAndAmortization": 342000000,
        "ebitda": 294000000,
        "ebitdaratio": 0.2273781903,
        "operatingIncome": 143000000,
        "operatingIncomeRatio": 0.1105955143,
        "totalOtherIncomeExpensesNet": -154000000,
        "incomeBeforeTax": -73000000,
        "incomeBeforeTaxRatio": -0.05645785,
        "incomeTaxExpense": -31000000,
        "netIncome": -42000000,
        "netIncomeRatio": -0.0324825986,
        "eps": -0.25,
        "epsdiluted": -0.25,
        "weightedAverageShsOut": 168000000,
        "weightedAverageShsOutDil": 170000000,
        "link": "https://www.sec.gov/Archives/edgar/data/1038357/000103835717000041/0001038357-17-000041-index.htm",
        "finalLink": "https://www.sec.gov/Archives/edgar/data/1038357/000103835717000041/pxd-20170331.htm"
    },
    {
        "date": "2016-12-31",
        "symbol": "PXD",
        "reportedCurrency": "USD",
        "cik": "0001038357",
        "fillingDate": "2017-02-17",
        "acceptedDate": "2017-02-17 15:22:21",
        "calendarYear": "2016",
        "period": "Q4",
        "revenue": 1223000000,
        "costOfRevenue": 1025000000,
        "grossProfit": 198000000,
        "grossProfitRatio": 0.1618969747,
        "researchAndDevelopmentExpenses": 0,
        "generalAndAdministrativeExpenses": 89000000,
        "sellingAndMarketingExpenses": 0,
        "sellingGeneralAndAdministrativeExpenses": 89000000,
        "otherExpenses": 26000000,
        "operatingExpenses": 115000000,
        "costAndExpenses": 1142000000,
        "interestIncome": 12000000,
        "interestExpense": 46000000,
        "depreciationAndAmortization": 362000000,
        "ebitda": 300000000,
        "ebitdaratio": 0.2452984464,
        "operatingIncome": 77000000,
        "operatingIncomeRatio": 0.0629599346,
        "totalOtherIncomeExpensesNet": 26000000,
        "incomeBeforeTax": -85000000,
        "incomeBeforeTaxRatio": -0.0695012265,
        "incomeTaxExpense": -41000000,
        "netIncome": -44000000,
        "netIncomeRatio": -0.0359771055,
        "eps": -0.26,
        "epsdiluted": -0.26,
        "weightedAverageShsOut": 169000000,
        "weightedAverageShsOutDil": 170000000,
        "link": "https://www.sec.gov/Archives/edgar/data/1038357/000103835717000012/0001038357-17-000012-index.htm",
        "finalLink": "https://www.sec.gov/Archives/edgar/data/1038357/000103835717000012/pxd-20161231x10k.htm"
    },
    {
        "date": "2016-09-30",
        "symbol": "PXD",
        "reportedCurrency": "USD",
        "cik": "0001038357",
        "fillingDate": "2016-11-02",
        "acceptedDate": "2016-11-02 16:31:39",
        "calendarYear": "2016",
        "period": "Q3",
        "revenue": 1087000000,
        "costOfRevenue": 1017000000,
        "grossProfit": 70000000,
        "grossProfitRatio": 0.0643974241,
        "researchAndDevelopmentExpenses": 0,
        "generalAndAdministrativeExpenses": 82000000,
        "sellingAndMarketingExpenses": 0,
        "sellingGeneralAndAdministrativeExpenses": 82000000,
        "otherExpenses": 22000000,
        "operatingExpenses": 104000000,
        "costAndExpenses": 1123000000,
        "interestIncome": 7000000,
        "interestExpense": 50000000,
        "depreciationAndAmortization": 391000000,
        "ebitda": 377000000,
        "ebitdaratio": 0.346826127,
        "operatingIncome": -46000000,
        "operatingIncomeRatio": -0.0423183073,
        "totalOtherIncomeExpensesNet": -78000000,
        "incomeBeforeTax": -56000000,
        "incomeBeforeTaxRatio": -0.0515179393,
        "incomeTaxExpense": -78000000,
        "netIncome": 22000000,
        "netIncomeRatio": 0.0202391904,
        "eps": 0.13,
        "epsdiluted": 0.13,
        "weightedAverageShsOut": 170000000,
        "weightedAverageShsOutDil": 170000000,
        "link": "https://www.sec.gov/Archives/edgar/data/1038357/000103835716000173/0001038357-16-000173-index.htm",
        "finalLink": "https://www.sec.gov/Archives/edgar/data/1038357/000103835716000173/pxd-20160930.htm"
    },
    {
        "date": "2016-06-30",
        "symbol": "PXD",
        "reportedCurrency": "USD",
        "cik": "0001038357",
        "fillingDate": "2016-07-28",
        "acceptedDate": "2016-07-28 16:54:44",
        "calendarYear": "2016",
        "period": "Q2",
        "revenue": 1008000000,
        "costOfRevenue": 971000000,
        "grossProfit": 37000000,
        "grossProfitRatio": 0.0367063492,
        "researchAndDevelopmentExpenses": 0,
        "generalAndAdministrativeExpenses": 80000000,
        "sellingAndMarketingExpenses": 0,
        "sellingGeneralAndAdministrativeExpenses": 80000000,
        "otherExpenses": 21000000,
        "operatingExpenses": 101000000,
        "costAndExpenses": 1074000000,
        "interestIncome": 6000000,
        "interestExpense": 56000000,
        "depreciationAndAmortization": 389000000,
        "ebitda": 34000000,
        "ebitdaratio": 0.0337301587,
        "operatingIncome": -77000000,
        "operatingIncomeRatio": -0.0763888889,
        "totalOtherIncomeExpensesNet": -143000000,
        "incomeBeforeTax": -411000000,
        "incomeBeforeTaxRatio": -0.4077380952,
        "incomeTaxExpense": -143000000,
        "netIncome": -268000000,
        "netIncomeRatio": -0.2658730159,
        "eps": -1.63,
        "epsdiluted": -1.63,
        "weightedAverageShsOut": 164000000,
        "weightedAverageShsOutDil": 164000000,
        "link": "https://www.sec.gov/Archives/edgar/data/1038357/000103835716000154/0001038357-16-000154-index.htm",
        "finalLink": "https://www.sec.gov/Archives/edgar/data/1038357/000103835716000154/pxd-20160630.htm"
    },
    {
        "date": "2016-03-31",
        "symbol": "PXD",
        "reportedCurrency": "USD",
        "cik": "0001038357",
        "fillingDate": "2016-04-28",
        "acceptedDate": "2016-04-28 17:31:41",
        "calendarYear": "2016",
        "period": "Q1",
        "revenue": 632000000,
        "costOfRevenue": 781000000,
        "grossProfit": -149000000,
        "grossProfitRatio": -0.2357594937,
        "researchAndDevelopmentExpenses": 0,
        "generalAndAdministrativeExpenses": 74000000,
        "sellingAndMarketingExpenses": 0,
        "sellingGeneralAndAdministrativeExpenses": 74000000,
        "otherExpenses": 62000000,
        "operatingExpenses": 136000000,
        "costAndExpenses": 919000000,
        "interestIncome": 8000000,
        "interestExpense": 55000000,
        "depreciationAndAmortization": 397000000,
        "ebitda": 36000000,
        "ebitdaratio": 0.0569620253,
        "operatingIncome": -323000000,
        "operatingIncomeRatio": -0.5110759494,
        "totalOtherIncomeExpensesNet": -141000000,
        "incomeBeforeTax": -408000000,
        "incomeBeforeTaxRatio": -0.6455696203,
        "incomeTaxExpense": -141000000,
        "netIncome": -267000000,
        "netIncomeRatio": -0.4224683544,
        "eps": -1.65,
        "epsdiluted": -1.65,
        "weightedAverageShsOut": 161818181,
        "weightedAverageShsOutDil": 162000000,
        "link": "https://www.sec.gov/Archives/edgar/data/1038357/000103835716000129/0001038357-16-000129-index.htm",
        "finalLink": "https://www.sec.gov/Archives/edgar/data/1038357/000103835716000129/pxd-20160331.htm"
    },
    {
        "date": "2015-12-31",
        "symbol": "PXD",
        "reportedCurrency": "USD",
        "cik": "0001038357",
        "fillingDate": "2016-02-19",
        "acceptedDate": "2016-02-19 13:57:57",
        "calendarYear": "2015",
        "period": "Q4",
        "revenue": 807000000,
        "costOfRevenue": 919000000,
        "grossProfit": -112000000,
        "grossProfitRatio": -0.1387856258,
        "researchAndDevelopmentExpenses": 0,
        "generalAndAdministrativeExpenses": 81000000,
        "sellingAndMarketingExpenses": 0,
        "sellingGeneralAndAdministrativeExpenses": 81000000,
        "otherExpenses": 2000000,
        "operatingExpenses": 83000000,
        "costAndExpenses": 1024000000,
        "interestIncome": 5000000,
        "interestExpense": 48000000,
        "depreciationAndAmortization": 389000000,
        "ebitda": 317000000,
        "ebitdaratio": 0.3928128872,
        "operatingIncome": -235000000,
        "operatingIncomeRatio": -0.2912019827,
        "totalOtherIncomeExpensesNet": -1109000000,
        "incomeBeforeTax": -973000000,
        "incomeBeforeTaxRatio": -1.2057001239,
        "incomeTaxExpense": -351000000,
        "netIncome": -623000000,
        "netIncomeRatio": -0.7719950434,
        "eps": -4.18,
        "epsdiluted": -4.18,
        "weightedAverageShsOut": 149000000,
        "weightedAverageShsOutDil": 149000000,
        "link": "https://www.sec.gov/Archives/edgar/data/1038357/000103835716000101/0001038357-16-000101-index.htm",
        "finalLink": "https://www.sec.gov/Archives/edgar/data/1038357/000103835716000101/pxd-20151231x10k.htm"
    },
    {
        "date": "2015-09-30",
        "symbol": "PXD",
        "reportedCurrency": "USD",
        "cik": "0001038357",
        "fillingDate": "2015-11-03",
        "acceptedDate": "2015-11-03 16:51:32",
        "calendarYear": "2015",
        "period": "Q3",
        "revenue": 883000000,
        "costOfRevenue": 928000000,
        "grossProfit": -45000000,
        "grossProfitRatio": -0.0509626274,
        "researchAndDevelopmentExpenses": 0,
        "generalAndAdministrativeExpenses": 81000000,
        "sellingAndMarketingExpenses": 0,
        "sellingGeneralAndAdministrativeExpenses": 81000000,
        "otherExpenses": 28000000,
        "operatingExpenses": 109000000,
        "costAndExpenses": 1059000000,
        "interestIncome": 2000000,
        "interestExpense": 46000000,
        "depreciationAndAmortization": 373000000,
        "ebitda": 724000000,
        "ebitdaratio": 0.8199320498,
        "operatingIncome": -176000000,
        "operatingIncomeRatio": -0.1993204983,
        "totalOtherIncomeExpensesNet": 355000000,
        "incomeBeforeTax": 1003000000,
        "incomeBeforeTaxRatio": 1.1359003398,
        "incomeTaxExpense": 355000000,
        "netIncome": 648000000,
        "netIncomeRatio": 0.7338618347,
        "eps": 4.28,
        "epsdiluted": 4.27,
        "weightedAverageShsOut": 149000000,
        "weightedAverageShsOutDil": 150000000,
        "link": "https://www.sec.gov/Archives/edgar/data/1038357/000103835715000082/0001038357-15-000082-index.htm",
        "finalLink": "https://www.sec.gov/Archives/edgar/data/1038357/000103835715000082/pxd-20150930.htm"
    },
    {
        "date": "2015-06-30",
        "symbol": "PXD",
        "reportedCurrency": "USD",
        "cik": "0001038357",
        "fillingDate": "2015-08-07",
        "acceptedDate": "2015-08-06 18:00:21",
        "calendarYear": "2015",
        "period": "Q2",
        "revenue": 832000000,
        "costOfRevenue": 766000000,
        "grossProfit": 66000000,
        "grossProfitRatio": 0.0793269231,
        "researchAndDevelopmentExpenses": 0,
        "generalAndAdministrativeExpenses": 83000000,
        "sellingAndMarketingExpenses": 0,
        "sellingGeneralAndAdministrativeExpenses": 83000000,
        "otherExpenses": 9000000,
        "operatingExpenses": 92000000,
        "costAndExpenses": 880000000,
        "interestIncome": 11000000,
        "interestExpense": 46000000,
        "depreciationAndAmortization": 333000000,
        "ebitda": 29000000,
        "ebitdaratio": 0.0348557692,
        "operatingIncome": -76000000,
        "operatingIncomeRatio": -0.0913461538,
        "totalOtherIncomeExpensesNet": -123000000,
        "incomeBeforeTax": -340000000,
        "incomeBeforeTaxRatio": -0.4086538462,
        "incomeTaxExpense": -123000000,
        "netIncome": -218000000,
        "netIncomeRatio": -0.2620192308,
        "eps": -1.48,
        "epsdiluted": -1.46,
        "weightedAverageShsOut": 147708457,
        "weightedAverageShsOutDil": 149000000,
        "link": "https://www.sec.gov/Archives/edgar/data/1038357/000103835715000067/0001038357-15-000067-index.htm",
        "finalLink": "https://www.sec.gov/Archives/edgar/data/1038357/000103835715000067/pxd-20150630.htm"
    },
    {
        "date": "2015-03-31",
        "symbol": "PXD",
        "reportedCurrency": "USD",
        "cik": "0001038357",
        "fillingDate": "2015-03-31",
        "acceptedDate": "2015-03-30 20:00:00",
        "calendarYear": "2015",
        "period": "Q1",
        "revenue": 620000000,
        "costOfRevenue": 637000000,
        "grossProfit": -17000000,
        "grossProfitRatio": -0.0274193548,
        "researchAndDevelopmentExpenses": 0,
        "generalAndAdministrativeExpenses": 82000000,
        "sellingAndMarketingExpenses": 0,
        "sellingGeneralAndAdministrativeExpenses": 82000000,
        "otherExpenses": 6000000,
        "operatingExpenses": 88000000,
        "costAndExpenses": 747000000,
        "interestIncome": 6000000,
        "interestExpense": 46000000,
        "depreciationAndAmortization": 313000000,
        "ebitda": 388000000,
        "ebitdaratio": 0.6258064516,
        "operatingIncome": -150000000,
        "operatingIncomeRatio": -0.2419354839,
        "totalOtherIncomeExpensesNet": -186000000,
        "incomeBeforeTax": -111000000,
        "incomeBeforeTaxRatio": -0.1790322581,
        "incomeTaxExpense": -37000000,
        "netIncome": -78000000,
        "netIncomeRatio": -0.1258064516,
        "eps": -0.52,
        "epsdiluted": -0.52,
        "weightedAverageShsOut": 149000000,
        "weightedAverageShsOutDil": 149000000,
        "link": "",
        "finalLink": ""
    },
    {
        "date": "2014-12-31",
        "symbol": "PXD",
        "reportedCurrency": "USD",
        "cik": "0001038357",
        "fillingDate": "2015-02-19",
        "acceptedDate": "2015-02-19 17:30:17",
        "calendarYear": "2014",
        "period": "Q4",
        "revenue": 976000000,
        "costOfRevenue": 732000000,
        "grossProfit": 244000000,
        "grossProfitRatio": 0.25,
        "researchAndDevelopmentExpenses": 0,
        "generalAndAdministrativeExpenses": 89000000,
        "sellingAndMarketingExpenses": 0,
        "sellingGeneralAndAdministrativeExpenses": 89000000,
        "otherExpenses": 100000000,
        "operatingExpenses": 189000000,
        "costAndExpenses": 921000000,
        "interestIncome": 31000000,
        "interestExpense": 0,
        "depreciationAndAmortization": 374000000,
        "ebitda": 1083000000,
        "ebitdaratio": 1.1096311475,
        "operatingIncome": 41000000,
        "operatingIncomeRatio": 0.0420081967,
        "totalOtherIncomeExpensesNet": -43000000,
        "incomeBeforeTax": 666000000,
        "incomeBeforeTaxRatio": 0.6823770492,
        "incomeTaxExpense": 237000000,
        "netIncome": 431000000,
        "netIncomeRatio": 0.4415983607,
        "eps": 2.92,
        "epsdiluted": 2.91,
        "weightedAverageShsOut": 146000000,
        "weightedAverageShsOutDil": 147000000,
        "link": "https://www.sec.gov/Archives/edgar/data/1038357/000103835715000010/0001038357-15-000010-index.htm",
        "finalLink": "https://www.sec.gov/Archives/edgar/data/1038357/000103835715000010/pxd-20141231x10k.htm"
    },
    {
        "date": "2014-09-30",
        "symbol": "PXD",
        "reportedCurrency": "USD",
        "cik": "0001038357",
        "fillingDate": "2014-11-04",
        "acceptedDate": "2014-11-04 16:04:27",
        "calendarYear": "2014",
        "period": "Q3",
        "revenue": 1169000000,
        "costOfRevenue": 694000000,
        "grossProfit": 475000000,
        "grossProfitRatio": 0.4063301967,
        "researchAndDevelopmentExpenses": 0,
        "generalAndAdministrativeExpenses": 81000000,
        "sellingAndMarketingExpenses": 0,
        "sellingGeneralAndAdministrativeExpenses": 81000000,
        "otherExpenses": 27000000,
        "operatingExpenses": 108000000,
        "costAndExpenses": 802000000,
        "interestIncome": 0,
        "interestExpense": 46000000,
        "depreciationAndAmortization": 277000000,
        "ebitda": 965000000,
        "ebitdaratio": 0.8254918734,
        "operatingIncome": 367000000,
        "operatingIncomeRatio": 0.3139435415,
        "totalOtherIncomeExpensesNet": 236000000,
        "incomeBeforeTax": 647000000,
        "incomeBeforeTaxRatio": 0.5534644996,
        "incomeTaxExpense": 236000000,
        "netIncome": 374000000,
        "netIncomeRatio": 0.3199315654,
        "eps": 2.58,
        "epsdiluted": 2.58,
        "weightedAverageShsOut": 143000000,
        "weightedAverageShsOutDil": 143000000,
        "link": "https://www.sec.gov/Archives/edgar/data/1038357/000103835714000069/0001038357-14-000069-index.htm",
        "finalLink": "https://www.sec.gov/Archives/edgar/data/1038357/000103835714000069/pxd-20140930.htm"
    },
    {
        "date": "2014-06-30",
        "symbol": "PXD",
        "reportedCurrency": "USD",
        "cik": "0001038357",
        "fillingDate": "2014-08-06",
        "acceptedDate": "2014-08-06 16:34:37",
        "calendarYear": "2014",
        "period": "Q2",
        "revenue": 1164000000,
        "costOfRevenue": 678000000,
        "grossProfit": 486000000,
        "grossProfitRatio": 0.4175257732,
        "researchAndDevelopmentExpenses": 0,
        "generalAndAdministrativeExpenses": 82000000,
        "sellingAndMarketingExpenses": 0,
        "sellingGeneralAndAdministrativeExpenses": 82000000,
        "otherExpenses": 32000000,
        "operatingExpenses": 114000000,
        "costAndExpenses": 792000000,
        "interestIncome": 3000000,
        "interestExpense": 47000000,
        "depreciationAndAmortization": 252000000,
        "ebitda": 366000000,
        "ebitdaratio": 0.3144329897,
        "operatingIncome": 372000000,
        "operatingIncomeRatio": 0.3195876289,
        "totalOtherIncomeExpensesNet": 0,
        "incomeBeforeTax": 92000000,
        "incomeBeforeTaxRatio": 0.0790378007,
        "incomeTaxExpense": 34000000,
        "netIncome": 1000000,
        "netIncomeRatio": 0.0008591065,
        "eps": 0.01,
        "epsdiluted": 0.01,
        "weightedAverageShsOut": 143000000,
        "weightedAverageShsOutDil": 143000000,
        "link": "https://www.sec.gov/Archives/edgar/data/1038357/000103835714000060/0001038357-14-000060-index.htm",
        "finalLink": "https://www.sec.gov/Archives/edgar/data/1038357/000103835714000060/pxd-20140630.htm"
    },
    {
        "date": "2014-03-31",
        "symbol": "PXD",
        "reportedCurrency": "USD",
        "cik": "0001038357",
        "fillingDate": "2014-05-09",
        "acceptedDate": "2014-05-08 18:59:01",
        "calendarYear": "2014",
        "period": "Q1",
        "revenue": 1057000000,
        "costOfRevenue": 586000000,
        "grossProfit": 471000000,
        "grossProfitRatio": 0.4456007569,
        "researchAndDevelopmentExpenses": 0,
        "generalAndAdministrativeExpenses": 81000000,
        "sellingAndMarketingExpenses": 0,
        "sellingGeneralAndAdministrativeExpenses": 81000000,
        "otherExpenses": 34000000,
        "operatingExpenses": 115000000,
        "costAndExpenses": 701000000,
        "interestIncome": 4000000,
        "interestExpense": 45000000,
        "depreciationAndAmortization": 221000000,
        "ebitda": 438000000,
        "ebitdaratio": 0.4143803217,
        "operatingIncome": 356000000,
        "operatingIncomeRatio": 0.3368022706,
        "totalOtherIncomeExpensesNet": 53000000,
        "incomeBeforeTax": 202000000,
        "incomeBeforeTaxRatio": 0.1911069063,
        "incomeTaxExpense": 53000000,
        "netIncome": 123000000,
        "netIncomeRatio": 0.1163670766,
        "eps": 0.85,
        "epsdiluted": 0.85,
        "weightedAverageShsOut": 143000000,
        "weightedAverageShsOutDil": 143000000,
        "link": "https://www.sec.gov/Archives/edgar/data/1038357/000103835714000036/0001038357-14-000036-index.htm",
        "finalLink": "https://www.sec.gov/Archives/edgar/data/1038357/000103835714000036/pxd-20140331.htm"
    },
    {
        "date": "2013-12-31",
        "symbol": "PXD",
        "reportedCurrency": "USD",
        "cik": "0001038357",
        "fillingDate": "2014-02-27",
        "acceptedDate": "2014-02-26 18:21:36",
        "calendarYear": "2013",
        "period": "Q4",
        "revenue": 949542000,
        "costOfRevenue": 585265000,
        "grossProfit": 364277000,
        "grossProfitRatio": 0.3836344259,
        "researchAndDevelopmentExpenses": 0,
        "generalAndAdministrativeExpenses": 95887000,
        "sellingAndMarketingExpenses": 0,
        "sellingGeneralAndAdministrativeExpenses": 95887000,
        "otherExpenses": 35121000,
        "operatingExpenses": 131008000,
        "costAndExpenses": 716273000,
        "interestIncome": 14042000,
        "interestExpense": 45072000,
        "depreciationAndAmortization": 248000000,
        "ebitda": 445000000,
        "ebitdaratio": 0.4686469898,
        "operatingIncome": 169655000,
        "operatingIncomeRatio": 0.1786703484,
        "totalOtherIncomeExpensesNet": -1559000000,
        "incomeBeforeTax": -1357572000,
        "incomeBeforeTaxRatio": -1.4297124298,
        "incomeTaxExpense": -493769000,
        "netIncome": -1367465000,
        "netIncomeRatio": -1.4401311369,
        "eps": -9.84,
        "epsdiluted": -9.82,
        "weightedAverageShsOut": 139000000,
        "weightedAverageShsOutDil": 139314000,
        "link": "https://www.sec.gov/Archives/edgar/data/1038357/000103835714000022/0001038357-14-000022-index.htm",
        "finalLink": "https://www.sec.gov/Archives/edgar/data/1038357/000103835714000022/pxd-20131231x10k.htm"
    },
    {
        "date": "2013-09-30",
        "symbol": "PXD",
        "reportedCurrency": "USD",
        "cik": "0001038357",
        "fillingDate": "2013-11-06",
        "acceptedDate": "2013-11-06 11:02:13",
        "calendarYear": "2013",
        "period": "Q3",
        "revenue": 908757000,
        "costOfRevenue": 491546000,
        "grossProfit": 417211000,
        "grossProfitRatio": 0.4591007277,
        "researchAndDevelopmentExpenses": 0,
        "generalAndAdministrativeExpenses": 73722000,
        "sellingAndMarketingExpenses": 0,
        "sellingGeneralAndAdministrativeExpenses": 73722000,
        "otherExpenses": 34689000,
        "operatingExpenses": 108411000,
        "costAndExpenses": 599957000,
        "interestIncome": 21087000,
        "interestExpense": 45138000,
        "depreciationAndAmortization": 224000000,
        "ebitda": 391000000,
        "ebitdaratio": 0.4302580338,
        "operatingIncome": 320371000,
        "operatingIncomeRatio": 0.3525375871,
        "totalOtherIncomeExpensesNet": 58233000,
        "incomeBeforeTax": 156780000,
        "incomeBeforeTaxRatio": 0.1725213671,
        "incomeTaxExpense": 58233000,
        "netIncome": 91125000,
        "netIncomeRatio": 0.1002743308,
        "eps": 0.65,
        "epsdiluted": 0.65,
        "weightedAverageShsOut": 139000000,
        "weightedAverageShsOutDil": 139000000,
        "link": "https://www.sec.gov/Archives/edgar/data/1038357/000103835713000057/0001038357-13-000057-index.htm",
        "finalLink": "https://www.sec.gov/Archives/edgar/data/1038357/000103835713000057/pxd-20130930.htm"
    },
    {
        "date": "2013-06-30",
        "symbol": "PXD",
        "reportedCurrency": "USD",
        "cik": "0001038357",
        "fillingDate": "2013-08-06",
        "acceptedDate": "2013-08-05 19:56:45",
        "calendarYear": "2013",
        "period": "Q2",
        "revenue": 845136000,
        "costOfRevenue": 482915000,
        "grossProfit": 362221000,
        "grossProfitRatio": 0.4285949244,
        "researchAndDevelopmentExpenses": 0,
        "generalAndAdministrativeExpenses": 66654000,
        "sellingAndMarketingExpenses": 0,
        "sellingGeneralAndAdministrativeExpenses": 66654000,
        "otherExpenses": 27139000,
        "operatingExpenses": 93793000,
        "costAndExpenses": 576708000,
        "interestIncome": 1159000,
        "interestExpense": 42805000,
        "depreciationAndAmortization": 229000000,
        "ebitda": 601000000,
        "ebitdaratio": 0.7111281498,
        "operatingIncome": 269846000,
        "operatingIncomeRatio": 0.3192929895,
        "totalOtherIncomeExpensesNet": 192029000,
        "incomeBeforeTax": 543503000,
        "incomeBeforeTaxRatio": 0.6430953125,
        "incomeTaxExpense": 192029000,
        "netIncome": 337263000,
        "netIncomeRatio": 0.3990635827,
        "eps": 2.4,
        "epsdiluted": 2.4,
        "weightedAverageShsOut": 138000000,
        "weightedAverageShsOutDil": 139000000,
        "link": "https://www.sec.gov/Archives/edgar/data/1038357/000103835713000046/0001038357-13-000046-index.htm",
        "finalLink": "https://www.sec.gov/Archives/edgar/data/1038357/000103835713000046/pxd-20130630.htm"
    },
    {
        "date": "2013-03-31",
        "symbol": "PXD",
        "reportedCurrency": "USD",
        "cik": "0001038357",
        "fillingDate": "2013-05-08",
        "acceptedDate": "2013-05-08 08:28:55",
        "calendarYear": "2013",
        "period": "Q1",
        "revenue": 787855000,
        "costOfRevenue": 454200000,
        "grossProfit": 333655000,
        "grossProfitRatio": 0.4234979787,
        "researchAndDevelopmentExpenses": 0,
        "generalAndAdministrativeExpenses": 63751000,
        "sellingAndMarketingExpenses": 0,
        "sellingGeneralAndAdministrativeExpenses": 63751000,
        "otherExpenses": 30780000,
        "operatingExpenses": 94531000,
        "costAndExpenses": 548731000,
        "interestIncome": 19315000,
        "interestExpense": 50735000,
        "depreciationAndAmortization": 215000000,
        "ebitda": 379000000,
        "ebitdaratio": 0.4810529856,
        "operatingIncome": 254006000,
        "operatingIncomeRatio": 0.3224019648,
        "totalOtherIncomeExpensesNet": 59329000,
        "incomeBeforeTax": 168529000,
        "incomeBeforeTaxRatio": 0.2139086507,
        "incomeTaxExpense": 59329000,
        "netIncome": 100663000,
        "netIncomeRatio": 0.1277684345,
        "eps": 0.77,
        "epsdiluted": 0.75,
        "weightedAverageShsOut": 129000000,
        "weightedAverageShsOutDil": 133000000,
        "link": "https://www.sec.gov/Archives/edgar/data/1038357/000103835713000028/0001038357-13-000028-index.htm",
        "finalLink": "https://www.sec.gov/Archives/edgar/data/1038357/000103835713000028/pxd-20130331.htm"
    },
    {
        "date": "2012-12-31",
        "symbol": "PXD",
        "reportedCurrency": "USD",
        "cik": "0001038357",
        "fillingDate": "2013-02-13",
        "acceptedDate": "2013-02-13 16:03:08",
        "calendarYear": "2012",
        "period": "Q4",
        "revenue": 796740000,
        "costOfRevenue": 1045934000,
        "grossProfit": -249194000,
        "grossProfitRatio": -0.3127670256,
        "researchAndDevelopmentExpenses": 0,
        "generalAndAdministrativeExpenses": 248282000,
        "sellingAndMarketingExpenses": -180591000,
        "sellingGeneralAndAdministrativeExpenses": 67691000,
        "otherExpenses": -407836000,
        "operatingExpenses": -340145000,
        "costAndExpenses": 705789000,
        "interestIncome": 53593000,
        "interestExpense": 0,
        "depreciationAndAmortization": 788609000,
        "ebitda": 1460974000,
        "ebitdaratio": 1.8336897859,
        "operatingIncome": 90951000,
        "operatingIncomeRatio": 0.1141539273,
        "totalOtherIncomeExpensesNet": 418987000,
        "incomeBeforeTax": -412072000,
        "incomeBeforeTaxRatio": -0.5171975801,
        "incomeTaxExpense": -156151000,
        "netIncome": 28834000,
        "netIncomeRatio": 0.0361899741,
        "eps": 0.22,
        "epsdiluted": 0.22,
        "weightedAverageShsOut": 123378000,
        "weightedAverageShsOutDil": 128940000,
        "link": "https://www.sec.gov/Archives/edgar/data/1038357/000103835713000009/0001038357-13-000009-index.htm",
        "finalLink": "https://www.sec.gov/Archives/edgar/data/1038357/000103835713000009/pxd-20121231x10k.htm"
    },
    {
        "date": "2012-09-30",
        "symbol": "PXD",
        "reportedCurrency": "USD",
        "cik": "0001038357",
        "fillingDate": "2012-11-05",
        "acceptedDate": "2012-11-05 17:23:12",
        "calendarYear": "2012",
        "period": "Q3",
        "revenue": 695422000,
        "costOfRevenue": 225747000,
        "grossProfit": 469675000,
        "grossProfitRatio": 0.6753812793,
        "researchAndDevelopmentExpenses": 0,
        "generalAndAdministrativeExpenses": 62567000,
        "sellingAndMarketingExpenses": 0,
        "sellingGeneralAndAdministrativeExpenses": 62567000,
        "otherExpenses": 233285000,
        "operatingExpenses": 295852000,
        "costAndExpenses": 521599000,
        "interestIncome": 18733000,
        "interestExpense": 54441000,
        "depreciationAndAmortization": 221240999,
        "ebitda": 266846999,
        "ebitdaratio": 0.3837195243,
        "operatingIncome": 173823000,
        "operatingIncomeRatio": 0.2499532658,
        "totalOtherIncomeExpensesNet": 0,
        "incomeBeforeTax": -4565000,
        "incomeBeforeTaxRatio": -0.0065643595,
        "incomeTaxExpense": 8386000,
        "netIncome": 19224000,
        "netIncomeRatio": 0.0276436466,
        "eps": 0.15,
        "epsdiluted": 0.15,
        "weightedAverageShsOut": 122072727,
        "weightedAverageShsOutDil": 123111000,
        "link": "https://www.sec.gov/Archives/edgar/data/1038357/000103835712000095/0001038357-12-000095-index.htm",
        "finalLink": "https://www.sec.gov/Archives/edgar/data/1038357/000103835712000095/pxd-20120930.htm"
    },
    {
        "date": "2012-06-30",
        "symbol": "PXD",
        "reportedCurrency": "USD",
        "cik": "0001038357",
        "fillingDate": "2012-08-07",
        "acceptedDate": "2012-08-06 18:19:18",
        "calendarYear": "2012",
        "period": "Q2",
        "revenue": 641737000,
        "costOfRevenue": 201333000,
        "grossProfit": 440404000,
        "grossProfitRatio": 0.6862686739,
        "researchAndDevelopmentExpenses": 0,
        "generalAndAdministrativeExpenses": 54957000,
        "sellingAndMarketingExpenses": 0,
        "sellingGeneralAndAdministrativeExpenses": 54957000,
        "otherExpenses": 240543000,
        "operatingExpenses": 295500000,
        "costAndExpenses": 496833000,
        "interestIncome": 6043000,
        "interestExpense": 49008000,
        "depreciationAndAmortization": 200921000,
        "ebitda": 351868000,
        "ebitdaratio": 0.5483056143,
        "operatingIncome": 144904000,
        "operatingIncomeRatio": 0.2257996656,
        "totalOtherIncomeExpensesNet": -45086000,
        "incomeBeforeTax": -96640000,
        "incomeBeforeTaxRatio": -0.1505912858,
        "incomeTaxExpense": -45086000,
        "netIncome": -70392000,
        "netIncomeRatio": -0.109689795,
        "eps": -0.57,
        "epsdiluted": -0.57,
        "weightedAverageShsOut": 123028000,
        "weightedAverageShsOutDil": 123028000,
        "link": "https://www.sec.gov/Archives/edgar/data/1038357/000103835712000078/0001038357-12-000078-index.htm",
        "finalLink": "https://www.sec.gov/Archives/edgar/data/1038357/000103835712000078/pxd-20120630.htm"
    },
    {
        "date": "2012-03-31",
        "symbol": "PXD",
        "reportedCurrency": "USD",
        "cik": "0001038357",
        "fillingDate": "2012-05-07",
        "acceptedDate": "2012-05-07 14:04:13",
        "calendarYear": "2012",
        "period": "Q1",
        "revenue": 718956000,
        "costOfRevenue": 184117000,
        "grossProfit": 534839000,
        "grossProfitRatio": 0.7439106148,
        "researchAndDevelopmentExpenses": 0,
        "generalAndAdministrativeExpenses": 63067000,
        "sellingAndMarketingExpenses": 0,
        "sellingGeneralAndAdministrativeExpenses": 63067000,
        "otherExpenses": 237135000,
        "operatingExpenses": 300202000,
        "costAndExpenses": 484319000,
        "interestIncome": 28448000,
        "interestExpense": 46858000,
        "depreciationAndAmortization": 151879000,
        "ebitda": 509384000,
        "ebitdaratio": 0.7085051102,
        "operatingIncome": 187836000,
        "operatingIncomeRatio": 0.2612621635,
        "totalOtherIncomeExpensesNet": 117703000,
        "incomeBeforeTax": 327966000,
        "incomeBeforeTaxRatio": 0.4561697795,
        "incomeTaxExpense": 117703000,
        "netIncome": 214619000,
        "netIncomeRatio": 0.2985147909,
        "eps": 1.73,
        "epsdiluted": 1.68,
        "weightedAverageShsOut": 122480000,
        "weightedAverageShsOutDil": 126247000,
        "link": "https://www.sec.gov/Archives/edgar/data/1038357/000119312512214508/0001193125-12-214508-index.htm",
        "finalLink": "https://www.sec.gov/Archives/edgar/data/1038357/000119312512214508/d326602d10q.htm"
    },
    {
        "date": "2011-12-31",
        "symbol": "PXD",
        "reportedCurrency": "USD",
        "cik": "0001038357",
        "fillingDate": "2012-02-29",
        "acceptedDate": "2012-02-29 15:53:24",
        "calendarYear": "2011",
        "period": "Q4",
        "revenue": 664776000,
        "costOfRevenue": 173483000,
        "grossProfit": 491293000,
        "grossProfitRatio": 0.7390354044,
        "researchAndDevelopmentExpenses": 0,
        "generalAndAdministrativeExpenses": 193215000,
        "sellingAndMarketingExpenses": -137868000,
        "sellingGeneralAndAdministrativeExpenses": 55347000,
        "otherExpenses": 248458000,
        "operatingExpenses": 303805000,
        "costAndExpenses": 477288000,
        "interestIncome": 33812000,
        "interestExpense": 45878000,
        "depreciationAndAmortization": 146598000,
        "ebitda": 403588000,
        "ebitdaratio": 0.6071037462,
        "operatingIncome": 166316000,
        "operatingIncomeRatio": 0.2501835205,
        "totalOtherIncomeExpensesNet": -71161000,
        "incomeBeforeTax": -190716000,
        "incomeBeforeTaxRatio": -0.2868876133,
        "incomeTaxExpense": -75272000,
        "netIncome": -111146000,
        "netIncomeRatio": -0.1671931598,
        "eps": -0.93,
        "epsdiluted": -0.93,
        "weightedAverageShsOut": 119223000,
        "weightedAverageShsOutDil": 119223000,
        "link": "https://www.sec.gov/Archives/edgar/data/1038357/000119312512088998/0001193125-12-088998-index.htm",
        "finalLink": "https://www.sec.gov/Archives/edgar/data/1038357/000119312512088998/d270523d10k.htm"
    },
    {
        "date": "2011-09-30",
        "symbol": "PXD",
        "reportedCurrency": "USD",
        "cik": "0001038357",
        "fillingDate": "2011-11-04",
        "acceptedDate": "2011-11-04 16:51:03",
        "calendarYear": "2011",
        "period": "Q3",
        "revenue": 610509000,
        "costOfRevenue": 158151000,
        "grossProfit": 452358000,
        "grossProfitRatio": 0.7409522218,
        "researchAndDevelopmentExpenses": 0,
        "generalAndAdministrativeExpenses": 49812000,
        "sellingAndMarketingExpenses": 0,
        "sellingGeneralAndAdministrativeExpenses": 49812000,
        "otherExpenses": 189368000,
        "operatingExpenses": 239180000,
        "costAndExpenses": 397331000,
        "interestIncome": 17573000,
        "interestExpense": 45559000,
        "depreciationAndAmortization": 166536000,
        "ebitda": 738152000,
        "ebitdaratio": 1.2090763609,
        "operatingIncome": 213178000,
        "operatingIncomeRatio": 0.3491807656,
        "totalOtherIncomeExpensesNet": 185471000,
        "incomeBeforeTax": 571616000,
        "incomeBeforeTaxRatio": 0.9362941414,
        "incomeTaxExpense": 185471000,
        "netIncome": 351464000,
        "netIncomeRatio": 0.5756901209,
        "eps": 2.96,
        "epsdiluted": 2.95,
        "weightedAverageShsOut": 116281000,
        "weightedAverageShsOutDil": 117075000,
        "link": "https://www.sec.gov/Archives/edgar/data/1038357/000119312511297579/0001193125-11-297579-index.htm",
        "finalLink": "https://www.sec.gov/Archives/edgar/data/1038357/000119312511297579/d235261d10q.htm"
    },
    {
        "date": "2011-06-30",
        "symbol": "PXD",
        "reportedCurrency": "USD",
        "cik": "0001038357",
        "fillingDate": "2011-08-05",
        "acceptedDate": "2011-08-05 14:28:16",
        "calendarYear": "2011",
        "period": "Q2",
        "revenue": 583931000,
        "costOfRevenue": 138319000,
        "grossProfit": 445612000,
        "grossProfitRatio": 0.7631244102,
        "researchAndDevelopmentExpenses": 0,
        "generalAndAdministrativeExpenses": 44644000,
        "sellingAndMarketingExpenses": 0,
        "sellingGeneralAndAdministrativeExpenses": 44644000,
        "otherExpenses": 176470000,
        "operatingExpenses": 221114000,
        "costAndExpenses": 359433000,
        "interestIncome": 18454000,
        "interestExpense": 45768000,
        "depreciationAndAmortization": 153898000,
        "ebitda": 565878000,
        "ebitdaratio": 0.969083676,
        "operatingIncome": 224498000,
        "operatingIncomeRatio": 0.3844598078,
        "totalOtherIncomeExpensesNet": 144696000,
        "incomeBeforeTax": 411980000,
        "incomeBeforeTaxRatio": 0.7055285642,
        "incomeTaxExpense": 144696000,
        "netIncome": 245577000,
        "netIncomeRatio": 0.4205582509,
        "eps": 2.07,
        "epsdiluted": 2.03,
        "weightedAverageShsOut": 116213000,
        "weightedAverageShsOutDil": 118592000,
        "link": "https://www.sec.gov/Archives/edgar/data/1038357/000119312511212052/0001193125-11-212052-index.htm",
        "finalLink": "https://www.sec.gov/Archives/edgar/data/1038357/000119312511212052/d10q.htm"
    },
    {
        "date": "2011-03-31",
        "symbol": "PXD",
        "reportedCurrency": "USD",
        "cik": "0001038357",
        "fillingDate": "2011-05-10",
        "acceptedDate": "2011-05-09 18:05:09",
        "calendarYear": "2011",
        "period": "Q1",
        "revenue": 497130000,
        "costOfRevenue": 133227000,
        "grossProfit": 363903000,
        "grossProfitRatio": 0.7320077243,
        "researchAndDevelopmentExpenses": 0,
        "generalAndAdministrativeExpenses": 44106000,
        "sellingAndMarketingExpenses": 0,
        "sellingGeneralAndAdministrativeExpenses": 44106000,
        "otherExpenses": 160671000,
        "operatingExpenses": 204777000,
        "costAndExpenses": 338004000,
        "interestIncome": 32687000,
        "interestExpense": 45227000,
        "depreciationAndAmortization": 104683000,
        "ebitda": 274758000,
        "ebitdaratio": 0.5526884316,
        "operatingIncome": 159126000,
        "operatingIncomeRatio": 0.3200893127,
        "totalOtherIncomeExpensesNet": -47151000,
        "incomeBeforeTax": -117989000,
        "incomeBeforeTaxRatio": -0.2373403335,
        "incomeTaxExpense": -47151000,
        "netIncome": 348594000,
        "netIncomeRatio": 0.7012129624,
        "eps": 2.96,
        "epsdiluted": 2.96,
        "weightedAverageShsOut": 115869000,
        "weightedAverageShsOutDil": 115869000,
        "link": "https://www.sec.gov/Archives/edgar/data/1038357/000119312511132694/0001193125-11-132694-index.htm",
        "finalLink": "https://www.sec.gov/Archives/edgar/data/1038357/000119312511132694/d10q.htm"
    },
    {
        "date": "2010-12-31",
        "symbol": "PXD",
        "reportedCurrency": "USD",
        "cik": "0001038357",
        "fillingDate": "2011-02-25",
        "acceptedDate": "2011-02-25 16:21:57",
        "calendarYear": "2010",
        "period": "Q4",
        "revenue": 487290000,
        "costOfRevenue": 101495000,
        "grossProfit": 385795000,
        "grossProfitRatio": 0.7917154056,
        "researchAndDevelopmentExpenses": 0,
        "generalAndAdministrativeExpenses": 165301000,
        "sellingAndMarketingExpenses": -128081000,
        "sellingGeneralAndAdministrativeExpenses": 37220000,
        "otherExpenses": 241691000,
        "operatingExpenses": 278911000,
        "costAndExpenses": 380406000,
        "interestIncome": 6383000,
        "interestExpense": 45191000,
        "depreciationAndAmortization": 120250000,
        "ebitda": 237111000,
        "ebitdaratio": 0.486591147,
        "operatingIncome": 106884000,
        "operatingIncomeRatio": 0.2193437173,
        "totalOtherIncomeExpensesNet": 291692000,
        "incomeBeforeTax": -79976000,
        "incomeBeforeTaxRatio": -0.1641240329,
        "incomeTaxExpense": -59511000,
        "netIncome": 80342000,
        "netIncomeRatio": 0.1648751257,
        "eps": 0.69,
        "epsdiluted": 0.69,
        "weightedAverageShsOut": 115293000,
        "weightedAverageShsOutDil": 115869000,
        "link": "https://www.sec.gov/Archives/edgar/data/1038357/000119312511047441/0001193125-11-047441-index.htm",
        "finalLink": "https://www.sec.gov/Archives/edgar/data/1038357/000119312511047441/d10k.htm"
    },
    {
        "date": "2010-09-30",
        "symbol": "PXD",
        "reportedCurrency": "USD",
        "cik": "0001038357",
        "fillingDate": "2010-11-01",
        "acceptedDate": "2010-11-01 15:37:49",
        "calendarYear": "2010",
        "period": "Q3",
        "revenue": 616652000,
        "costOfRevenue": 160347000,
        "grossProfit": 456305000,
        "grossProfitRatio": 0.7399716534,
        "researchAndDevelopmentExpenses": 0,
        "generalAndAdministrativeExpenses": 44759000,
        "sellingAndMarketingExpenses": 0,
        "sellingGeneralAndAdministrativeExpenses": 44759000,
        "otherExpenses": 173765000,
        "operatingExpenses": 218524000,
        "costAndExpenses": 378871000,
        "interestIncome": 11864000,
        "interestExpense": 45002000,
        "depreciationAndAmortization": 152838000,
        "ebitda": 342991000,
        "ebitdaratio": 0.5562148505,
        "operatingIncome": 116637000,
        "operatingIncomeRatio": 0.1891455797,
        "totalOtherIncomeExpensesNet": 76661000,
        "incomeBeforeTax": 190153000,
        "incomeBeforeTaxRatio": 0.3083635503,
        "incomeTaxExpense": 76661000,
        "netIncome": 112036000,
        "netIncomeRatio": 0.1816843211,
        "eps": 0.95,
        "epsdiluted": 0.94,
        "weightedAverageShsOut": 115191000,
        "weightedAverageShsOutDil": 116021000,
        "link": "https://www.sec.gov/Archives/edgar/data/1038357/000119312510242545/0001193125-10-242545-index.htm",
        "finalLink": "https://www.sec.gov/Archives/edgar/data/1038357/000119312510242545/d10q.htm"
    },
    {
        "date": "2010-06-30",
        "symbol": "PXD",
        "reportedCurrency": "USD",
        "cik": "0001038357",
        "fillingDate": "2010-07-30",
        "acceptedDate": "2010-07-30 14:11:22",
        "calendarYear": "2010",
        "period": "Q2",
        "revenue": 662394000,
        "costOfRevenue": 149755000,
        "grossProfit": 512639000,
        "grossProfitRatio": 0.7739185439,
        "researchAndDevelopmentExpenses": 0,
        "generalAndAdministrativeExpenses": 0,
        "sellingAndMarketingExpenses": 0,
        "sellingGeneralAndAdministrativeExpenses": 42374000,
        "otherExpenses": 165039000,
        "operatingExpenses": 207413000,
        "costAndExpenses": 357168000,
        "interestIncome": 20263000,
        "interestExpense": 45368000,
        "depreciationAndAmortization": 150314000,
        "ebitda": 455540000,
        "ebitdaratio": 0.687717582,
        "operatingIncome": 277489000,
        "operatingIncomeRatio": 0.4189183477,
        "totalOtherIncomeExpensesNet": 94693000,
        "incomeBeforeTax": 257226000,
        "incomeBeforeTaxRatio": 0.3883277928,
        "incomeTaxExpense": 94693000,
        "netIncome": 167576000,
        "netIncomeRatio": 0.2529853833,
        "eps": 1.42,
        "epsdiluted": 1.41,
        "weightedAverageShsOut": 115104000,
        "weightedAverageShsOutDil": 116006000,
        "link": "https://www.sec.gov/Archives/edgar/data/1038357/000119312510172043/0001193125-10-172043-index.htm",
        "finalLink": "https://www.sec.gov/Archives/edgar/data/1038357/000119312510172043/d10q.htm"
    },
    {
        "date": "2010-03-31",
        "symbol": "PXD",
        "reportedCurrency": "USD",
        "cik": "0001038357",
        "fillingDate": "2010-05-06",
        "acceptedDate": "2010-05-05 20:03:06",
        "calendarYear": "2010",
        "period": "Q1",
        "revenue": 817428000,
        "costOfRevenue": 137573000,
        "grossProfit": 679855000,
        "grossProfitRatio": 0.831700162,
        "researchAndDevelopmentExpenses": 0,
        "generalAndAdministrativeExpenses": 40948000,
        "sellingAndMarketingExpenses": 0,
        "sellingGeneralAndAdministrativeExpenses": 40948000,
        "otherExpenses": 167344000,
        "operatingExpenses": 208292000,
        "costAndExpenses": 345865000,
        "interestIncome": 388000,
        "interestExpense": 47523000,
        "depreciationAndAmortization": 150768000,
        "ebitda": 622331000,
        "ebitdaratio": 0.7613282148,
        "operatingIncome": 468603000,
        "operatingIncomeRatio": 0.5732651683,
        "totalOtherIncomeExpensesNet": 160474000,
        "incomeBeforeTax": 421080000,
        "incomeBeforeTaxRatio": 0.5151279379,
        "incomeTaxExpense": 160474000,
        "netIncome": 245254000,
        "netIncomeRatio": 0.3000313177,
        "eps": 2.09,
        "epsdiluted": 2.08,
        "weightedAverageShsOut": 114655000,
        "weightedAverageShsOutDil": 115462000,
        "link": "https://www.sec.gov/Archives/edgar/data/1038357/000140746310000042/0001407463-10-000042-index.html",
        "finalLink": "https://www.sec.gov/Archives/edgar/data/1038357/000140746310000042/pxd10qmar10.htm"
    },
    {
        "date": "2009-12-31",
        "symbol": "PXD",
        "reportedCurrency": "USD",
        "cik": "0001038357",
        "fillingDate": "2010-02-26",
        "acceptedDate": "2010-02-26 16:26:04",
        "calendarYear": "2009",
        "period": "Q4",
        "revenue": 463690000,
        "costOfRevenue": 133762000,
        "grossProfit": 329928000,
        "grossProfitRatio": 0.7115270978,
        "researchAndDevelopmentExpenses": 0,
        "generalAndAdministrativeExpenses": 140323000,
        "sellingAndMarketingExpenses": -14904000,
        "sellingGeneralAndAdministrativeExpenses": 125419000,
        "otherExpenses": 180310000,
        "operatingExpenses": 305729000,
        "costAndExpenses": 439491000,
        "interestIncome": 2545000,
        "interestExpense": 45310000,
        "depreciationAndAmortization": 130455000,
        "ebitda": 166337000,
        "ebitdaratio": 0.3587245789,
        "operatingIncome": 24199000,
        "operatingIncomeRatio": 0.0521878841,
        "totalOtherIncomeExpensesNet": 40295000,
        "incomeBeforeTax": -22419000,
        "incomeBeforeTaxRatio": -0.0483491126,
        "incomeTaxExpense": -437000,
        "netIncome": 56660000,
        "netIncomeRatio": 0.122193707,
        "eps": 0.49,
        "epsdiluted": 0.49,
        "weightedAverageShsOut": 114350000,
        "weightedAverageShsOutDil": 114655000,
        "link": "https://www.sec.gov/Archives/edgar/data/1038357/000119312510042964/0001193125-10-042964-index.htm",
        "finalLink": "https://www.sec.gov/Archives/edgar/data/1038357/000119312510042964/d10k.htm"
    },
    {
        "date": "2009-09-30",
        "symbol": "PXD",
        "reportedCurrency": "USD",
        "cik": "0001038357",
        "fillingDate": "2009-11-06",
        "acceptedDate": "2009-11-06 17:05:09",
        "calendarYear": "2009",
        "period": "Q3",
        "revenue": 410087000,
        "costOfRevenue": 143556000,
        "grossProfit": 266531000,
        "grossProfitRatio": 0.6499376961,
        "researchAndDevelopmentExpenses": 0,
        "generalAndAdministrativeExpenses": 34799000,
        "sellingAndMarketingExpenses": 0,
        "sellingGeneralAndAdministrativeExpenses": 34799000,
        "otherExpenses": 199190000,
        "operatingExpenses": 233989000,
        "costAndExpenses": 377545000,
        "interestIncome": 503000,
        "interestExpense": 43438000,
        "depreciationAndAmortization": 162605000,
        "ebitda": 195147000,
        "ebitdaratio": 0.475867316,
        "operatingIncome": 29788000,
        "operatingIncomeRatio": 0.0726382451,
        "totalOtherIncomeExpensesNet": -5206000,
        "incomeBeforeTax": -15480000,
        "incomeBeforeTaxRatio": -0.0377480876,
        "incomeTaxExpense": -5206000,
        "netIncome": -7165000,
        "netIncomeRatio": -0.0174719023,
        "eps": -0.0628,
        "epsdiluted": -0.0628,
        "weightedAverageShsOut": 114123000,
        "weightedAverageShsOutDil": 114123000,
        "link": "https://www.sec.gov/Archives/edgar/data/1038357/000119312509227713/0001193125-09-227713-index.htm",
        "finalLink": "https://www.sec.gov/Archives/edgar/data/1038357/000119312509227713/d10q.htm"
    },
    {
        "date": "2009-06-30",
        "symbol": "PXD",
        "reportedCurrency": "USD",
        "cik": "0001038357",
        "fillingDate": "2009-08-10",
        "acceptedDate": "2009-08-10 14:39:43",
        "calendarYear": "2009",
        "period": "Q2",
        "revenue": 459343000,
        "costOfRevenue": 130126000,
        "grossProfit": 329217000,
        "grossProfitRatio": 0.7167127833,
        "researchAndDevelopmentExpenses": 0,
        "generalAndAdministrativeExpenses": 33275000,
        "sellingAndMarketingExpenses": 0,
        "sellingGeneralAndAdministrativeExpenses": 33275000,
        "otherExpenses": 372882000,
        "operatingExpenses": 406157000,
        "costAndExpenses": 536283000,
        "interestIncome": 88598000,
        "interestExpense": 43475000,
        "depreciationAndAmortization": 154260000,
        "ebitda": 26700000,
        "ebitdaratio": 0.0581264981,
        "operatingIncome": -79693000,
        "operatingIncomeRatio": -0.1734934461,
        "totalOtherIncomeExpensesNet": -44398000,
        "incomeBeforeTax": -139243000,
        "incomeBeforeTaxRatio": -0.30313513,
        "incomeTaxExpense": -44398000,
        "netIncome": -92114000,
        "netIncomeRatio": -0.2005342413,
        "eps": -0.81,
        "epsdiluted": -0.81,
        "weightedAverageShsOut": 113979000,
        "weightedAverageShsOutDil": 113979000,
        "link": "https://www.sec.gov/Archives/edgar/data/1038357/000119312509170426/0001193125-09-170426-index.htm",
        "finalLink": "https://www.sec.gov/Archives/edgar/data/1038357/000119312509170426/d10q.htm"
    },
    {
        "date": "2009-03-31",
        "symbol": "PXD",
        "reportedCurrency": "USD",
        "cik": "0001038357",
        "fillingDate": "2009-05-11",
        "acceptedDate": "2009-05-11 17:06:29",
        "calendarYear": "2009",
        "period": "Q1",
        "revenue": 373837000,
        "costOfRevenue": 140727000,
        "grossProfit": 233110000,
        "grossProfitRatio": 0.6235605357,
        "researchAndDevelopmentExpenses": 0,
        "generalAndAdministrativeExpenses": 34639000,
        "sellingAndMarketingExpenses": 0,
        "sellingGeneralAndAdministrativeExpenses": 34639000,
        "otherExpenses": 226962000,
        "operatingExpenses": 261601000,
        "costAndExpenses": 402328000,
        "interestIncome": 10660000,
        "interestExpense": 41138000,
        "depreciationAndAmortization": 180874000,
        "ebitda": 174726000,
        "ebitdaratio": 0.4673855183,
        "operatingIncome": -28491000,
        "operatingIncomeRatio": -0.0762123599,
        "totalOtherIncomeExpensesNet": 0,
        "incomeBeforeTax": -12076000,
        "incomeBeforeTaxRatio": -0.0323028486,
        "incomeTaxExpense": -1263000,
        "netIncome": -14606000,
        "netIncomeRatio": -0.039070504,
        "eps": -0.13,
        "epsdiluted": -0.13,
        "weightedAverageShsOut": 114242000,
        "weightedAverageShsOutDil": 114242000,
        "link": "https://www.sec.gov/Archives/edgar/data/1038357/000103835709000028/0001038357-09-000028-index.htm",
        "finalLink": "https://www.sec.gov/Archives/edgar/data/1038357/000103835709000028/pxdmarq.htm"
    },
    {
        "date": "2008-12-31",
        "symbol": "PXD",
        "reportedCurrency": "USD",
        "cik": "0001038357",
        "fillingDate": "2009-02-25",
        "acceptedDate": "2009-02-24 19:58:30",
        "calendarYear": "2008",
        "period": "Q4",
        "revenue": 514302000,
        "costOfRevenue": 217993000,
        "grossProfit": 296309000,
        "grossProfitRatio": 0.5761381445,
        "researchAndDevelopmentExpenses": 0,
        "generalAndAdministrativeExpenses": 141823000,
        "sellingAndMarketingExpenses": -18940000,
        "sellingGeneralAndAdministrativeExpenses": 122883000,
        "otherExpenses": 229384000,
        "operatingExpenses": 352267000,
        "costAndExpenses": 570260000,
        "interestIncome": 0,
        "interestExpense": 0,
        "depreciationAndAmortization": 129044000,
        "ebitda": 166215000,
        "ebitdaratio": 0.3231855991,
        "operatingIncome": -55958000,
        "operatingIncomeRatio": -0.1088037768,
        "totalOtherIncomeExpensesNet": 488305000,
        "incomeBeforeTax": -84751000,
        "incomeBeforeTaxRatio": -0.1647883928,
        "incomeTaxExpense": -22280000,
        "netIncome": -65467000,
        "netIncomeRatio": -0.1272929135,
        "eps": -0.57,
        "epsdiluted": -0.57,
        "weightedAverageShsOut": 114242000,
        "weightedAverageShsOutDil": 114242000,
        "link": "https://www.sec.gov/Archives/edgar/data/1038357/000103835709000008/0001038357-09-000008-index.htm",
        "finalLink": "https://www.sec.gov/Archives/edgar/data/1038357/000103835709000008/pxd10k082.htm"
    },
    {
        "date": "2008-09-30",
        "symbol": "PXD",
        "reportedCurrency": "USD",
        "cik": "0001038357",
        "fillingDate": "2008-11-07",
        "acceptedDate": "2008-11-07 17:26:34",
        "calendarYear": "2008",
        "period": "Q3",
        "revenue": 612200000,
        "costOfRevenue": 266836000,
        "grossProfit": 345364000,
        "grossProfitRatio": 0.5641359033,
        "researchAndDevelopmentExpenses": 0,
        "generalAndAdministrativeExpenses": 31617000,
        "sellingAndMarketingExpenses": 0,
        "sellingGeneralAndAdministrativeExpenses": 31617000,
        "otherExpenses": 127467000,
        "operatingExpenses": 159084000,
        "costAndExpenses": 425920000,
        "interestIncome": 0,
        "interestExpense": 0,
        "depreciationAndAmortization": 127467000,
        "ebitda": 139815000,
        "ebitdaratio": 0.228381248,
        "operatingIncome": 186280000,
        "operatingIncomeRatio": 0.3042796472,
        "totalOtherIncomeExpensesNet": -173932000,
        "incomeBeforeTax": 12348000,
        "incomeBeforeTaxRatio": 0.0201698791,
        "incomeTaxExpense": 14895000,
        "netIncome": -3038000,
        "netIncomeRatio": -0.0049624306,
        "eps": -0.0257,
        "epsdiluted": -0.0257,
        "weightedAverageShsOut": 118110000,
        "weightedAverageShsOutDil": 118110000,
        "link": "https://www.sec.gov/Archives/edgar/data/1038357/000103835708000050/0001038357-08-000050-index.htm",
        "finalLink": "https://www.sec.gov/Archives/edgar/data/1038357/000103835708000050/pxdsep08q.htm"
    },
    {
        "date": "2008-06-30",
        "symbol": "PXD",
        "reportedCurrency": "USD",
        "cik": "0001038357",
        "fillingDate": "2008-08-11",
        "acceptedDate": "2008-08-08 20:19:05",
        "calendarYear": "2008",
        "period": "Q2",
        "revenue": 665689000,
        "costOfRevenue": 174616000,
        "grossProfit": 491073000,
        "grossProfitRatio": 0.7376913243,
        "researchAndDevelopmentExpenses": 0,
        "generalAndAdministrativeExpenses": 35548000,
        "sellingAndMarketingExpenses": 0,
        "sellingGeneralAndAdministrativeExpenses": 35548000,
        "otherExpenses": 114679000,
        "operatingExpenses": 150227000,
        "costAndExpenses": 324843000,
        "interestIncome": 0,
        "interestExpense": 0,
        "depreciationAndAmortization": 114679000,
        "ebitda": 212409000,
        "ebitdaratio": 0.3190814329,
        "operatingIncome": 340846000,
        "operatingIncomeRatio": 0.5120198771,
        "totalOtherIncomeExpensesNet": 125758000,
        "incomeBeforeTax": 283791000,
        "incomeBeforeTaxRatio": 0.4263116861,
        "incomeTaxExpense": 125758000,
        "netIncome": 158829000,
        "netIncomeRatio": 0.2385933972,
        "eps": 1.3,
        "epsdiluted": 1.29,
        "weightedAverageShsOut": 118363000,
        "weightedAverageShsOutDil": 119370000,
        "link": "https://www.sec.gov/Archives/edgar/data/1038357/000103835708000034/0001038357-08-000034-index.htm",
        "finalLink": "https://www.sec.gov/Archives/edgar/data/1038357/000103835708000034/pxdjun0810q.htm"
    },
    {
        "date": "2008-03-31",
        "symbol": "PXD",
        "reportedCurrency": "USD",
        "cik": "0001038357",
        "fillingDate": "2008-05-12",
        "acceptedDate": "2008-05-12 16:02:49",
        "calendarYear": "2008",
        "period": "Q1",
        "revenue": 584178000,
        "costOfRevenue": 171324000,
        "grossProfit": 412854000,
        "grossProfitRatio": 0.7067263745,
        "researchAndDevelopmentExpenses": 0,
        "generalAndAdministrativeExpenses": 36481000,
        "sellingAndMarketingExpenses": 0,
        "sellingGeneralAndAdministrativeExpenses": 36481000,
        "otherExpenses": 109627000,
        "operatingExpenses": 146108000,
        "costAndExpenses": 317432000,
        "interestIncome": 0,
        "interestExpense": 0,
        "depreciationAndAmortization": 109627000,
        "ebitda": 138159000,
        "ebitdaratio": 0.2365015458,
        "operatingIncome": 266746000,
        "operatingIncomeRatio": 0.4566176747,
        "totalOtherIncomeExpensesNet": 87267000,
        "incomeBeforeTax": 215067000,
        "incomeBeforeTaxRatio": 0.3681531999,
        "incomeTaxExpense": 87267000,
        "netIncome": 129740000,
        "netIncomeRatio": 0.2220898425,
        "eps": 1.07,
        "epsdiluted": 1.07,
        "weightedAverageShsOut": 117934000,
        "weightedAverageShsOutDil": 118260000,
        "link": "https://www.sec.gov/Archives/edgar/data/1038357/000103835708000017/0001038357-08-000017-index.htm",
        "finalLink": "https://www.sec.gov/Archives/edgar/data/1038357/000103835708000017/mar0810q.htm"
    },
    {
        "date": "2007-12-31",
        "symbol": "PXD",
        "reportedCurrency": "USD",
        "cik": "0001038357",
        "fillingDate": "2008-02-21",
        "acceptedDate": "2008-02-21 15:26:21",
        "calendarYear": "2007",
        "period": "Q4",
        "revenue": 508579000,
        "costOfRevenue": 221544000,
        "grossProfit": 287035000,
        "grossProfitRatio": 0.5643862605,
        "researchAndDevelopmentExpenses": 0,
        "generalAndAdministrativeExpenses": 129587000,
        "sellingAndMarketingExpenses": -94304000,
        "sellingGeneralAndAdministrativeExpenses": 35283000,
        "otherExpenses": 106470000,
        "operatingExpenses": 141753000,
        "costAndExpenses": 363297000,
        "interestIncome": 0,
        "interestExpense": 0,
        "depreciationAndAmortization": 217588000,
        "ebitda": 215116000,
        "ebitdaratio": 0.4229746018,
        "operatingIncome": 145282000,
        "operatingIncomeRatio": 0.2856626011,
        "totalOtherIncomeExpensesNet": 283562000,
        "incomeBeforeTax": 104817000,
        "incomeBeforeTaxRatio": 0.2060977744,
        "incomeTaxExpense": 20464000,
        "netIncome": 204728000,
        "netIncomeRatio": 0.4025490632,
        "eps": 1.74,
        "epsdiluted": 1.74,
        "weightedAverageShsOut": 117572000,
        "weightedAverageShsOutDil": 117934000,
        "link": "https://www.sec.gov/Archives/edgar/data/1038357/000103835708000005/0001038357-08-000005-index.htm",
        "finalLink": "https://www.sec.gov/Archives/edgar/data/1038357/000103835708000005/pxd10k07v2.htm"
    },
    {
        "date": "2007-09-30",
        "symbol": "PXD",
        "reportedCurrency": "USD",
        "cik": "0001038357",
        "fillingDate": "2007-11-09",
        "acceptedDate": "2007-11-09 09:51:58",
        "calendarYear": "2007",
        "period": "Q3",
        "revenue": 458898000,
        "costOfRevenue": 148052000,
        "grossProfit": 310846000,
        "grossProfitRatio": 0.6773749286,
        "researchAndDevelopmentExpenses": 0,
        "generalAndAdministrativeExpenses": 32330000,
        "sellingAndMarketingExpenses": 0,
        "sellingGeneralAndAdministrativeExpenses": 32330000,
        "otherExpenses": 113879000,
        "operatingExpenses": 146209000,
        "costAndExpenses": 294261000,
        "interestIncome": 0,
        "interestExpense": 0,
        "depreciationAndAmortization": 113879000,
        "ebitda": 208215000,
        "ebitdaratio": 0.4537282795,
        "operatingIncome": 164637000,
        "operatingIncomeRatio": 0.3587660003,
        "totalOtherIncomeExpensesNet": 60948000,
        "incomeBeforeTax": 153967000,
        "incomeBeforeTaxRatio": 0.335514646,
        "incomeTaxExpense": 60948000,
        "netIncome": 101927000,
        "netIncomeRatio": 0.2221125392,
        "eps": 0.85,
        "epsdiluted": 0.84,
        "weightedAverageShsOut": 120323000,
        "weightedAverageShsOutDil": 121805000,
        "link": "https://www.sec.gov/Archives/edgar/data/1038357/000103835707000083/0001038357-07-000083-index.htm",
        "finalLink": "https://www.sec.gov/Archives/edgar/data/1038357/000103835707000083/sep0710q.htm"
    },
    {
        "date": "2007-06-30",
        "symbol": "PXD",
        "reportedCurrency": "USD",
        "cik": "0001038357",
        "fillingDate": "2007-08-09",
        "acceptedDate": "2007-08-09 12:04:17",
        "calendarYear": "2007",
        "period": "Q2",
        "revenue": 483920000,
        "costOfRevenue": 190207000,
        "grossProfit": 293713000,
        "grossProfitRatio": 0.6069453629,
        "researchAndDevelopmentExpenses": 0,
        "generalAndAdministrativeExpenses": 30811000,
        "sellingAndMarketingExpenses": 0,
        "sellingGeneralAndAdministrativeExpenses": 30811000,
        "otherExpenses": 103979000,
        "operatingExpenses": 134790000,
        "costAndExpenses": 324997000,
        "interestIncome": 0,
        "interestExpense": 0,
        "depreciationAndAmortization": 103979000,
        "ebitda": 124175000,
        "ebitdaratio": 0.256602331,
        "operatingIncome": 158923000,
        "operatingIncomeRatio": 0.328407588,
        "totalOtherIncomeExpensesNet": 0,
        "incomeBeforeTax": 51189000,
        "incomeBeforeTaxRatio": 0.105779881,
        "incomeTaxExpense": 16284000,
        "netIncome": 36480000,
        "netIncomeRatio": 0.0753843611,
        "eps": 0.3,
        "epsdiluted": 0.3,
        "weightedAverageShsOut": 121226000,
        "weightedAverageShsOutDil": 122776000,
        "link": "https://www.sec.gov/Archives/edgar/data/1038357/000103835707000068/0001038357-07-000068-index.htm",
        "finalLink": "https://www.sec.gov/Archives/edgar/data/1038357/000103835707000068/jun0710q_v5.htm"
    },
    {
        "date": "2007-03-31",
        "symbol": "PXD",
        "reportedCurrency": "USD",
        "cik": "0001038357",
        "fillingDate": "2007-05-09",
        "acceptedDate": "2007-05-09 12:21:47",
        "calendarYear": "2007",
        "period": "Q1",
        "revenue": 406094000,
        "costOfRevenue": 180785000,
        "grossProfit": 225309000,
        "grossProfitRatio": 0.55481982,
        "researchAndDevelopmentExpenses": 0,
        "generalAndAdministrativeExpenses": 34444000,
        "sellingAndMarketingExpenses": 0,
        "sellingGeneralAndAdministrativeExpenses": 34444000,
        "otherExpenses": 92138000,
        "operatingExpenses": 126582000,
        "costAndExpenses": 307367000,
        "interestIncome": 0,
        "interestExpense": 0,
        "depreciationAndAmortization": 92138000,
        "ebitda": 105812000,
        "ebitdaratio": 0.2605603629,
        "operatingIncome": 98727000,
        "operatingIncomeRatio": 0.2431136633,
        "totalOtherIncomeExpensesNet": 0,
        "incomeBeforeTax": 46214000,
        "incomeBeforeTaxRatio": 0.1138012381,
        "incomeTaxExpense": 15919000,
        "netIncome": 30997000,
        "netIncomeRatio": 0.0763296183,
        "eps": 0.24,
        "epsdiluted": 0.24,
        "weightedAverageShsOut": 121523000,
        "weightedAverageShsOutDil": 122794000,
        "link": "https://www.sec.gov/Archives/edgar/data/1038357/000103835707000053/0001038357-07-000053-index.htm",
        "finalLink": "https://www.sec.gov/Archives/edgar/data/1038357/000103835707000053/mar0710q.htm"
    },
    {
        "date": "2006-12-31",
        "symbol": "PXD",
        "reportedCurrency": "USD",
        "cik": "0001038357",
        "fillingDate": "2007-02-20",
        "acceptedDate": "2007-02-20 17:16:10",
        "calendarYear": "2006",
        "period": "Q4",
        "revenue": 389840000,
        "costOfRevenue": 151604000,
        "grossProfit": 238236000,
        "grossProfitRatio": 0.6111122512,
        "researchAndDevelopmentExpenses": 0,
        "generalAndAdministrativeExpenses": 0,
        "sellingAndMarketingExpenses": 0,
        "sellingGeneralAndAdministrativeExpenses": 70800000,
        "otherExpenses": 93845000,
        "operatingExpenses": 164645000,
        "costAndExpenses": 316249000,
        "interestIncome": 0,
        "interestExpense": 0,
        "depreciationAndAmortization": 78814000,
        "ebitda": 168081000,
        "ebitdaratio": 0.4311538067,
        "operatingIncome": 73591000,
        "operatingIncomeRatio": 0.1887723168,
        "totalOtherIncomeExpensesNet": -38080000,
        "incomeBeforeTax": 52549000,
        "incomeBeforeTaxRatio": 0.1347963267,
        "incomeTaxExpense": 25472000,
        "netIncome": 27686000,
        "netIncomeRatio": 0.0710188795,
        "eps": 0.23,
        "epsdiluted": 0.23,
        "weightedAverageShsOut": 120876000,
        "weightedAverageShsOutDil": 121523000,
        "link": "https://www.sec.gov/Archives/edgar/data/1038357/000103835707000022/0001038357-07-000022-index.htm",
        "finalLink": "https://www.sec.gov/Archives/edgar/data/1038357/000103835707000022/pxd10k06.txt"
    },
    {
        "date": "2006-09-30",
        "symbol": "PXD",
        "reportedCurrency": "USD",
        "cik": "0001038357",
        "fillingDate": "2006-11-07",
        "acceptedDate": "2006-11-06 18:31:42",
        "calendarYear": "2006",
        "period": "Q3",
        "revenue": 432627000,
        "costOfRevenue": 146789000,
        "grossProfit": 285838000,
        "grossProfitRatio": 0.6607030999,
        "researchAndDevelopmentExpenses": 0,
        "generalAndAdministrativeExpenses": 0,
        "sellingAndMarketingExpenses": 0,
        "sellingGeneralAndAdministrativeExpenses": 30421000,
        "otherExpenses": 95288000,
        "operatingExpenses": 125709000,
        "costAndExpenses": 272498000,
        "interestIncome": 0,
        "interestExpense": 0,
        "depreciationAndAmortization": 47892000,
        "ebitda": 272072000,
        "ebitdaratio": 0.6288835417,
        "operatingIncome": 160129000,
        "operatingIncomeRatio": 0.3701317763,
        "totalOtherIncomeExpensesNet": -39533000,
        "incomeBeforeTax": 120596000,
        "incomeBeforeTaxRatio": 0.2787528286,
        "incomeTaxExpense": 40270000,
        "netIncome": 80799000,
        "netIncomeRatio": 0.1867636555,
        "eps": 0.65,
        "epsdiluted": 0.64,
        "weightedAverageShsOut": 124021000,
        "weightedAverageShsOutDil": 126734000,
        "link": "https://www.sec.gov/Archives/edgar/data/1038357/000103835706000128/0001038357-06-000128-index.htm",
        "finalLink": "https://www.sec.gov/Archives/edgar/data/1038357/000103835706000128/pxd0610q.txt"
    },
    {
        "date": "2006-06-30",
        "symbol": "PXD",
        "reportedCurrency": "USD",
        "cik": "0001038357",
        "fillingDate": "2006-08-08",
        "acceptedDate": "2006-08-07 19:00:52",
        "calendarYear": "2006",
        "period": "Q2",
        "revenue": 413908000,
        "costOfRevenue": 144684000,
        "grossProfit": 269224000,
        "grossProfitRatio": 0.65044406,
        "researchAndDevelopmentExpenses": 0,
        "generalAndAdministrativeExpenses": 0,
        "sellingAndMarketingExpenses": 0,
        "sellingGeneralAndAdministrativeExpenses": 29468000,
        "otherExpenses": 87984000,
        "operatingExpenses": 117452000,
        "costAndExpenses": 262136000,
        "interestIncome": 0,
        "interestExpense": 0,
        "depreciationAndAmortization": 40098000,
        "ebitda": 256072000,
        "ebitdaratio": 0.6186688829,
        "operatingIncome": 151772000,
        "operatingIncomeRatio": 0.3666805184,
        "totalOtherIncomeExpensesNet": -52717000,
        "incomeBeforeTax": 116093000,
        "incomeBeforeTaxRatio": 0.2804802033,
        "incomeTaxExpense": 50207000,
        "netIncome": 88399000,
        "netIncomeRatio": 0.2135716149,
        "eps": 0.7,
        "epsdiluted": 0.69,
        "weightedAverageShsOut": 125629000,
        "weightedAverageShsOutDil": 129624000,
        "link": "https://www.sec.gov/Archives/edgar/data/1038357/000103835706000092/0001038357-06-000092-index.htm",
        "finalLink": "https://www.sec.gov/Archives/edgar/data/1038357/000103835706000092/jun0610qclean.txt"
    },
    {
        "date": "2006-03-31",
        "symbol": "PXD",
        "reportedCurrency": "USD",
        "cik": "0001038357",
        "fillingDate": "2006-05-10",
        "acceptedDate": "2006-05-10 11:50:10",
        "calendarYear": "2006",
        "period": "Q1",
        "revenue": 379468000,
        "costOfRevenue": 219325000,
        "grossProfit": 160143000,
        "grossProfitRatio": 0.4220197751,
        "researchAndDevelopmentExpenses": 0,
        "generalAndAdministrativeExpenses": 0,
        "sellingAndMarketingExpenses": 0,
        "sellingGeneralAndAdministrativeExpenses": 32247000,
        "otherExpenses": 82406000,
        "operatingExpenses": 114653000,
        "costAndExpenses": 333978000,
        "interestIncome": 0,
        "interestExpense": 0,
        "depreciationAndAmortization": 34457000,
        "ebitda": 134171000,
        "ebitdaratio": 0.3535765862,
        "operatingIncome": 45490000,
        "operatingIncomeRatio": 0.119878356,
        "totalOtherIncomeExpensesNet": 0,
        "incomeBeforeTax": 19750000,
        "incomeBeforeTaxRatio": 0.0520465494,
        "incomeTaxExpense": 20717000,
        "netIncome": 543207000,
        "netIncomeRatio": 1.4314961999,
        "eps": 4.28,
        "epsdiluted": 4.28,
        "weightedAverageShsOut": 126944000,
        "weightedAverageShsOutDil": 126944000,
        "link": "https://www.sec.gov/Archives/edgar/data/1038357/000103835706000062/0001038357-06-000062-index.htm",
        "finalLink": "https://www.sec.gov/Archives/edgar/data/1038357/000103835706000062/mar06qclean.txt"
    },
    {
        "date": "2005-12-31",
        "symbol": "PXD",
        "reportedCurrency": "USD",
        "cik": "0001038357",
        "fillingDate": "2006-02-17",
        "acceptedDate": "2006-02-17 08:11:43",
        "calendarYear": "2005",
        "period": "Q4",
        "revenue": 691301000,
        "costOfRevenue": 201529000,
        "grossProfit": 489772000,
        "grossProfitRatio": 0.7084786511,
        "researchAndDevelopmentExpenses": 0,
        "generalAndAdministrativeExpenses": 124556000,
        "sellingAndMarketingExpenses": -91551000,
        "sellingGeneralAndAdministrativeExpenses": 33005000,
        "otherExpenses": 136258000,
        "operatingExpenses": 169263000,
        "costAndExpenses": 370792000,
        "interestIncome": 0,
        "interestExpense": 0,
        "depreciationAndAmortization": 170595000,
        "ebitda": 396945000,
        "ebitdaratio": 0.5741999505,
        "operatingIncome": 320509000,
        "operatingIncomeRatio": 0.4636316163,
        "totalOtherIncomeExpensesNet": -82059000,
        "incomeBeforeTax": 238450000,
        "incomeBeforeTaxRatio": 0.3449293434,
        "incomeTaxExpense": 98006000,
        "netIncome": 140779000,
        "netIncomeRatio": 0.2036435648,
        "eps": 1.11,
        "epsdiluted": 1.11,
        "weightedAverageShsOut": 126944000,
        "weightedAverageShsOutDil": 126944000,
        "link": "https://www.sec.gov/Archives/edgar/data/1038357/000095013406003268/0000950134-06-003268-index.htm",
        "finalLink": "https://www.sec.gov/Archives/edgar/data/1038357/000095013406003268/d32860e10vk.htm"
    },
    {
        "date": "2005-09-30",
        "symbol": "PXD",
        "reportedCurrency": "USD",
        "cik": "0001038357",
        "fillingDate": "2005-11-08",
        "acceptedDate": "2005-11-08 10:42:08",
        "calendarYear": "2005",
        "period": "Q3",
        "revenue": 568236000,
        "costOfRevenue": 182620000,
        "grossProfit": 385616000,
        "grossProfitRatio": 0.6786194468,
        "researchAndDevelopmentExpenses": 0,
        "generalAndAdministrativeExpenses": 0,
        "sellingAndMarketingExpenses": 0,
        "sellingGeneralAndAdministrativeExpenses": 32749000,
        "otherExpenses": 136367000,
        "operatingExpenses": 169116000,
        "costAndExpenses": 351736000,
        "interestIncome": 0,
        "interestExpense": 0,
        "depreciationAndAmortization": 115569000,
        "ebitda": 372616000,
        "ebitdaratio": 0.6557416285,
        "operatingIncome": 216500000,
        "operatingIncomeRatio": 0.3810036675,
        "totalOtherIncomeExpensesNet": -57330000,
        "incomeBeforeTax": 147070000,
        "incomeBeforeTaxRatio": 0.2588185191,
        "incomeTaxExpense": 42483000,
        "netIncome": 123573000,
        "netIncomeRatio": 0.2174677423,
        "eps": 0.9,
        "epsdiluted": 0.88,
        "weightedAverageShsOut": 137655000,
        "weightedAverageShsOutDil": 141786000,
        "link": "https://www.sec.gov/Archives/edgar/data/1038357/000103835705000219/0001038357-05-000219-index.htm",
        "finalLink": "https://www.sec.gov/Archives/edgar/data/1038357/000103835705000219/sep10qclean3.txt"
    },
    {
        "date": "2005-06-30",
        "symbol": "PXD",
        "reportedCurrency": "USD",
        "cik": "0001038357",
        "fillingDate": "2005-08-05",
        "acceptedDate": "2005-08-04 19:35:36",
        "calendarYear": "2005",
        "period": "Q2",
        "revenue": 592644000,
        "costOfRevenue": 160380000,
        "grossProfit": 432264000,
        "grossProfitRatio": 0.7293822261,
        "researchAndDevelopmentExpenses": 0,
        "generalAndAdministrativeExpenses": 0,
        "sellingAndMarketingExpenses": 0,
        "sellingGeneralAndAdministrativeExpenses": 29217000,
        "otherExpenses": 147161000,
        "operatingExpenses": 176378000,
        "costAndExpenses": 336758000,
        "interestIncome": 0,
        "interestExpense": 0,
        "depreciationAndAmortization": 132176000,
        "ebitda": 403035000,
        "ebitdaratio": 0.6800625671,
        "operatingIncome": 255886000,
        "operatingIncomeRatio": 0.4317701689,
        "totalOtherIncomeExpensesNet": -38267000,
        "incomeBeforeTax": 205519000,
        "incomeBeforeTaxRatio": 0.3467832291,
        "incomeTaxExpense": 101983000,
        "netIncome": 185559000,
        "netIncomeRatio": 0.3131036508,
        "eps": 1.32,
        "epsdiluted": 1.28,
        "weightedAverageShsOut": 140812000,
        "weightedAverageShsOutDil": 145246000,
        "link": "https://www.sec.gov/Archives/edgar/data/1038357/000103835705000167/0001038357-05-000167-index.htm",
        "finalLink": "https://www.sec.gov/Archives/edgar/data/1038357/000103835705000167/jun0510q.txt"
    },
    {
        "date": "2005-03-31",
        "symbol": "PXD",
        "reportedCurrency": "USD",
        "cik": "0001038357",
        "fillingDate": "2005-05-06",
        "acceptedDate": "2005-05-06 11:34:19",
        "calendarYear": "2005",
        "period": "Q1",
        "revenue": 550866000,
        "costOfRevenue": 181347000,
        "grossProfit": 369519000,
        "grossProfitRatio": 0.6707965276,
        "researchAndDevelopmentExpenses": 0,
        "generalAndAdministrativeExpenses": 0,
        "sellingAndMarketingExpenses": 0,
        "sellingGeneralAndAdministrativeExpenses": 29585000,
        "otherExpenses": 156151000,
        "operatingExpenses": 185736000,
        "costAndExpenses": 367083000,
        "interestIncome": 0,
        "interestExpense": 0,
        "depreciationAndAmortization": 149678000,
        "ebitda": 331706000,
        "ebitdaratio": 0.6021536998,
        "operatingIncome": 183783000,
        "operatingIncomeRatio": 0.3336256004,
        "totalOtherIncomeExpensesNet": -35163000,
        "incomeBeforeTax": 136520000,
        "incomeBeforeTaxRatio": 0.2478279654,
        "incomeTaxExpense": 51863000,
        "netIncome": 84657000,
        "netIncomeRatio": 0.1536798423,
        "eps": 0.59,
        "epsdiluted": 0.58,
        "weightedAverageShsOut": 142898000,
        "weightedAverageShsOutDil": 147345000,
        "link": "https://www.sec.gov/Archives/edgar/data/1038357/000103835705000126/0001038357-05-000126-index.htm",
        "finalLink": "https://www.sec.gov/Archives/edgar/data/1038357/000103835705000126/pnr1mar05q.txt"
    },
    {
        "date": "2004-12-31",
        "symbol": "PXD",
        "reportedCurrency": "USD",
        "cik": "0001038357",
        "fillingDate": "2005-02-22",
        "acceptedDate": "2005-02-22 09:48:58",
        "calendarYear": "2004",
        "period": "Q4",
        "revenue": 481778000,
        "costOfRevenue": 50242000,
        "grossProfit": 431536000,
        "grossProfitRatio": 0.895715454,
        "researchAndDevelopmentExpenses": 0,
        "generalAndAdministrativeExpenses": 0,
        "sellingAndMarketingExpenses": 0,
        "sellingGeneralAndAdministrativeExpenses": 19508000,
        "otherExpenses": 155634000,
        "operatingExpenses": 175142000,
        "costAndExpenses": 225384000,
        "interestIncome": 0,
        "interestExpense": 0,
        "depreciationAndAmortization": 115241000,
        "ebitda": 431760000,
        "ebitdaratio": 0.8961803984,
        "operatingIncome": 256394000,
        "operatingIncomeRatio": 0.5321828726,
        "totalOtherIncomeExpensesNet": -103050000,
        "incomeBeforeTax": 153344000,
        "incomeBeforeTaxRatio": 0.3182876761,
        "incomeTaxExpense": 51296000,
        "netIncome": 102048000,
        "netIncomeRatio": 0.2118154005,
        "eps": 0.71,
        "epsdiluted": 0.71,
        "weightedAverageShsOut": 142898000,
        "weightedAverageShsOutDil": 142898000,
        "link": "https://www.sec.gov/Archives/edgar/data/1038357/000103835705000076/0001038357-05-000076-index.htm",
        "finalLink": "https://www.sec.gov/Archives/edgar/data/1038357/000103835705000076/pnr10k04.txt"
    },
    {
        "date": "2004-09-30",
        "symbol": "PXD",
        "reportedCurrency": "USD",
        "cik": "0001038357",
        "fillingDate": "2004-11-05",
        "acceptedDate": "2004-11-05 17:11:52",
        "calendarYear": "2004",
        "period": "Q3",
        "revenue": 454266000,
        "costOfRevenue": 163490000,
        "grossProfit": 290776000,
        "grossProfitRatio": 0.6401007339,
        "researchAndDevelopmentExpenses": 0,
        "generalAndAdministrativeExpenses": 0,
        "sellingAndMarketingExpenses": 0,
        "sellingGeneralAndAdministrativeExpenses": 21515000,
        "otherExpenses": 139991000,
        "operatingExpenses": 161506000,
        "costAndExpenses": 324996000,
        "interestIncome": 0,
        "interestExpense": 0,
        "depreciationAndAmortization": 176815000,
        "ebitda": 305870000,
        "ebitdaratio": 0.673327962,
        "operatingIncome": 129270000,
        "operatingIncomeRatio": 0.284568953,
        "totalOtherIncomeExpensesNet": -24827000,
        "incomeBeforeTax": 104443000,
        "incomeBeforeTaxRatio": 0.2299159523,
        "incomeTaxExpense": 23527000,
        "netIncome": 80916000,
        "netIncomeRatio": 0.1781247111,
        "eps": 0.68,
        "epsdiluted": 0.67,
        "weightedAverageShsOut": 118663000,
        "weightedAverageShsOutDil": 120297000,
        "link": "https://www.sec.gov/Archives/edgar/data/1038357/000103835704000082/0001038357-04-000082-index.htm",
        "finalLink": "https://www.sec.gov/Archives/edgar/data/1038357/000103835704000082/septq04.txt"
    },
    {
        "date": "2004-06-30",
        "symbol": "PXD",
        "reportedCurrency": "USD",
        "cik": "0001038357",
        "fillingDate": "2004-08-04",
        "acceptedDate": "2004-08-03 18:40:23",
        "calendarYear": "2004",
        "period": "Q2",
        "revenue": 448371000,
        "costOfRevenue": 135248000,
        "grossProfit": 313123000,
        "grossProfitRatio": 0.698356941,
        "researchAndDevelopmentExpenses": 0,
        "generalAndAdministrativeExpenses": 0,
        "sellingAndMarketingExpenses": 0,
        "sellingGeneralAndAdministrativeExpenses": 17194000,
        "otherExpenses": 142750000,
        "operatingExpenses": 159944000,
        "costAndExpenses": 295192000,
        "interestIncome": 0,
        "interestExpense": 0,
        "depreciationAndAmortization": 120090000,
        "ebitda": 244697000,
        "ebitdaratio": 0.5457467142,
        "operatingIncome": 153179000,
        "operatingIncomeRatio": 0.3416344946,
        "totalOtherIncomeExpensesNet": -31718000,
        "incomeBeforeTax": 121461000,
        "incomeBeforeTaxRatio": 0.2708939695,
        "incomeTaxExpense": 51759000,
        "netIncome": 69702000,
        "netIncomeRatio": 0.1554560844,
        "eps": 0.59,
        "epsdiluted": 0.58,
        "weightedAverageShsOut": 118855000,
        "weightedAverageShsOutDil": 120402000,
        "link": "https://www.sec.gov/Archives/edgar/data/1038357/000103835704000037/0001038357-04-000037-index.htm",
        "finalLink": "https://www.sec.gov/Archives/edgar/data/1038357/000103835704000037/jun0410q.txt"
    },
    {
        "date": "2004-03-31",
        "symbol": "PXD",
        "reportedCurrency": "USD",
        "cik": "0001038357",
        "fillingDate": "2004-05-07",
        "acceptedDate": "2004-05-07 17:04:51",
        "calendarYear": "2004",
        "period": "Q1",
        "revenue": 448248000,
        "costOfRevenue": 169717000,
        "grossProfit": 278531000,
        "grossProfitRatio": 0.6213770056,
        "researchAndDevelopmentExpenses": 0,
        "generalAndAdministrativeExpenses": 0,
        "sellingAndMarketingExpenses": 0,
        "sellingGeneralAndAdministrativeExpenses": 18329000,
        "otherExpenses": 136499000,
        "operatingExpenses": 154828000,
        "costAndExpenses": 324545000,
        "interestIncome": 0,
        "interestExpense": 0,
        "depreciationAndAmortization": 130129000,
        "ebitda": 200597000,
        "ebitdaratio": 0.4475134301,
        "operatingIncome": 123703000,
        "operatingIncomeRatio": 0.2759699988,
        "totalOtherIncomeExpensesNet": -23738000,
        "incomeBeforeTax": 99965000,
        "incomeBeforeTaxRatio": 0.2230127073,
        "incomeTaxExpense": 39777000,
        "netIncome": 60188000,
        "netIncomeRatio": 0.1342738841,
        "eps": 0.51,
        "epsdiluted": 0.5,
        "weightedAverageShsOut": 118719000,
        "weightedAverageShsOutDil": 120264000,
        "link": "https://www.sec.gov/Archives/edgar/data/1038357/000103835704000018/0001038357-04-000018-index.htm",
        "finalLink": "https://www.sec.gov/Archives/edgar/data/1038357/000103835704000018/mar0410q.txt"
    },
    {
        "date": "2003-12-31",
        "symbol": "PXD",
        "reportedCurrency": "USD",
        "cik": "0001038357",
        "fillingDate": "2004-02-03",
        "acceptedDate": "2004-02-03 10:03:17",
        "calendarYear": "2003",
        "period": "Q4",
        "revenue": 339125000,
        "costOfRevenue": 99469000,
        "grossProfit": 239656000,
        "grossProfitRatio": 0.7066892739,
        "researchAndDevelopmentExpenses": 0,
        "generalAndAdministrativeExpenses": 0,
        "sellingAndMarketingExpenses": 0,
        "sellingGeneralAndAdministrativeExpenses": 16213000,
        "otherExpenses": 116698000,
        "operatingExpenses": 132911000,
        "costAndExpenses": 232380000,
        "interestIncome": 0,
        "interestExpense": 0,
        "depreciationAndAmortization": 96088000,
        "ebitda": 211915000,
        "ebitdaratio": 0.6248875783,
        "operatingIncome": 106745000,
        "operatingIncomeRatio": 0.3147659418,
        "totalOtherIncomeExpensesNet": -18813000,
        "incomeBeforeTax": 87932000,
        "incomeBeforeTaxRatio": 0.259290822,
        "incomeTaxExpense": 30558000,
        "netIncome": 57374000,
        "netIncomeRatio": 0.1691824548,
        "eps": 0.48,
        "epsdiluted": 0.48,
        "weightedAverageShsOut": 118278000,
        "weightedAverageShsOutDil": 118719000,
        "link": "https://www.sec.gov/Archives/edgar/data/1038357/000103835704000005/0001038357-04-000005-index.htm",
        "finalLink": "https://www.sec.gov/Archives/edgar/data/1038357/000103835704000005/pnr10k04.txt"
    },
    {
        "date": "2003-09-30",
        "symbol": "PXD",
        "reportedCurrency": "USD",
        "cik": "0001038357",
        "fillingDate": "2003-10-31",
        "acceptedDate": "2003-10-31 17:07:11",
        "calendarYear": "2003",
        "period": "Q3",
        "revenue": 332909000,
        "costOfRevenue": 96322000,
        "grossProfit": 236587000,
        "grossProfitRatio": 0.7106656774,
        "researchAndDevelopmentExpenses": 0,
        "generalAndAdministrativeExpenses": 0,
        "sellingAndMarketingExpenses": 0,
        "sellingGeneralAndAdministrativeExpenses": 15207000,
        "otherExpenses": 103534000,
        "operatingExpenses": 118741000,
        "costAndExpenses": 215063000,
        "interestIncome": 0,
        "interestExpense": 0,
        "depreciationAndAmortization": 112713000,
        "ebitda": 210882000,
        "ebitdaratio": 0.6334523849,
        "operatingIncome": 117846000,
        "operatingIncomeRatio": 0.3539886275,
        "totalOtherIncomeExpensesNet": -25928000,
        "incomeBeforeTax": 91918000,
        "incomeBeforeTaxRatio": 0.2761054823,
        "incomeTaxExpense": -99895000,
        "netIncome": 191813000,
        "netIncomeRatio": 0.5761724676,
        "eps": 1.64,
        "epsdiluted": 1.62,
        "weightedAverageShsOut": 117216000,
        "weightedAverageShsOutDil": 118457000,
        "link": "https://www.sec.gov/Archives/edgar/data/1038357/000103835703000037/0001038357-03-000037-index.htm",
        "finalLink": "https://www.sec.gov/Archives/edgar/data/1038357/000103835703000037/sepq03.txt"
    },
    {
        "date": "2003-06-30",
        "symbol": "PXD",
        "reportedCurrency": "USD",
        "cik": "0001038357",
        "fillingDate": "2003-07-31",
        "acceptedDate": "2003-07-31 16:32:59",
        "calendarYear": "2003",
        "period": "Q2",
        "revenue": 341318000,
        "costOfRevenue": 116604000,
        "grossProfit": 224714000,
        "grossProfitRatio": 0.6583713722,
        "researchAndDevelopmentExpenses": 0,
        "generalAndAdministrativeExpenses": 0,
        "sellingAndMarketingExpenses": 0,
        "sellingGeneralAndAdministrativeExpenses": 13644000,
        "otherExpenses": 100559000,
        "operatingExpenses": 114203000,
        "costAndExpenses": 230807000,
        "interestIncome": 0,
        "interestExpense": 0,
        "depreciationAndAmortization": 113727000,
        "ebitda": 208660000,
        "ebitdaratio": 0.6113360561,
        "operatingIncome": 110511000,
        "operatingIncomeRatio": 0.32377724,
        "totalOtherIncomeExpensesNet": -30696000,
        "incomeBeforeTax": 79815000,
        "incomeBeforeTaxRatio": 0.2338435125,
        "incomeTaxExpense": 2630000,
        "netIncome": 77185000,
        "netIncomeRatio": 0.2261380882,
        "eps": 0.66,
        "epsdiluted": 0.65,
        "weightedAverageShsOut": 117005000,
        "weightedAverageShsOutDil": 118969000,
        "link": "https://www.sec.gov/Archives/edgar/data/1038357/000103835703000030/0001038357-03-000030-index.htm",
        "finalLink": "https://www.sec.gov/Archives/edgar/data/1038357/000103835703000030/pnrjunq03.txt"
    },
    {
        "date": "2003-03-31",
        "symbol": "PXD",
        "reportedCurrency": "USD",
        "cik": "0001038357",
        "fillingDate": "2003-04-30",
        "acceptedDate": "2003-04-30 16:53:46",
        "calendarYear": "2003",
        "period": "Q1",
        "revenue": 285295000,
        "costOfRevenue": 99891000,
        "grossProfit": 185404000,
        "grossProfitRatio": 0.6498676808,
        "researchAndDevelopmentExpenses": 0,
        "generalAndAdministrativeExpenses": 0,
        "sellingAndMarketingExpenses": 0,
        "sellingGeneralAndAdministrativeExpenses": 15481000,
        "otherExpenses": 70049000,
        "operatingExpenses": 85530000,
        "costAndExpenses": 185421000,
        "interestIncome": 0,
        "interestExpense": 0,
        "depreciationAndAmortization": 47702000,
        "ebitda": 152422000,
        "ebitdaratio": 0.5342610281,
        "operatingIncome": 99874000,
        "operatingIncomeRatio": 0.3500727317,
        "totalOtherIncomeExpensesNet": -28763000,
        "incomeBeforeTax": 71111000,
        "incomeBeforeTaxRatio": 0.2492542807,
        "incomeTaxExpense": 2304000,
        "netIncome": 84220000,
        "netIncomeRatio": 0.2952032107,
        "eps": 0.72,
        "epsdiluted": 0.71,
        "weightedAverageShsOut": 116743000,
        "weightedAverageShsOutDil": 118675000,
        "link": "https://www.sec.gov/Archives/edgar/data/1038357/000103835703000018/0001038357-03-000018-index.htm",
        "finalLink": "https://www.sec.gov/Archives/edgar/data/1038357/000103835703000018/pnrmar10q.txt"
    },
    {
        "date": "2002-12-31",
        "symbol": "PXD",
        "reportedCurrency": "USD",
        "cik": "0001038357",
        "fillingDate": "2003-02-21",
        "acceptedDate": "2003-02-20 18:08:31",
        "calendarYear": "2002",
        "period": "Q4",
        "revenue": 197685000,
        "costOfRevenue": 0,
        "grossProfit": 197685000,
        "grossProfitRatio": 1,
        "researchAndDevelopmentExpenses": 0,
        "generalAndAdministrativeExpenses": 0,
        "sellingAndMarketingExpenses": 0,
        "sellingGeneralAndAdministrativeExpenses": 0,
        "otherExpenses": -550241000,
        "operatingExpenses": -550241000,
        "costAndExpenses": -550241000,
        "interestIncome": 0,
        "interestExpense": 0,
        "depreciationAndAmortization": 0,
        "ebitda": -352556000,
        "ebitdaratio": -1.7834231226,
        "operatingIncome": -352556000,
        "operatingIncomeRatio": -1.7834231226,
        "totalOtherIncomeExpensesNet": 0,
        "incomeBeforeTax": 0,
        "incomeBeforeTaxRatio": 0,
        "incomeTaxExpense": -18420000,
        "netIncome": 18420000,
        "netIncomeRatio": 0.0931785416,
        "eps": 0.16,
        "epsdiluted": 0.16,
        "weightedAverageShsOut": 116319000,
        "weightedAverageShsOutDil": 116743000,
        "link": "https://www.sec.gov/Archives/edgar/data/1038357/000103835703000009/0001038357-03-000009-index.htm",
        "finalLink": "https://www.sec.gov/Archives/edgar/data/1038357/000103835703000009/pnr10k02.txt"
    },
    {
        "date": "2002-09-30",
        "symbol": "PXD",
        "reportedCurrency": "USD",
        "cik": "0001038357",
        "fillingDate": "2002-10-31",
        "acceptedDate": "2002-10-31 16:59:04",
        "calendarYear": "2002",
        "period": "Q3",
        "revenue": 178753000,
        "costOfRevenue": 0,
        "grossProfit": 178753000,
        "grossProfitRatio": 1,
        "researchAndDevelopmentExpenses": 0,
        "generalAndAdministrativeExpenses": 0,
        "sellingAndMarketingExpenses": 0,
        "sellingGeneralAndAdministrativeExpenses": 0,
        "otherExpenses": 0,
        "operatingExpenses": 0,
        "costAndExpenses": 0,
        "interestIncome": 0,
        "interestExpense": 0,
        "depreciationAndAmortization": 0,
        "ebitda": 178753000,
        "ebitdaratio": 1,
        "operatingIncome": 178753000,
        "operatingIncomeRatio": 1,
        "totalOtherIncomeExpensesNet": 0,
        "incomeBeforeTax": 0,
        "incomeBeforeTaxRatio": 0,
        "incomeTaxExpense": 890000,
        "netIncome": -890000,
        "netIncomeRatio": -0.0049789374,
        "eps": -0.0077,
        "epsdiluted": -0.0075,
        "weightedAverageShsOut": 116193000,
        "weightedAverageShsOutDil": 118021000,
        "link": "https://www.sec.gov/Archives/edgar/data/1038357/000103835702000026/0001038357-02-000026-index.htm",
        "finalLink": "https://www.sec.gov/Archives/edgar/data/1038357/000103835702000026/sepq.txt"
    },
    {
        "date": "2002-06-30",
        "symbol": "PXD",
        "reportedCurrency": "USD",
        "cik": "0001038357",
        "fillingDate": "2002-08-02",
        "acceptedDate": "2002-08-01 21:44:31",
        "calendarYear": "2002",
        "period": "Q2",
        "revenue": 172430000,
        "costOfRevenue": 0,
        "grossProfit": 172430000,
        "grossProfitRatio": 1,
        "researchAndDevelopmentExpenses": 0,
        "generalAndAdministrativeExpenses": 0,
        "sellingAndMarketingExpenses": 0,
        "sellingGeneralAndAdministrativeExpenses": 0,
        "otherExpenses": 0,
        "operatingExpenses": 0,
        "costAndExpenses": 0,
        "interestIncome": 0,
        "interestExpense": 0,
        "depreciationAndAmortization": 0,
        "ebitda": 172430000,
        "ebitdaratio": 1,
        "operatingIncome": 172430000,
        "operatingIncomeRatio": 1,
        "totalOtherIncomeExpensesNet": 0,
        "incomeBeforeTax": 0,
        "incomeBeforeTaxRatio": 0,
        "incomeTaxExpense": -11142000,
        "netIncome": 11142000,
        "netIncomeRatio": 0.064617526,
        "eps": 0.1,
        "epsdiluted": 0.1,
        "weightedAverageShsOut": 113306000,
        "weightedAverageShsOutDil": 115239000,
        "link": "https://www.sec.gov/Archives/edgar/data/1038357/000103835702000022/0001038357-02-000022-index.htm",
        "finalLink": "https://www.sec.gov/Archives/edgar/data/1038357/000103835702000022/jun10q.txt"
    },
    {
        "date": "2002-03-31",
        "symbol": "PXD",
        "reportedCurrency": "USD",
        "cik": "0001038357",
        "fillingDate": "2002-05-14",
        "acceptedDate": "2002-05-13 19:29:33",
        "calendarYear": "2002",
        "period": "Q1",
        "revenue": 165539000,
        "costOfRevenue": 0,
        "grossProfit": 165539000,
        "grossProfitRatio": 1,
        "researchAndDevelopmentExpenses": 0,
        "generalAndAdministrativeExpenses": 0,
        "sellingAndMarketingExpenses": 0,
        "sellingGeneralAndAdministrativeExpenses": 0,
        "otherExpenses": 0,
        "operatingExpenses": 0,
        "costAndExpenses": 0,
        "interestIncome": 0,
        "interestExpense": 0,
        "depreciationAndAmortization": 0,
        "ebitda": 165539000,
        "ebitdaratio": 1,
        "operatingIncome": 165539000,
        "operatingIncomeRatio": 1,
        "totalOtherIncomeExpensesNet": 0,
        "incomeBeforeTax": 0,
        "incomeBeforeTaxRatio": 0,
        "incomeTaxExpense": 1959000,
        "netIncome": -1959000,
        "netIncomeRatio": -0.0118340693,
        "eps": -0.0188,
        "epsdiluted": -0.0188,
        "weightedAverageShsOut": 104055000,
        "weightedAverageShsOutDil": 104055000,
        "link": "https://www.sec.gov/Archives/edgar/data/1038357/000103835702000015/0001038357-02-000015-index.htm",
        "finalLink": "https://www.sec.gov/Archives/edgar/data/1038357/000103835702000015/m02pnr.txt"
    },
    {
        "date": "2001-12-31",
        "symbol": "PXD",
        "reportedCurrency": "USD",
        "cik": "0001038357",
        "fillingDate": "2002-03-07",
        "acceptedDate": "2002-03-07 00:00:00",
        "calendarYear": "2001",
        "period": "Q4",
        "revenue": 172337000,
        "costOfRevenue": 0,
        "grossProfit": 172337000,
        "grossProfitRatio": 1,
        "researchAndDevelopmentExpenses": 0,
        "generalAndAdministrativeExpenses": 0,
        "sellingAndMarketingExpenses": 0,
        "sellingGeneralAndAdministrativeExpenses": 0,
        "otherExpenses": 0,
        "operatingExpenses": 0,
        "costAndExpenses": 0,
        "interestIncome": 0,
        "interestExpense": 0,
        "depreciationAndAmortization": 0,
        "ebitda": 172337000,
        "ebitdaratio": 1,
        "operatingIncome": 172337000,
        "operatingIncomeRatio": 1,
        "totalOtherIncomeExpensesNet": 0,
        "incomeBeforeTax": 0,
        "incomeBeforeTaxRatio": 0,
        "incomeTaxExpense": 20863000,
        "netIncome": -20863000,
        "netIncomeRatio": -0.1210593198,
        "eps": -0.2,
        "epsdiluted": -0.2,
        "weightedAverageShsOut": 104055000,
        "weightedAverageShsOutDil": 104055000,
        "link": "https://www.sec.gov/Archives/edgar/data/1038357/000103835702000007/0001038357-02-000007-index.htm",
        "finalLink": "https://www.sec.gov/Archives/edgar/data/1038357/000103835702000007/p10k02.txt"
    },
    {
        "date": "2001-09-30",
        "symbol": "PXD",
        "reportedCurrency": "USD",
        "cik": "0001038357",
        "fillingDate": "2001-10-26",
        "acceptedDate": "2001-10-26 00:00:00",
        "calendarYear": "2001",
        "period": "Q3",
        "revenue": 198088000,
        "costOfRevenue": 0,
        "grossProfit": 198088000,
        "grossProfitRatio": 1,
        "researchAndDevelopmentExpenses": 0,
        "generalAndAdministrativeExpenses": 0,
        "sellingAndMarketingExpenses": 0,
        "sellingGeneralAndAdministrativeExpenses": 0,
        "otherExpenses": 0,
        "operatingExpenses": 0,
        "costAndExpenses": 0,
        "interestIncome": 0,
        "interestExpense": 0,
        "depreciationAndAmortization": 0,
        "ebitda": 198088000,
        "ebitdaratio": 1,
        "operatingIncome": 198088000,
        "operatingIncomeRatio": 1,
        "totalOtherIncomeExpensesNet": 0,
        "incomeBeforeTax": 0,
        "incomeBeforeTaxRatio": 0,
        "incomeTaxExpense": -24602000,
        "netIncome": 24602000,
        "netIncomeRatio": 0.1241973264,
        "eps": 0.25,
        "epsdiluted": 0.25,
        "weightedAverageShsOut": 98468000,
        "weightedAverageShsOutDil": 99523000,
        "link": "https://www.sec.gov/Archives/edgar/data/1038357/000103835701500024/0001038357-01-500024-index.htm",
        "finalLink": "https://www.sec.gov/Archives/edgar/data/1038357/000103835701500024/psep10q.txt"
    },
    {
        "date": "2001-06-30",
        "symbol": "PXD",
        "reportedCurrency": "USD",
        "cik": "0001038357",
        "fillingDate": "2001-08-07",
        "acceptedDate": "2001-08-07 00:00:00",
        "calendarYear": "2001",
        "period": "Q2",
        "revenue": 218611000,
        "costOfRevenue": 0,
        "grossProfit": 218611000,
        "grossProfitRatio": 1,
        "researchAndDevelopmentExpenses": 0,
        "generalAndAdministrativeExpenses": 0,
        "sellingAndMarketingExpenses": 0,
        "sellingGeneralAndAdministrativeExpenses": 0,
        "otherExpenses": 0,
        "operatingExpenses": 0,
        "costAndExpenses": 0,
        "interestIncome": 0,
        "interestExpense": 0,
        "depreciationAndAmortization": 0,
        "ebitda": 218611000,
        "ebitdaratio": 1,
        "operatingIncome": 218611000,
        "operatingIncomeRatio": 1,
        "totalOtherIncomeExpensesNet": 0,
        "incomeBeforeTax": 0,
        "incomeBeforeTaxRatio": 0,
        "incomeTaxExpense": -28338000,
        "netIncome": 28338000,
        "netIncomeRatio": 0.1296275119,
        "eps": 0.29,
        "epsdiluted": 0.28,
        "weightedAverageShsOut": 98337000,
        "weightedAverageShsOutDil": 99700000,
        "link": "https://www.sec.gov/Archives/edgar/data/1038357/000103835701500016/0001038357-01-500016-index.htm",
        "finalLink": "https://www.sec.gov/Archives/edgar/data/1038357/000103835701500016/jun01pnra.txt"
    },
    {
        "date": "2001-03-31",
        "symbol": "PXD",
        "reportedCurrency": "USD",
        "cik": "0001038357",
        "fillingDate": "2001-05-14",
        "acceptedDate": "2001-05-14 00:00:00",
        "calendarYear": "2001",
        "period": "Q1",
        "revenue": 257986000,
        "costOfRevenue": 0,
        "grossProfit": 257986000,
        "grossProfitRatio": 1,
        "researchAndDevelopmentExpenses": 0,
        "generalAndAdministrativeExpenses": 0,
        "sellingAndMarketingExpenses": 0,
        "sellingGeneralAndAdministrativeExpenses": 0,
        "otherExpenses": 0,
        "operatingExpenses": 0,
        "costAndExpenses": 0,
        "interestIncome": 0,
        "interestExpense": 0,
        "depreciationAndAmortization": 0,
        "ebitda": 257986000,
        "ebitdaratio": 1,
        "operatingIncome": 257986000,
        "operatingIncomeRatio": 1,
        "totalOtherIncomeExpensesNet": 0,
        "incomeBeforeTax": 0,
        "incomeBeforeTaxRatio": 0,
        "incomeTaxExpense": -67919000,
        "netIncome": 67919000,
        "netIncomeRatio": 0.2632662237,
        "eps": 0.69,
        "epsdiluted": 0.68,
        "weightedAverageShsOut": 98379000,
        "weightedAverageShsOutDil": 98379000,
        "link": "https://www.sec.gov/Archives/edgar/data/1038357/000103835701500008/0001038357-01-500008-index.htm",
        "finalLink": "https://www.sec.gov/Archives/edgar/data/1038357/000103835701500008/pnr0301.txt"
    },
    {
        "date": "2000-12-31",
        "symbol": "PXD",
        "reportedCurrency": "USD",
        "cik": "0001038357",
        "fillingDate": "2001-02-27",
        "acceptedDate": "2001-02-27 00:00:00",
        "calendarYear": "2000",
        "period": "Q4",
        "revenue": 251829000,
        "costOfRevenue": 0,
        "grossProfit": 251829000,
        "grossProfitRatio": 1,
        "researchAndDevelopmentExpenses": 0,
        "generalAndAdministrativeExpenses": 0,
        "sellingAndMarketingExpenses": 0,
        "sellingGeneralAndAdministrativeExpenses": 0,
        "otherExpenses": 0,
        "operatingExpenses": 0,
        "costAndExpenses": 0,
        "interestIncome": 0,
        "interestExpense": 0,
        "depreciationAndAmortization": 0,
        "ebitda": 251829000,
        "ebitdaratio": 1,
        "operatingIncome": 251829000,
        "operatingIncomeRatio": 1,
        "totalOtherIncomeExpensesNet": 0,
        "incomeBeforeTax": 0,
        "incomeBeforeTaxRatio": 0,
        "incomeTaxExpense": -84184000,
        "netIncome": 84184000,
        "netIncomeRatio": 0.3342903319,
        "eps": 0.86,
        "epsdiluted": 0.86,
        "weightedAverageShsOut": 98379000,
        "weightedAverageShsOutDil": 98379000,
        "link": "https://www.sec.gov/Archives/edgar/data/1038357/000103835701000008/0001038357-01-000008-index.htm",
        "finalLink": "https://www.sec.gov/Archives/edgar/data/1038357/000103835701000008/0001038357-01-000008-0001.txt"
    },
    {
        "date": "2000-09-30",
        "symbol": "PXD",
        "reportedCurrency": "USD",
        "cik": "0001038357",
        "fillingDate": "2000-11-14",
        "acceptedDate": "2000-11-14 00:00:00",
        "calendarYear": "2000",
        "period": "Q3",
        "revenue": 228587000,
        "costOfRevenue": 0,
        "grossProfit": 228587000,
        "grossProfitRatio": 1,
        "researchAndDevelopmentExpenses": 0,
        "generalAndAdministrativeExpenses": 0,
        "sellingAndMarketingExpenses": 0,
        "sellingGeneralAndAdministrativeExpenses": 0,
        "otherExpenses": 0,
        "operatingExpenses": 0,
        "costAndExpenses": 0,
        "interestIncome": 0,
        "interestExpense": 0,
        "depreciationAndAmortization": 0,
        "ebitda": 228587000,
        "ebitdaratio": 1,
        "operatingIncome": 228587000,
        "operatingIncomeRatio": 1,
        "totalOtherIncomeExpensesNet": 0,
        "incomeBeforeTax": 0,
        "incomeBeforeTaxRatio": 0,
        "incomeTaxExpense": -69288000,
        "netIncome": 69288000,
        "netIncomeRatio": 0.3031143503,
        "eps": 0.7,
        "epsdiluted": 0.69,
        "weightedAverageShsOut": 99312000,
        "weightedAverageShsOutDil": 99804000,
        "link": "https://www.sec.gov/Archives/edgar/data/1038357/000103835700000027/0001038357-00-000027-index.htm",
        "finalLink": "https://www.sec.gov/Archives/edgar/data/1038357/000103835700000027/0001038357-00-000027-0001.txt"
    },
    {
        "date": "2000-06-30",
        "symbol": "PXD",
        "reportedCurrency": "USD",
        "cik": "0001038357",
        "fillingDate": "2000-08-10",
        "acceptedDate": "2000-08-10 00:00:00",
        "calendarYear": "2000",
        "period": "Q2",
        "revenue": 197947000,
        "costOfRevenue": 0,
        "grossProfit": 197947000,
        "grossProfitRatio": 1,
        "researchAndDevelopmentExpenses": 0,
        "generalAndAdministrativeExpenses": 0,
        "sellingAndMarketingExpenses": 0,
        "sellingGeneralAndAdministrativeExpenses": 0,
        "otherExpenses": 0,
        "operatingExpenses": 0,
        "costAndExpenses": 0,
        "interestIncome": 0,
        "interestExpense": 0,
        "depreciationAndAmortization": 0,
        "ebitda": 197947000,
        "ebitdaratio": 1,
        "operatingIncome": 197947000,
        "operatingIncomeRatio": 1,
        "totalOtherIncomeExpensesNet": 0,
        "incomeBeforeTax": 0,
        "incomeBeforeTaxRatio": 0,
        "incomeTaxExpense": 16061000,
        "netIncome": -16061000,
        "netIncomeRatio": -0.0811378803,
        "eps": -0.16,
        "epsdiluted": -0.16,
        "weightedAverageShsOut": 99683000,
        "weightedAverageShsOutDil": 99683000,
        "link": "https://www.sec.gov/Archives/edgar/data/1038357/000103835700000022/0001038357-00-000022-index.htm",
        "finalLink": "https://www.sec.gov/Archives/edgar/data/1038357/000103835700000022/0001038357-00-000022-0001.txt"
    },
    {
        "date": "2000-03-31",
        "symbol": "PXD",
        "reportedCurrency": "USD",
        "cik": "0001038357",
        "fillingDate": "2000-05-11",
        "acceptedDate": "2000-05-11 00:00:00",
        "calendarYear": "2000",
        "period": "Q1",
        "revenue": 174375000,
        "costOfRevenue": 0,
        "grossProfit": 174375000,
        "grossProfitRatio": 1,
        "researchAndDevelopmentExpenses": 0,
        "generalAndAdministrativeExpenses": 0,
        "sellingAndMarketingExpenses": 0,
        "sellingGeneralAndAdministrativeExpenses": 0,
        "otherExpenses": 0,
        "operatingExpenses": 0,
        "costAndExpenses": 0,
        "interestIncome": 0,
        "interestExpense": 0,
        "depreciationAndAmortization": 0,
        "ebitda": 174375000,
        "ebitdaratio": 1,
        "operatingIncome": 174375000,
        "operatingIncomeRatio": 1,
        "totalOtherIncomeExpensesNet": 0,
        "incomeBeforeTax": 0,
        "incomeBeforeTaxRatio": 0,
        "incomeTaxExpense": -14770000,
        "netIncome": 14770000,
        "netIncomeRatio": 0.084702509,
        "eps": 0.15,
        "epsdiluted": 0.15,
        "weightedAverageShsOut": 100163000,
        "weightedAverageShsOutDil": 100163000,
        "link": "https://www.sec.gov/Archives/edgar/data/1038357/000103835700000011/0001038357-00-000011-index.html",
        "finalLink": "https://www.sec.gov/Archives/edgar/data/1038357/000103835700000011/"
    },
    {
        "date": "1999-12-31",
        "symbol": "PXD",
        "reportedCurrency": "USD",
        "cik": "0001038357",
        "fillingDate": "2000-03-02",
        "acceptedDate": "2000-03-02 00:00:00",
        "calendarYear": "1999",
        "period": "Q4",
        "revenue": 163400000,
        "costOfRevenue": 0,
        "grossProfit": 163400000,
        "grossProfitRatio": 1,
        "researchAndDevelopmentExpenses": 0,
        "generalAndAdministrativeExpenses": 0,
        "sellingAndMarketingExpenses": 0,
        "sellingGeneralAndAdministrativeExpenses": 0,
        "otherExpenses": 0,
        "operatingExpenses": 0,
        "costAndExpenses": 0,
        "interestIncome": 0,
        "interestExpense": 0,
        "depreciationAndAmortization": 0,
        "ebitda": 163400000,
        "ebitdaratio": 1,
        "operatingIncome": 163400000,
        "operatingIncomeRatio": 1,
        "totalOtherIncomeExpensesNet": 0,
        "incomeBeforeTax": 0,
        "incomeBeforeTaxRatio": 0,
        "incomeTaxExpense": -8200000,
        "netIncome": 8200000,
        "netIncomeRatio": 0.0501835985,
        "eps": 0.0819,
        "epsdiluted": 0.0819,
        "weightedAverageShsOut": 100163000,
        "weightedAverageShsOutDil": 100163000,
        "link": "https://www.sec.gov/Archives/edgar/data/1038357/000103835700000002/0001038357-00-000002-index.html",
        "finalLink": "https://www.sec.gov/Archives/edgar/data/1038357/000103835700000002/"
    },
    {
        "date": "1999-09-30",
        "symbol": "PXD",
        "reportedCurrency": "USD",
        "cik": "0001038357",
        "fillingDate": "1999-11-10",
        "acceptedDate": "1999-11-10 00:00:00",
        "calendarYear": "1999",
        "period": "Q3",
        "revenue": 159900000,
        "costOfRevenue": 0,
        "grossProfit": 159900000,
        "grossProfitRatio": 1,
        "researchAndDevelopmentExpenses": 0,
        "generalAndAdministrativeExpenses": 0,
        "sellingAndMarketingExpenses": 0,
        "sellingGeneralAndAdministrativeExpenses": 0,
        "otherExpenses": 0,
        "operatingExpenses": 0,
        "costAndExpenses": 0,
        "interestIncome": 0,
        "interestExpense": 0,
        "depreciationAndAmortization": 0,
        "ebitda": 159900000,
        "ebitdaratio": 1,
        "operatingIncome": 159900000,
        "operatingIncomeRatio": 1,
        "totalOtherIncomeExpensesNet": 0,
        "incomeBeforeTax": 0,
        "incomeBeforeTaxRatio": 0,
        "incomeTaxExpense": -46400000,
        "netIncome": 46400000,
        "netIncomeRatio": 0.2901813634,
        "eps": 0.46,
        "epsdiluted": 0.46,
        "weightedAverageShsOut": 100869565,
        "weightedAverageShsOutDil": 100869565,
        "link": "https://www.sec.gov/Archives/edgar/data/1038357/000095013499009639/0000950134-99-009639-index.html",
        "finalLink": "https://www.sec.gov/Archives/edgar/data/1038357/000095013499009639/"
    },
    {
        "date": "1999-06-30",
        "symbol": "PXD",
        "reportedCurrency": "USD",
        "cik": "0001038357",
        "fillingDate": "1999-08-11",
        "acceptedDate": "1999-08-11 00:00:00",
        "calendarYear": "1999",
        "period": "Q2",
        "revenue": 174200000,
        "costOfRevenue": 0,
        "grossProfit": 174200000,
        "grossProfitRatio": 1,
        "researchAndDevelopmentExpenses": 0,
        "generalAndAdministrativeExpenses": 0,
        "sellingAndMarketingExpenses": 0,
        "sellingGeneralAndAdministrativeExpenses": 0,
        "otherExpenses": 0,
        "operatingExpenses": 0,
        "costAndExpenses": 0,
        "interestIncome": 0,
        "interestExpense": 0,
        "depreciationAndAmortization": 0,
        "ebitda": 174200000,
        "ebitdaratio": 1,
        "operatingIncome": 174200000,
        "operatingIncomeRatio": 1,
        "totalOtherIncomeExpensesNet": 0,
        "incomeBeforeTax": 0,
        "incomeBeforeTaxRatio": 0,
        "incomeTaxExpense": 74600000,
        "netIncome": -74600000,
        "netIncomeRatio": -0.4282433984,
        "eps": -0.74,
        "epsdiluted": -0.74,
        "weightedAverageShsOut": 100810811,
        "weightedAverageShsOutDil": 100810811,
        "link": "https://www.sec.gov/Archives/edgar/data/1038357/000103835799000006/0001038357-99-000006-index.html",
        "finalLink": "https://www.sec.gov/Archives/edgar/data/1038357/000103835799000006/"
    },
    {
        "date": "1999-03-31",
        "symbol": "PXD",
        "reportedCurrency": "USD",
        "cik": "0001038357",
        "fillingDate": "1999-05-10",
        "acceptedDate": "1999-05-10 00:00:00",
        "calendarYear": "1999",
        "period": "Q1",
        "revenue": 147200000,
        "costOfRevenue": 0,
        "grossProfit": 147200000,
        "grossProfitRatio": 1,
        "researchAndDevelopmentExpenses": 0,
        "generalAndAdministrativeExpenses": 0,
        "sellingAndMarketingExpenses": 0,
        "sellingGeneralAndAdministrativeExpenses": 0,
        "otherExpenses": 0,
        "operatingExpenses": 0,
        "costAndExpenses": 0,
        "interestIncome": 0,
        "interestExpense": 0,
        "depreciationAndAmortization": 0,
        "ebitda": 147200000,
        "ebitdaratio": 1,
        "operatingIncome": 147200000,
        "operatingIncomeRatio": 1,
        "totalOtherIncomeExpensesNet": 0,
        "incomeBeforeTax": 0,
        "incomeBeforeTaxRatio": 0,
        "incomeTaxExpense": 2500000,
        "netIncome": -2500000,
        "netIncomeRatio": -0.0169836957,
        "eps": -0.02,
        "epsdiluted": -0.02,
        "weightedAverageShsOut": 125000000,
        "weightedAverageShsOutDil": 125000000,
        "link": "https://www.sec.gov/Archives/edgar/data/1038357/000095013499003737/0000950134-99-003737-index.html",
        "finalLink": "https://www.sec.gov/Archives/edgar/data/1038357/"
    },
    {
        "date": "1998-12-31",
        "symbol": "PXD",
        "reportedCurrency": "USD",
        "cik": "0001038357",
        "fillingDate": "1999-03-23",
        "acceptedDate": "1999-03-23 00:00:00",
        "calendarYear": "1998",
        "period": "Q4",
        "revenue": 157000000,
        "costOfRevenue": 0,
        "grossProfit": 157000000,
        "grossProfitRatio": 1,
        "researchAndDevelopmentExpenses": 0,
        "generalAndAdministrativeExpenses": 0,
        "sellingAndMarketingExpenses": 0,
        "sellingGeneralAndAdministrativeExpenses": 0,
        "otherExpenses": 0,
        "operatingExpenses": 0,
        "costAndExpenses": 0,
        "interestIncome": 0,
        "interestExpense": 0,
        "depreciationAndAmortization": 0,
        "ebitda": 157000000,
        "ebitdaratio": 1,
        "operatingIncome": 157000000,
        "operatingIncomeRatio": 1,
        "totalOtherIncomeExpensesNet": 0,
        "incomeBeforeTax": 0,
        "incomeBeforeTaxRatio": 0,
        "incomeTaxExpense": 642800000,
        "netIncome": -642800000,
        "netIncomeRatio": -4.0942675159,
        "eps": -5.14,
        "epsdiluted": -5.14,
        "weightedAverageShsOut": 125000000,
        "weightedAverageShsOutDil": 125000000,
        "link": "https://www.sec.gov/Archives/edgar/data/1038357/000095013499001887/0000950134-99-001887-index.html",
        "finalLink": "https://www.sec.gov/Archives/edgar/data/1038357/"
    },
    {
        "date": "1998-09-30",
        "symbol": "PXD",
        "reportedCurrency": "USD",
        "cik": "0001038357",
        "fillingDate": "1998-11-13",
        "acceptedDate": "1998-11-13 00:00:00",
        "calendarYear": "1998",
        "period": "Q3",
        "revenue": 173500000,
        "costOfRevenue": 0,
        "grossProfit": 173500000,
        "grossProfitRatio": 1,
        "researchAndDevelopmentExpenses": 0,
        "generalAndAdministrativeExpenses": 0,
        "sellingAndMarketingExpenses": 0,
        "sellingGeneralAndAdministrativeExpenses": 0,
        "otherExpenses": 0,
        "operatingExpenses": 0,
        "costAndExpenses": 0,
        "interestIncome": 0,
        "interestExpense": 0,
        "depreciationAndAmortization": 0,
        "ebitda": 173500000,
        "ebitdaratio": 1,
        "operatingIncome": 173500000,
        "operatingIncomeRatio": 1,
        "totalOtherIncomeExpensesNet": 0,
        "incomeBeforeTax": 0,
        "incomeBeforeTaxRatio": 0,
        "incomeTaxExpense": 43900000,
        "netIncome": -43900000,
        "netIncomeRatio": -0.2530259366,
        "eps": -0.44,
        "epsdiluted": -0.44,
        "weightedAverageShsOut": 99772727,
        "weightedAverageShsOutDil": 99772727,
        "link": "https://www.sec.gov/Archives/edgar/data/1038357/000103835798000019/0001038357-98-000019-index.html",
        "finalLink": "https://www.sec.gov/Archives/edgar/data/1038357/"
    },
    {
        "date": "1998-06-30",
        "symbol": "PXD",
        "reportedCurrency": "USD",
        "cik": "0001038357",
        "fillingDate": "1998-08-13",
        "acceptedDate": "1998-08-13 00:00:00",
        "calendarYear": "1998",
        "period": "Q2",
        "revenue": 183600000,
        "costOfRevenue": 0,
        "grossProfit": 183600000,
        "grossProfitRatio": 1,
        "researchAndDevelopmentExpenses": 0,
        "generalAndAdministrativeExpenses": 0,
        "sellingAndMarketingExpenses": 0,
        "sellingGeneralAndAdministrativeExpenses": 0,
        "otherExpenses": 0,
        "operatingExpenses": 0,
        "costAndExpenses": 0,
        "interestIncome": 0,
        "interestExpense": 0,
        "depreciationAndAmortization": 0,
        "ebitda": 183600000,
        "ebitdaratio": 1,
        "operatingIncome": 183600000,
        "operatingIncomeRatio": 1,
        "totalOtherIncomeExpensesNet": 0,
        "incomeBeforeTax": 0,
        "incomeBeforeTaxRatio": 0,
        "incomeTaxExpense": 32800000,
        "netIncome": -32800000,
        "netIncomeRatio": -0.1786492375,
        "eps": -0.33,
        "epsdiluted": -0.33,
        "weightedAverageShsOut": 99393939,
        "weightedAverageShsOutDil": 99393939,
        "link": "https://www.sec.gov/Archives/edgar/data/1038357/000103835798000017/0001038357-98-000017-index.html",
        "finalLink": "https://www.sec.gov/Archives/edgar/data/1038357/"
    },
    {
        "date": "1998-03-31",
        "symbol": "PXD",
        "reportedCurrency": "USD",
        "cik": "0001038357",
        "fillingDate": "1998-05-08",
        "acceptedDate": "1998-05-08 00:00:00",
        "calendarYear": "1998",
        "period": "Q1",
        "revenue": 197400000,
        "costOfRevenue": 0,
        "grossProfit": 197400000,
        "grossProfitRatio": 1,
        "researchAndDevelopmentExpenses": 0,
        "generalAndAdministrativeExpenses": 0,
        "sellingAndMarketingExpenses": 0,
        "sellingGeneralAndAdministrativeExpenses": 0,
        "otherExpenses": 0,
        "operatingExpenses": 0,
        "costAndExpenses": 0,
        "interestIncome": 0,
        "interestExpense": 0,
        "depreciationAndAmortization": 0,
        "ebitda": 197400000,
        "ebitdaratio": 1,
        "operatingIncome": 197400000,
        "operatingIncomeRatio": 1,
        "totalOtherIncomeExpensesNet": 0,
        "incomeBeforeTax": 0,
        "incomeBeforeTaxRatio": 0,
        "incomeTaxExpense": 26800000,
        "netIncome": -26800000,
        "netIncomeRatio": -0.1357649443,
        "eps": -0.27,
        "epsdiluted": -0.27,
        "weightedAverageShsOut": 99259259,
        "weightedAverageShsOutDil": 99259259,
        "link": "https://www.sec.gov/Archives/edgar/data/1038357/000103835798000007/0001038357-98-000007-index.html",
        "finalLink": "https://www.sec.gov/Archives/edgar/data/1038357/"
    },
    {
        "date": "1997-12-31",
        "symbol": "PXD",
        "reportedCurrency": "USD",
        "cik": "0001038357",
        "fillingDate": "1998-03-19",
        "acceptedDate": "1998-03-19 00:00:00",
        "calendarYear": "1997",
        "period": "Q4",
        "revenue": 187800000,
        "costOfRevenue": 0,
        "grossProfit": 187800000,
        "grossProfitRatio": 1,
        "researchAndDevelopmentExpenses": 0,
        "generalAndAdministrativeExpenses": 0,
        "sellingAndMarketingExpenses": 0,
        "sellingGeneralAndAdministrativeExpenses": 0,
        "otherExpenses": 0,
        "operatingExpenses": 0,
        "costAndExpenses": 0,
        "interestIncome": 0,
        "interestExpense": 0,
        "depreciationAndAmortization": 0,
        "ebitda": 187800000,
        "ebitdaratio": 1,
        "operatingIncome": 187800000,
        "operatingIncomeRatio": 1,
        "totalOtherIncomeExpensesNet": 0,
        "incomeBeforeTax": 0,
        "incomeBeforeTaxRatio": 0,
        "incomeTaxExpense": 904200000,
        "netIncome": -904200000,
        "netIncomeRatio": -4.8146964856,
        "eps": -9.11,
        "epsdiluted": -9.11,
        "weightedAverageShsOut": 99259259,
        "weightedAverageShsOutDil": 99259259,
        "link": "https://www.sec.gov/Archives/edgar/data/1038357/000103835798000005/0001038357-98-000005-index.html",
        "finalLink": "https://www.sec.gov/Archives/edgar/data/1038357/"
    },
    {
        "date": "1997-09-30",
        "symbol": "PXD",
        "reportedCurrency": "USD",
        "cik": "0001038357",
        "fillingDate": "1997-11-14",
        "acceptedDate": "1997-11-14 00:00:00",
        "calendarYear": "1997",
        "period": "Q3",
        "revenue": 150400000,
        "costOfRevenue": 0,
        "grossProfit": 150400000,
        "grossProfitRatio": 1,
        "researchAndDevelopmentExpenses": 0,
        "generalAndAdministrativeExpenses": 0,
        "sellingAndMarketingExpenses": 0,
        "sellingGeneralAndAdministrativeExpenses": 0,
        "otherExpenses": 0,
        "operatingExpenses": 0,
        "costAndExpenses": 0,
        "interestIncome": 0,
        "interestExpense": 0,
        "depreciationAndAmortization": 0,
        "ebitda": 150400000,
        "ebitdaratio": 1,
        "operatingIncome": 150400000,
        "operatingIncomeRatio": 1,
        "totalOtherIncomeExpensesNet": 0,
        "incomeBeforeTax": 0,
        "incomeBeforeTaxRatio": 0,
        "incomeTaxExpense": 12500000,
        "netIncome": -12500000,
        "netIncomeRatio": -0.0831117021,
        "eps": -0.21,
        "epsdiluted": -0.21,
        "weightedAverageShsOut": 59523810,
        "weightedAverageShsOutDil": 59523810,
        "link": "https://www.sec.gov/Archives/edgar/data/1038357/000103835797000005/0001038357-97-000005-index.html",
        "finalLink": "https://www.sec.gov/Archives/edgar/data/1038357/"
    },
    {
        "date": "1997-06-30",
        "symbol": "PXD",
        "reportedCurrency": "USD",
        "cik": "0001038357",
        "fillingDate": "1997-08-14",
        "acceptedDate": "1997-08-14 00:00:00",
        "calendarYear": "1997",
        "period": "Q2",
        "revenue": 102100000,
        "costOfRevenue": 0,
        "grossProfit": 102100000,
        "grossProfitRatio": 1,
        "researchAndDevelopmentExpenses": 0,
        "generalAndAdministrativeExpenses": 0,
        "sellingAndMarketingExpenses": 0,
        "sellingGeneralAndAdministrativeExpenses": 0,
        "otherExpenses": 0,
        "operatingExpenses": 0,
        "costAndExpenses": 0,
        "interestIncome": 0,
        "interestExpense": 0,
        "depreciationAndAmortization": 0,
        "ebitda": 102100000,
        "ebitdaratio": 1,
        "operatingIncome": 102100000,
        "operatingIncomeRatio": 1,
        "totalOtherIncomeExpensesNet": 0,
        "incomeBeforeTax": 0,
        "incomeBeforeTaxRatio": 0,
        "incomeTaxExpense": -12900000,
        "netIncome": 12900000,
        "netIncomeRatio": 0.1263467189,
        "eps": 0.21,
        "epsdiluted": 0.21,
        "weightedAverageShsOut": 61428571,
        "weightedAverageShsOutDil": 61428571,
        "link": "https://www.sec.gov/Archives/edgar/data/1038357/000103835797000001/0001038357-97-000001-index.html",
        "finalLink": "https://www.sec.gov/Archives/edgar/data/1038357/"
    },
    {
        "date": "1997-03-31",
        "symbol": "PXD",
        "reportedCurrency": "USD",
        "cik": "0001038357",
        "fillingDate": "1997-03-31",
        "acceptedDate": "1997-03-30 19:00:00",
        "calendarYear": "1997",
        "period": "Q1",
        "revenue": 102000000,
        "costOfRevenue": 0,
        "grossProfit": 102000000,
        "grossProfitRatio": 1,
        "researchAndDevelopmentExpenses": 0,
        "generalAndAdministrativeExpenses": 0,
        "sellingAndMarketingExpenses": 0,
        "sellingGeneralAndAdministrativeExpenses": 0,
        "otherExpenses": 0,
        "operatingExpenses": 0,
        "costAndExpenses": 0,
        "interestIncome": 0,
        "interestExpense": 0,
        "depreciationAndAmortization": 0,
        "ebitda": 102000000,
        "ebitdaratio": 1,
        "operatingIncome": 102000000,
        "operatingIncomeRatio": 1,
        "totalOtherIncomeExpensesNet": 0,
        "incomeBeforeTax": 0,
        "incomeBeforeTaxRatio": 0,
        "incomeTaxExpense": -13000000,
        "netIncome": 13000000,
        "netIncomeRatio": 0.1274509804,
        "eps": 0.53,
        "epsdiluted": 0.53,
        "weightedAverageShsOut": 73078000,
        "weightedAverageShsOutDil": 73078000,
        "link": "",
        "finalLink": ""
    }
]